{"path_per_floor":["M","M","$","?","?","E","M","R","T","M","R","M","$","M","R","B",null,"M","?","M","?","M","R","E","R","T","?","R","M","R","E","R","B",null,"M","M","$","?","?","E","M","R","T","R","?","M","M","M","R","B"],"character_chosen":"IRONCLAD","items_purchased":["Pommel Strike","Madness"],"gold_per_floor":[117,128,27,27,102,137,154,154,227,246,246,256,53,71,71,173,173,186,186,198,113,132,132,165,165,165,165,165,183,183,211,211,314,314,325,344,219,219,274,303,321,321,397,397,397,414,431,447,447,447],"floor_reached":51,"campfire_rested":0,"playtime":2322,"current_hp_per_floor":[80,78,78,78,67,35,43,43,43,47,47,48,48,48,48,42,71,73,73,80,80,54,54,55,55,55,55,55,57,57,71,71,80,80,80,80,80,70,80,44,80,80,80,80,80,80,80,80,80,80],"items_purged":["Strike_R","Strike_R","Defend_R"],"gold":447,"score":759,"play_id":"d4e4c490-b6b1-4f43-9141-ed7f71f72f37","is_prod":false,"is_daily":false,"is_ascension_mode":true,"campfire_upgraded":8,"path_taken":["M","M","$","?","?","E","M","R","T","M","R","M","$","M","R","BOSS","M","?","M","?","?","R","E","R","T","?","R","M","R","E","R","BOSS","M","M","$","?","?","E","M","R","T","R","?","M","M","M","R","BOSS"],"build_version":"2018-02-12-PROD1","purchased_purges":3,"victory":true,"master_deck":["Defend_R+1","Defend_R+1","Defend_R+1","Bash","Headbutt+1","Pommel Strike+1","Reaper","Iron Wave+1","Madness+1","Demon Form+1","Reaper","Shockwave+1","True Grit+1","Disarm+1","Shrug It Off+1","Infernal Blade+1","Thunderclap+1","Iron Wave+1","Madness","Madness","Warcry+1"],"max_hp_per_floor":[80,80,80,80,80,80,80,80,80,80,80,80,80,80,80,80,80,80,80,80,80,80,80,80,80,80,80,80,80,80,80,80,80,80,80,80,80,80,80,80,80,80,80,80,80,80,80,80,80,80],"relics":["Burning Blood","War Paint","Orichalcum","Frozen Egg 2","Runic Dome","Mummified Hand","Blood Vial","Thread and Needle","Happy Flower","Astrolabe","Girya","Torii","Gremlin Horn"],"card_choices":[{"not_picked":["Sword Boomerang","Clothesline"],"picked":"Headbutt"},{"not_picked":["Ghostly Armor","Headbutt"],"picked":"Reaper"},{"not_picked":["Havoc","Battle Trance"],"picked":"Iron Wave"},{"not_picked":["Iron Wave","Sever Soul"],"picked":"Body Slam"},{"not_picked":["Cleave","Intimidate"],"picked":"Demon Form"},{"not_picked":["Barricade","Bludgeon"],"picked":"Reaper"},{"not_picked":["Wild Strike","Pommel Strike"],"picked":"True Grit"},{"not_picked":["Perfected Strike","Power Through"],"picked":"Disarm"},{"not_picked":["Second Wind","Sword Boomerang"],"picked":"Shrug It Off"},{"not_picked":["Spot Weakness","Infernal Blade"],"picked":"Warcry"}],"player_experience":131298,"potions_floor_usage":[12,16,31,33,39,50,50,50],"damage_taken":[{"damage":0,"enemies":"2 Louse","floor":1,"turns":3},{"damage":8,"enemies":"Cultist","floor":2,"turns":4},{"damage":38,"enemies":"3 Sentries","floor":6,"turns":10},{"damage":2,"enemies":"Jaw Worm","floor":7,"turns":4},{"damage":10,"enemies":"Exordium Wildlife","floor":10,"turns":4},{"damage":17,"enemies":"Gremlin Gang","floor":12,"turns":3},{"damage":15,"enemies":"3 Louse","floor":14,"turns":3},{"damage":12,"enemies":"The Guardian","floor":16,"turns":6},{"damage":26,"enemies":"Chosen","floor":18,"turns":4},{"damage":17,"enemies":"Shell Parasite","floor":20,"turns":4},{"damage":38,"enemies":"Centurion and Healer","floor":22,"turns":7},{"damage":29,"enemies":"Gremlin Leader","floor":24,"turns":7},{"damage":23,"enemies":"Snake Plant","floor":29,"turns":4},{"damage":39,"enemies":"Slavers","floor":31,"turns":7},{"damage":0,"enemies":"Champ","floor":33,"turns":7},{"damage":5,"enemies":"Orb Walker","floor":35,"turns":3},{"damage":12,"enemies":"3 Shapes","floor":36,"turns":5},{"damage":23,"enemies":"Mysterious Sphere","floor":39,"turns":6},{"damage":62,"enemies":"2 Orb Walkers","floor":40,"turns":6},{"damage":0,"enemies":"3 Darklings","floor":41,"turns":5},{"damage":10,"enemies":"Sphere and 2 Shapes","floor":46,"turns":8},{"damage":6,"enemies":"Maw","floor":47,"turns":6},{"damage":15,"enemies":"4 Shapes","floor":48,"turns":6},{"damage":32,"enemies":"Awakened One","floor":50,"turns":9}],"event_choices":[{"event_name":"The Cleric","player_choice":"Leave","floor":4,"damage_taken":0},{"event_name":"World of Goop","player_choice":"Gather Gold","floor":5,"damage_taken":0},{"event_name":"The Library","player_choice":"Read","floor":19,"damage_taken":0},{"event_name":"Addict","player_choice":"Obtained Relic","floor":21,"damage_taken":0},{"event_name":"Back to Basics","player_choice":"Simplicity","floor":27,"damage_taken":0},{"event_name":"Winding Halls","player_choice":"Embrace Madness","floor":38,"damage_taken":0},{"event_name":"Mysterious Sphere","player_choice":"Fight","floor":39,"damage_taken":0}],"boss_relics":[{"not_picked":["Orrery","Calling Bell"],"picked":"Runic Dome"},{"not_picked":["Eternal Feather","Question Card"],"picked":"Astrolabe"}],"potions_floor_spawned":[2,7,16,22,29,33,35,40,41],"seed_played":"3489652499979169399","ascension_level":5,"is_trial":false}