{"gold_per_floor":[111,127,146,146,116,443,443,443,443,13,26,61,71,103,103,201,201,212,137,127,127,27,56,56,81,104,133,156,156,168,43,43,145,145,159,159,159,159,159,184,196,208,289,354,35,61,79,94,94,94],"floor_reached":51,"playtime":4624,"items_purged":["Strike_G","Defend_G","Defend_G","Strike_G"],"score":1180,"play_id":"3c63e5be-e956-44ea-b2b5-857b0e6b6b80","local_time":"20180726203110","is_ascension_mode":true,"campfire_choices":[{"data":"Neutralize","floor":7,"key":"SMITH"},{"data":"Noxious Fumes","floor":15,"key":"SMITH"},{"data":"Wraith Form v2","floor":24,"key":"SMITH"},{"data":"Noxious Fumes","floor":29,"key":"SMITH"},{"floor":32,"key":"REST"},{"data":"Caltrops","floor":42,"key":"SMITH"},{"data":"Caltrops","floor":49,"key":"SMITH"}],"neow_cost":"","seed_source_timestamp":178645788367691,"circlet_count":0,"master_deck":["Defend_G","Strike_G+1","Survivor+1","Neutralize+1","Blur","Quick Slash","Leg Sweep","Cloak And Dagger","Acrobatics","Prepared+1","Adrenaline+1","Apotheosis+1","Noxious Fumes+1","Caltrops+1","Backflip+1","Crippling Poison+1","Wraith Form v2+1","PiercingWail+1","Cloak And Dagger+1","Noxious Fumes+1","Backflip+1","PiercingWail+1","Blur+1","Die Die Die","Footwork+1","Riddle With Holes","Madness+1","Madness+1","Thinking Ahead+1","Master of Strategy+1","Madness+1","Caltrops+1","Noxious Fumes+1","Catalyst+1","Leg Sweep+1"],"relics":["Ring of the Serpent","Old Coin","Toxic Egg 2","Bird Faced Urn","Bottled Flame","Sozu","Regal Pillow","Bottled Lightning","Dream Catcher","Juzu Bracelet","Lantern","MawBank","Tough Bandages","Molten Egg 2","Potion Belt","Vajra","Paper Crane"],"potions_floor_usage":[13,14,14,14,16,16,33,33],"damage_taken":[{"damage":13,"enemies":"Cultist","floor":1,"turns":6},{"damage":1,"enemies":"Jaw Worm","floor":2,"turns":4},{"damage":0,"enemies":"Small Slimes","floor":3,"turns":4},{"damage":0,"enemies":"Looter","floor":5,"turns":4},{"damage":21,"enemies":"Gremlin Nob","floor":6,"turns":6},{"damage":0,"enemies":"Exordium Wildlife","floor":11,"turns":3},{"damage":0,"enemies":"Lagavulin","floor":12,"turns":8},{"damage":0,"enemies":"3 Louse","floor":13,"turns":1},{"damage":0,"enemies":"3 Sentries","floor":14,"turns":7},{"damage":0,"enemies":"Hexaghost","floor":16,"turns":8},{"damage":0,"enemies":"Shell Parasite","floor":18,"turns":6},{"damage":2,"enemies":"2 Thieves","floor":20,"turns":4},{"damage":31,"enemies":"Gremlin Leader","floor":23,"turns":7},{"damage":0,"enemies":"Book of Stabbing","floor":25,"turns":6},{"damage":17,"enemies":"Slavers","floor":27,"turns":5},{"damage":0,"enemies":"3 Cultists","floor":30,"turns":4},{"damage":0,"enemies":"Collector","floor":33,"turns":11},{"damage":0,"enemies":"3 Shapes","floor":35,"turns":4},{"damage":0,"enemies":"Giant Head","floor":40,"turns":9},{"damage":0,"floor":41,"turns":6},{"damage":1,"enemies":"Nemesis","floor":46,"turns":8},{"damage":0,"enemies":"Orb Walker","floor":47,"turns":4},{"damage":3,"enemies":"Flame Bruiser 2 Orb","floor":48,"turns":5},{"damage":0,"enemies":"Awakened One","floor":50,"turns":13}],"seed_played":"-8447677857578122216","potions_obtained":[{"floor":1,"key":"Explosive Potion"},{"floor":3,"key":"EntropicBrew"},{"floor":4,"key":"EssenceOfSteel"},{"floor":6,"key":"FearPotion"},{"floor":14,"key":"Block Potion"},{"floor":16,"key":"LiquidBronze"}],"is_trial":false,"path_per_floor":["M","M","M","?","M","E","R","?","T","$","M","E","M","E","R","B",null,"M","?","M","?","$","E","R","E","T","E","T","R","M","$","R","B",null,"M","?","?","?","?","E","?","R","T","T","$","E","M","M","R","B"],"character_chosen":"THE_SILENT","items_purchased":["Prepared+1","Adrenaline+1","Apotheosis+1","Vajra","Caltrops"],"campfire_rested":1,"item_purchase_floors":[10,10,10,45,45],"current_hp_per_floor":[57,56,56,56,56,35,35,21,21,21,21,21,21,25,25,29,70,70,70,68,68,68,39,39,47,47,34,34,34,42,42,70,70,70,70,70,70,61,51,59,67,67,67,67,67,70,70,68,68,70],"gold":94,"neow_bonus":"","is_prod":false,"is_daily":false,"chose_seed":false,"campfire_upgraded":6,"win_rate":0,"timestamp":1532601070,"path_taken":["M","M","M","?","M","E","R","?","T","?","M","E","M","E","R","BOSS","M","?","M","?","$","E","R","E","T","E","?","R","M","?","R","BOSS","M","?","?","?","?","E","?","R","T","?","$","E","M","M","R","BOSS"],"build_version":"2018-07-19v2","purchased_purges":4,"victory":true,"max_hp_per_floor":[70,70,70,70,70,70,70,70,70,70,70,70,70,70,70,70,70,70,70,70,70,70,70,70,70,70,70,70,70,70,70,70,70,70,70,70,70,70,70,70,70,70,70,70,70,70,70,70,70,70],"card_choices":[{"not_picked":["Flying Knee","Flechettes"],"picked":"Blur","floor":1},{"not_picked":["Terror","Endless Agony"],"picked":"Quick Slash","floor":2},{"not_picked":["Blur","Flying Knee"],"picked":"Leg Sweep","floor":3},{"not_picked":["PiercingWail","Masterful Stab"],"picked":"Cloak And Dagger","floor":5},{"not_picked":["Sucker Punch","Quick Slash"],"picked":"Acrobatics","floor":6},{"not_picked":["Cloak And Dagger+1","Dodge and Roll+1"],"picked":"Noxious Fumes","floor":11},{"not_picked":["Night Terror+1","Underhanded Strike"],"picked":"Caltrops","floor":12},{"not_picked":["PiercingWail+1","Finisher"],"picked":"Backflip+1","floor":13},{"not_picked":["Doppelganger+1","Prepared+1"],"picked":"Crippling Poison+1","floor":14},{"not_picked":["Burst+1","Venomology+1"],"picked":"Wraith Form v2","floor":16},{"not_picked":["Calculated Gamble+1","Cloak And Dagger+1"],"picked":"PiercingWail+1","floor":18},{"not_picked":["Endless Agony","Quick Slash"],"picked":"Cloak And Dagger+1","floor":20},{"not_picked":["Poisoned Stab","Blur+1"],"picked":"Noxious Fumes","floor":23},{"not_picked":["Acrobatics+1","Deflect+1"],"picked":"Backflip+1","floor":25},{"not_picked":["Predator","Slice","Underhanded Strike+1"],"picked":"SKIP","floor":27},{"not_picked":["Deflect+1","Deadly Poison+1"],"picked":"PiercingWail+1","floor":30},{"not_picked":["Bane+1","Flechettes+1"],"picked":"Blur+1","floor":32},{"not_picked":["Glass Knife","Envenom"],"picked":"Die Die Die","floor":33},{"not_picked":["Dagger Throw","Slice+1"],"picked":"Footwork+1","floor":35},{"not_picked":["Panache","Sadistic Nature"],"picked":"Thinking Ahead+1","floor":39},{"not_picked":["Mind Blast","Purity+1"],"picked":"Master of Strategy+1","floor":39},{"not_picked":["Purity+1","Transmutation+1"],"picked":"Madness+1","floor":39},{"not_picked":["Flying Knee","Deadly Poison+1","Finisher+1"],"picked":"SKIP","floor":40},{"not_picked":["Dodge and Roll+1","Deflect+1"],"picked":"Noxious Fumes+1","floor":46},{"not_picked":["Calculated Gamble+1","Bane+1"],"picked":"Catalyst+1","floor":47},{"not_picked":["Dagger Throw+1","Poisoned Stab+1"],"picked":"Leg Sweep+1","floor":48}],"player_experience":121040,"relics_obtained":[{"floor":6,"key":"Old Coin"},{"floor":9,"key":"Toxic Egg 2"},{"floor":12,"key":"Bird Faced Urn"},{"floor":14,"key":"Bottled Flame"},{"floor":23,"key":"Regal Pillow"},{"floor":25,"key":"Bottled Lightning"},{"floor":26,"key":"Dream Catcher"},{"floor":27,"key":"Juzu Bracelet"},{"floor":28,"key":"Lantern"},{"floor":40,"key":"MawBank"},{"floor":41,"key":"Tough Bandages"},{"floor":43,"key":"Molten Egg 2"},{"floor":44,"key":"Potion Belt"},{"floor":46,"key":"Paper Crane"}],"event_choices":[{"event_name":"The Lab","player_choice":"Got Potions","floor":4,"damage_taken":0},{"event_name":"Shining Light","player_choice":"Entered Light","floor":8,"damage_taken":0},{"event_name":"Beggar","player_choice":"Gave Gold","floor":19,"damage_taken":0},{"event_name":"Purifier","player_choice":"One Purge","floor":21,"damage_taken":0},{"event_name":"Purifier","player_choice":"One Purge","floor":36,"damage_taken":0},{"event_name":"Transmorgrifier","player_choice":"Transform","floor":37,"damage_taken":0},{"event_name":"Winding Halls","player_choice":"Embrace Madness","floor":38,"damage_taken":0},{"event_name":"SensoryStone","player_choice":"Memory 3","floor":39,"damage_taken":0},{"event_name":"MindBloom","player_choice":"Fight","floor":41,"damage_taken":0}],"is_beta":false,"boss_relics":[{"not_picked":["Snecko Eye","Ectoplasm"],"picked":"Sozu"},{"not_picked":["Cursed Key","Astrolabe"],"picked":"Ring of the Serpent"}],"items_purged_floors":[10,22,31,45],"is_endless":false,"potions_floor_spawned":[1,3,6,12,14,16,23,33,41,46,47,48],"ascension_level":2}