{"gold_per_floor":[367,367,417,427,78,78,91,91,91,121,43,43,77,77,77,77],"floor_reached":16,"playtime":809,"items_purged":["Normality"],"score":178,"play_id":"4882d02c-3fd3-496d-a55e-4d829253f660","local_time":"20190407023821","is_ascension_mode":true,"campfire_choices":[{"data":"Backflip","floor":6,"key":"SMITH"},{"data":"Footwork","floor":12,"key":"SMITH"},{"floor":15,"key":"REST"}],"neow_cost":"CURSE","seed_source_timestamp":32732619623948,"circlet_count":0,"master_deck":["AscendersBane","Defend_G","Defend_G","Defend_G","Defend_G","Defend_G","Strike_G","Strike_G","Strike_G","Strike_G","Strike_G","Survivor","Neutralize","Poisoned Stab","Backflip+1","Backstab","Footwork+1","Catalyst"],"special_seed":0,"relics":["Ring of the Snake","Mummified Hand","Blue Candle","PreservedInsect"],"potions_floor_usage":[16],"damage_taken":[{"damage":2.0,"enemies":"Jaw Worm","floor":1.0,"turns":6.0},{"damage":9,"enemies":"Cultist","floor":4,"turns":6},{"damage":1,"enemies":"Small Slimes","floor":7,"turns":3},{"damage":27,"enemies":"Gremlin Nob","floor":13,"turns":6},{"damage":59,"enemies":"The Guardian","floor":16,"turns":12}],"seed_played":"5699451860436879832","potions_obtained":[{"floor":13,"key":"Dexterity Potion"}],"is_trial":false,"path_per_floor":["M","?","?","M","$","R","M","?","T","?","$","R","E","?","R","B"],"character_chosen":"THE_SILENT","items_purchased":["Mummified Hand","Footwork"],"campfire_rested":1,"item_purchase_floors":[5,11],"current_hp_per_floor":[57,62,55,46,46,46,45,45,45,45,45,45,18,18,39,0],"gold":77,"neow_bonus":"TWO_FIFTY_GOLD","is_prod":false,"is_daily":false,"chose_seed":false,"campfire_upgraded":2,"win_rate":0,"timestamp":1554619101,"path_taken":["M","?","?","M","$","R","?","?","T","?","$","R","E","?","R","BOSS"],"build_version":"2019-01-23","purchased_purges":1,"victory":false,"max_hp_per_floor":[66,71,71,71,71,71,71,71,71,71,71,71,71,71,71,71],"card_choices":[{"not_picked":["Bouncing Flask","Dash"],"picked":"Poisoned Stab","floor":1.0},{"not_picked":["Dagger Throw","Slice"],"picked":"Backflip","floor":4},{"not_picked":["Cloak And Dagger","Calculated Gamble"],"picked":"Backstab","floor":7},{"not_picked":["Leg Sweep","Choke"],"picked":"Catalyst","floor":13}],"player_experience":919429,"relics_obtained":[{"floor":9,"key":"Blue Candle"},{"floor":13,"key":"PreservedInsect"}],"event_choices":[{"damage_healed":0.0,"max_hp_gain":5.0,"max_hp_loss":0.0,"gold_gain":0.0,"event_name":"Big Fish","player_choice":"Donut","floor":2.0,"gold_loss":0.0,"damage_taken":0.0},{"damage_healed":0,"gold_gain":50,"player_choice":"Touch","damage_taken":7,"max_hp_gain":0,"max_hp_loss":0,"event_name":"FaceTrader","floor":3,"gold_loss":0},{"damage_healed":0,"gold_gain":0,"player_choice":"Ignored","damage_taken":0,"max_hp_gain":0,"max_hp_loss":0,"event_name":"Shining Light","floor":8,"gold_loss":0},{"damage_healed":0,"gold_gain":30,"player_choice":"Searched \u00271\u0027 times","damage_taken":0,"max_hp_gain":0,"max_hp_loss":0,"event_name":"Dead Adventurer","floor":10,"gold_loss":0},{"damage_healed":0,"gold_gain":0,"player_choice":"Fled","damage_taken":0,"max_hp_gain":0,"max_hp_loss":0,"event_name":"Scrap Ooze","floor":14,"gold_loss":0}],"is_beta":false,"boss_relics":[],"items_purged_floors":[5],"is_endless":false,"potions_floor_spawned":[13],"killed_by":"The Guardian","ascension_level":17}