{"gold_per_floor":[118,44,44,57,67,96,108,120,144,156,156,156,171,229,229,306,306,326,339,315,315,193,193,193,222,271,284,284,300,312,340,340,415,415,429,442,3,3,16,16,33,45,45,45,20,34,67,0,0,0],"floor_reached":51,"playtime":7333,"items_purged":["Strike_Br","Strike_Br"],"score":1306,"play_id":"f76628bb-5b4f-4512-8c4d-ff0b4d663a41","local_time":"20190113182600","is_ascension_mode":true,"campfire_choices":[{"floor":12,"key":"REST"},{"data":"WindUp","floor":15,"key":"SMITH"},{"data":"BlueShift","floor":23,"key":"SMITH"},{"data":"PrimeTime","floor":28,"key":"SMITH"},{"data":"LockedPlans","floor":32,"key":"SMITH"},{"floor":40,"key":"REST"},{"data":"SecondHand","floor":44,"key":"SMITH"},{"floor":49,"key":"REST"}],"neow_cost":"NONE","seed_source_timestamp":273634849978880,"circlet_count":0,"master_deck":["AscendersBane","Defend_Br","Defend_Br","SecondHand+1","PatternShift","WindUp+1","Chronoelasticity+1","EscortCommand","BackFourSeconds","Cuckoo","BlueShift+1","PrimeTime+1","LockedBlood","AlternateTimeline","LockedAnchor+1","BlueShift","Engulf","EscortCommand","WindUp","BlueShift","ExoVibe+18","LockedPlans+1","EscortCommand+1","LockedFlame","Stagnate","CrunchTime+1","Stagnate","Pendulum","LockedAnchor"],"relics":["Chronometer","NeowsBlessing","Mummified Hand","halation:AfternoonTea","Velvet Choker","Regal Pillow","SpringShield","halation:KoshaPiece","Cursed Key","Membership Card","WaitingRoom","Gremlin Horn","Blood Vial","Red Mask"],"potions_floor_usage":[13,19,25,29,31,35],"damage_taken":[{"damage":0,"enemies":"2 Louse","floor":1,"turns":1},{"damage":0,"enemies":"Cultist","floor":4,"turns":1},{"damage":0,"enemies":"Jaw Worm","floor":5,"turns":1},{"damage":22,"enemies":"3 Sentries","floor":6,"turns":13},{"damage":23,"enemies":"Large Slime","floor":7,"turns":9},{"damage":2,"enemies":"3 Louse","floor":8,"turns":4},{"damage":17,"enemies":"Blue Slaver","floor":10,"turns":8},{"damage":27,"enemies":"Gremlin Gang","floor":13,"turns":9},{"damage":18,"enemies":"Slime Boss","floor":16,"turns":10},{"damage":5,"enemies":"Spheric Guardian","floor":18,"turns":6},{"damage":12,"enemies":"Shell Parasite","floor":19,"turns":4},{"damage":50,"enemies":"Book of Stabbing","floor":25,"turns":7},{"damage":26,"enemies":"Snake Plant","floor":27,"turns":5},{"damage":3,"enemies":"Cultist and Chosen","floor":29,"turns":7},{"damage":11,"enemies":"Snecko","floor":30,"turns":6},{"damage":11,"enemies":"Gremlin Leader","floor":31,"turns":4},{"damage":0,"enemies":"Champ","floor":33,"turns":12},{"damage":17,"enemies":"Orb Walker","floor":35,"turns":4},{"damage":4,"enemies":"3 Shapes","floor":36,"turns":11},{"damage":21,"enemies":"Spire Growth","floor":39,"turns":6},{"damage":39,"enemies":"4 Shapes","floor":41,"turns":8},{"damage":2,"enemies":"Sphere and 2 Shapes","floor":42,"turns":5},{"damage":34,"enemies":"Jaw Worm Horde","floor":46,"turns":6},{"damage":9,"enemies":"Giant Head","floor":47,"turns":9},{"damage":5,"enemies":"Awakened One","floor":50,"turns":13}],"seed_played":"8180432409163487033","potions_obtained":[{"floor":4,"key":"SpeedPotion"},{"floor":5,"key":"Energy Potion"},{"floor":16,"key":"SpeedPotion"},{"floor":25,"key":"SkillPotion"},{"floor":27,"key":"Poison Potion"},{"floor":29,"key":"SneckoOil"},{"floor":31,"key":"Block Potion"},{"floor":33,"key":"SteroidPotion"},{"floor":35,"key":"AttackPotion"}],"is_trial":false,"path_per_floor":["M","$","?","M","M","E","M","M","T","M","?","R","M","?","R","B",null,"M","M","$","?","$","R","?","E","T","M","R","M","M","E","R","B",null,"M","M","$","?","M","R","M","M","T","R","$","M","E","?","R","B",null],"character_chosen":"CHRONO_CLASS","items_purchased":["Chronoelasticity","BlueShift","WindUp","Membership Card","WaitingRoom","Gremlin Horn","LockedAnchor"],"campfire_rested":3,"item_purchase_floors":[2,20,22,37,37,37,45],"current_hp_per_floor":[56,56,56,56,56,34,23,21,21,7,7,25,23,23,23,27,53,54,56,56,56,56,56,56,47,47,47,47,50,49,49,49,49,59,47,51,51,51,34,62,62,60,60,60,60,48,45,45,62,62],"gold":0,"neow_bonus":"THREE_ENEMY_KILL","is_prod":false,"is_daily":false,"chose_seed":false,"campfire_upgraded":5,"win_rate":0,"timestamp":1547400360,"path_taken":["M","$","?","M","?","E","M","M","T","M","?","R","M","?","R","BOSS","M","M","$","?","$","R","?","E","T","M","R","M","M","E","R","BOSS","M","M","$","?","?","R","M","M","T","R","$","M","E","?","R","BOSS"],"build_version":"2019-01-10","purchased_purges":2,"victory":true,"max_hp_per_floor":[62,62,62,62,62,62,62,62,62,62,62,62,62,62,62,62,62,62,62,62,62,62,62,62,62,62,62,62,62,62,62,62,62,62,62,62,62,62,62,62,62,62,62,62,62,62,62,62,62,62],"card_choices":[{"not_picked":["ReapSow","LockedTurtyl"],"picked":"WindUp","floor":1},{"not_picked":["LockedScales","WatchCommand"],"picked":"EscortCommand","floor":4},{"not_picked":["VestedLegacy","FormalWear"],"picked":"BackFourSeconds","floor":5},{"not_picked":["RageCommand","BiteCommand"],"picked":"Cuckoo","floor":6},{"not_picked":["BackFourSeconds","PrimeTime"],"picked":"BlueShift","floor":7},{"not_picked":["LockedMedicine","LockedOrichalcum"],"picked":"PrimeTime","floor":8},{"not_picked":["Recurrance","LockedFlame","ReapSow"],"picked":"SKIP","floor":10},{"not_picked":["Echoward","LockedMedicine"],"picked":"LockedBlood","floor":13},{"not_picked":["BlueShift","LockedMawBank"],"picked":"AlternateTimeline","floor":18},{"not_picked":["CrunchTime","LockedTurtyl"],"picked":"LockedAnchor+1","floor":19},{"not_picked":["LockedMedicine","Echoward+1"],"picked":"BlueShift","floor":25},{"not_picked":["ShortSighted","HandsUp"],"picked":"ExoVibe+1","floor":27},{"not_picked":["AlternateTimeline","BlueShift"],"picked":"LockedPlans","floor":29},{"not_picked":["LockedBell","Recurrance","ReapSow"],"picked":"SKIP","floor":30},{"not_picked":["ExoVibe","BiteCommand+1"],"picked":"EscortCommand+1","floor":31},{"not_picked":["Flay","Fragmentalize"],"picked":"LockedFlame","floor":33},{"not_picked":["BlueShift+1","LockedBlood+1"],"picked":"Stagnate","floor":35},{"not_picked":["Backlash+1","Keepsakes"],"picked":"CrunchTime+1","floor":36},{"not_picked":["LockedOrichalcum+1","TickedOff","LockedUrn"],"picked":"SKIP","floor":39},{"not_picked":["LockedScales","ExoVibe"],"picked":"Stagnate","floor":41},{"not_picked":["VestedLegacy+1","AlternateTimeline"],"picked":"Pendulum","floor":42},{"not_picked":["BlueShift","AlternateTimeline","Engulf"],"picked":"SKIP","floor":46},{"not_picked":["Accruing","LockedScales","LockedBlood"],"picked":"SKIP","floor":47}],"player_experience":835971,"relics_obtained":[{"floor":6,"key":"Mummified Hand"},{"floor":9,"key":"halation:AfternoonTea"},{"floor":25,"key":"Regal Pillow"},{"floor":26,"key":"SpringShield"},{"floor":31,"key":"halation:KoshaPiece"},{"floor":47,"key":"Blood Vial"}],"event_choices":[{"damage_healed":0,"gold_gain":0,"player_choice":"Forge","damage_taken":0,"max_hp_gain":0,"max_hp_loss":0,"event_name":"Accursed Blacksmith","floor":3,"gold_loss":0,"cards_upgraded":["Chronoelasticity"]},{"damage_healed":0,"gold_gain":0,"player_choice":"Ignored","damage_taken":0,"max_hp_gain":0,"max_hp_loss":0,"event_name":"Liars Game","floor":11,"gold_loss":0},{"damage_healed":0,"gold_gain":58,"player_choice":"Gained Gold","damage_taken":0,"max_hp_gain":0,"max_hp_loss":0,"event_name":"Golden Wing","floor":14,"gold_loss":0},{"damage_healed":0,"gold_gain":0,"cards_transformed":["Strike_Br","Strike_Br"],"player_choice":"Became Test Subject","damage_taken":0,"max_hp_gain":0,"max_hp_loss":0,"event_name":"Drug Dealer","floor":21,"gold_loss":0,"cards_obtained":["Engulf","EscortCommand"]},{"cards_removed":["Defend_Br"],"damage_healed":0,"gold_gain":0,"player_choice":"Elegance","damage_taken":0,"max_hp_gain":0,"max_hp_loss":0,"event_name":"Back to Basics","floor":24,"gold_loss":0},{"cards_removed":["Defend_Br"],"damage_healed":0,"gold_gain":0,"player_choice":"Card Removal","damage_taken":0,"max_hp_gain":0,"max_hp_loss":0,"event_name":"Wheel of Change","floor":38,"gold_loss":0},{"damage_healed":0,"gold_gain":0,"player_choice":"Paid","damage_taken":0,"relics_obtained":["Red Mask"],"max_hp_gain":0,"max_hp_loss":0,"event_name":"Tomb of Lord Red Mask","floor":48,"gold_loss":67}],"is_beta":false,"boss_relics":[{"not_picked":["halation:Yufonium","halation:Risk"],"picked":"Velvet Choker"},{"not_picked":["Lizard Tail","Philosopher\u0027s Stone"],"picked":"Cursed Key"}],"items_purged_floors":[22,37],"is_endless":false,"potions_floor_spawned":[4,5,10,16,25,27,29,31,33,35],"ascension_level":15}