{"gold_per_floor":[119,119,19,34,50,50,77,77,103,116,116,139,157,157,157,282,282,303,303,327,346,346,346,23,37,37,73,73,73,98,98,98,226,226,246,246,266,266],"floor_reached":38,"playtime":2190,"items_purged":["Strike_R"],"score":430,"play_id":"9cf778fb-4eb9-4349-9e00-8d8d48136462","local_time":"20190210120950","is_ascension_mode":true,"campfire_choices":[{"data":"Body Slam","floor":6.0,"key":"SMITH"},{"data":"Bash","floor":8.0,"key":"SMITH"},{"data":"Body Slam","floor":15.0,"key":"SMITH"},{"data":"Body Slam","floor":23.0,"key":"SMITH"},{"floor":28.0,"key":"REST"},{"floor":32.0,"key":"REST"}],"neow_cost":"NONE","seed_source_timestamp":0,"circlet_count":0,"master_deck":["Bash+1","Iron Wave","Second Wind","Body Slam+1","Battle Trance","Corruption","Body Slam+1","Rage","Inflame","Inflame","Intimidate","Anger","Dropkick","Combust","Juggernaut","Body Slam+1","Armaments+1","Entrench","Body Slam+1","Barricade+1"],"special_seed":0,"relics":["Burning Blood","NeowsBlessing","Odd Mushroom","Red Skull","Golden Idol","Torii","Pandora\u0027s Box","Ice Cream","Kunai","Letter Opener","Lantern","Art of War","Busted Crown"],"potions_floor_usage":[35],"damage_taken":[{"damage":0.0,"enemies":"2 Louse","floor":1.0,"turns":1.0},{"damage":0.0,"enemies":"Cultist","floor":4.0,"turns":1.0},{"damage":0.0,"enemies":"Small Slimes","floor":5.0,"turns":1.0},{"damage":25.0,"enemies":"The Mushroom Lair","floor":7.0,"turns":7.0},{"damage":0.0,"enemies":"Looter","floor":10.0,"turns":3.0},{"damage":3.0,"enemies":"3 Louse","floor":12.0,"turns":4.0},{"damage":8.0,"enemies":"Lots of Slimes","floor":13.0,"turns":5.0},{"damage":15.0,"enemies":"Slime Boss","floor":16.0,"turns":7.0},{"damage":14.0,"enemies":"Chosen","floor":18.0,"turns":5.0},{"damage":14.0,"enemies":"Spheric Guardian","floor":20.0,"turns":4.0},{"damage":18.0,"enemies":"Snake Plant","floor":21.0,"turns":4.0},{"damage":17.0,"enemies":"Snecko","floor":25.0,"turns":6.0},{"damage":26.0,"enemies":"Gremlin Leader","floor":27.0,"turns":5.0},{"damage":29.0,"enemies":"Centurion and Healer","floor":30.0,"turns":4.0},{"damage":22.0,"enemies":"Champ","floor":33.0,"turns":6.0},{"damage":5,"enemies":"3 Darklings","floor":35,"turns":5},{"damage":60,"enemies":"3 Shapes","floor":37,"turns":4},{"damage":30,"enemies":"Jaw Worm Horde","floor":38,"turns":2}],"seed_played":"1375610092553783636","potions_obtained":[{"floor":10.0,"key":"EntropicBrew"},{"floor":12.0,"key":"EssenceOfSteel"},{"floor":13.0,"key":"Fire Potion"},{"floor":16.0,"key":"Dexterity Potion"},{"floor":25.0,"key":"SteroidPotion"},{"floor":30.0,"key":"EntropicBrew"},{"floor":33.0,"key":"Swift Potion"},{"floor":35,"key":"Weak Potion"},{"floor":37,"key":"FearPotion"}],"is_trial":false,"path_per_floor":["M","?","$","M","M","R","?","R","T","M","?","M","M","?","R","B",null,"M","?","M","M","?","R","$","M","T","E","R","T","M","?","R","B",null,"M","?","M","M"],"character_chosen":"IRONCLAD","items_purchased":["Body Slam","Kunai","Entrench"],"campfire_rested":2,"item_purchase_floors":[3,24,24],"current_hp_per_floor":[80,80,80,80,80,80,61,61,61,67,67,70,68,50,50,41,74,66,66,58,46,46,46,46,35,35,15,37,37,14,14,36,27,74,74,74,20,0],"gold":266,"neow_bonus":"THREE_ENEMY_KILL","is_prod":false,"is_daily":false,"chose_seed":false,"campfire_upgraded":4,"win_rate":0,"timestamp":1549818590,"path_taken":["M","?","$","M","?","R","?","R","T","M","?","M","M","?","R","BOSS","M","?","M","M","?","R","$","?","T","E","R","?","M","?","R","BOSS","M","?","M","?"],"build_version":"2019-01-23","purchased_purges":1,"victory":false,"max_hp_per_floor":[80,80,80,80,80,80,80,80,80,80,74,74,74,74,74,74,74,74,74,74,74,74,74,74,74,74,74,74,74,74,74,74,74,74,74,74,74,74],"card_choices":[{"not_picked":["Flex","Blood for Blood"],"picked":"Iron Wave","floor":1.0},{"not_picked":["Shockwave","Wild Strike","Ghostly Armor"],"picked":"SKIP","floor":4.0},{"not_picked":["Havoc","Flame Barrier"],"picked":"Battle Trance","floor":5.0},{"not_picked":["Rampage","Fire Breathing"],"picked":"Corruption","floor":7.0},{"not_picked":["Flex","Hemokinesis","Blood for Blood"],"picked":"SKIP","floor":10.0},{"not_picked":["Warcry","Spot Weakness"],"picked":"Body Slam","floor":12.0},{"not_picked":["Disarm","Iron Wave"],"picked":"Rage","floor":13.0},{"not_picked":["Immolate","Demon Form"],"picked":"Exhume","floor":16.0},{"not_picked":["Evolve","Sever Soul","Inflame"],"picked":"SKIP","floor":18.0},{"not_picked":["Cleave","Iron Wave"],"picked":"Body Slam","floor":20.0},{"not_picked":["Flex","Warcry"],"picked":"Armaments+1","floor":21.0},{"not_picked":["Cleave","Twin Strike"],"picked":"Body Slam+1","floor":25.0},{"not_picked":["Pommel Strike","Armaments","Fiend Fire"],"picked":"SKIP","floor":27.0},{"not_picked":["Sword Boomerang","Cleave+1","Anger+1"],"picked":"SKIP","floor":30.0},{"not_picked":["Exhume","Limit Break"],"picked":"Barricade","floor":33.0},{"not_picked":["True Grit+1"],"picked":"SKIP","floor":35},{"not_picked":["Heavy Blade"],"picked":"SKIP","floor":37}],"player_experience":775492,"relics_obtained":[{"floor":7.0,"key":"Odd Mushroom"},{"floor":9.0,"key":"Red Skull"},{"floor":26.0,"key":"Letter Opener"},{"floor":27.0,"key":"Lantern"},{"floor":29.0,"key":"Art of War"}],"event_choices":[{"damage_healed":0.0,"max_hp_gain":0.0,"max_hp_loss":0.0,"gold_gain":0.0,"cards_transformed":["Strike_R"],"event_name":"Transmorgrifier","player_choice":"Transformed","floor":2.0,"gold_loss":0.0,"damage_taken":0.0,"cards_obtained":["Second Wind"]},{"damage_healed":0.0,"max_hp_gain":0.0,"max_hp_loss":0.0,"gold_gain":0.0,"event_name":"Mushrooms","player_choice":"Fought Mushrooms","floor":7.0,"gold_loss":0.0,"damage_taken":0.0},{"damage_healed":0.0,"max_hp_gain":0.0,"max_hp_loss":6.0,"gold_gain":0.0,"event_name":"Golden Idol","player_choice":"Lose Max HP","floor":11.0,"gold_loss":0.0,"damage_taken":0.0,"relics_obtained":["Golden Idol"]},{"damage_healed":0.0,"max_hp_gain":0.0,"max_hp_loss":0.0,"gold_gain":0.0,"event_name":"Scrap Ooze","player_choice":"Success","floor":14.0,"gold_loss":0.0,"damage_taken":18.0,"relics_obtained":["Torii"]},{"damage_healed":0.0,"max_hp_gain":0.0,"max_hp_loss":0.0,"gold_gain":0.0,"event_name":"The Mausoleum","player_choice":"Opened","floor":19.0,"gold_loss":0.0,"damage_taken":0.0,"relics_obtained":["Ice Cream"],"cards_obtained":["Writhe"]},{"cards_removed":["Writhe"],"damage_healed":0.0,"max_hp_gain":0.0,"max_hp_loss":0.0,"gold_gain":0.0,"event_name":"Purifier","player_choice":"Purged","floor":22.0,"gold_loss":0.0,"damage_taken":0.0},{"cards_removed":["Exhume"],"damage_healed":0.0,"max_hp_gain":0.0,"max_hp_loss":0.0,"gold_gain":0.0,"event_name":"Back to Basics","player_choice":"Elegance","floor":31.0,"gold_loss":0.0,"damage_taken":0.0},{"damage_healed":0,"gold_gain":0,"player_choice":"Forge","damage_taken":0,"max_hp_gain":0,"max_hp_loss":0,"event_name":"Accursed Blacksmith","floor":36,"gold_loss":0,"cards_upgraded":["Barricade"]}],"is_beta":false,"boss_relics":[{"not_picked":["Lizard Tail","Philosopher\u0027s Stone"],"picked":"Pandora\u0027s Box"},{"not_picked":["Astrolabe","Black Blood"],"picked":"Busted Crown"}],"items_purged_floors":[3],"is_endless":false,"potions_floor_spawned":[10,12,13,16,18,25,30,33,35,37],"killed_by":"Jaw Worm Horde","ascension_level":1}