{"gold_per_floor":[111,122,122,25,25,25,57,74,74,91,91,108,108,123,123,224,224,240,240,252,167,167,167,167,185,185,185,185,216,216,232,232,232],"floor_reached":33,"playtime":3083,"items_purged":[],"score":267,"play_id":"9de83ed0-d212-4e34-9026-e987edaf7188","local_time":"20190322120228","is_ascension_mode":false,"campfire_choices":[{"data":"Anger","floor":6,"key":"SMITH"},{"data":"Anger","floor":11,"key":"SMITH"},{"floor":13,"key":"REST"},{"floor":15,"key":"REST"},{"floor":23,"key":"REST"},{"floor":27,"key":"REST"},{"floor":28,"key":"REST"},{"data":"Barricade","floor":30,"key":"SMITH"},{"floor":32,"key":"REST"}],"neow_cost":"NONE","seed_source_timestamp":4321220689059,"circlet_count":0,"master_deck":["Strike_R","Strike_R","Strike_R","Strike_R","Defend_R","Defend_R","Defend_R","Defend_R","Bash","Flex","Anger+1","Feel No Pain","Anger+1","Pommel Strike","Warcry","Burning Pact","Barricade+1","Power Through","Demon Form","Metallicize","Pommel Strike","Iron Wave","Seeing Red","Dark Embrace","Clash+1","Flex","RitualDagger","Impervious","Cleave+1","Anger+1"],"relics":["Velvet Choker","Bottled Flame","Sundial","Orrery","MutagenicStrength","WingedGreaves","Molten Egg 2","Centennial Puzzle"],"potions_floor_usage":[1,24,29,33,33,33],"damage_taken":[{"damage":0,"enemies":"Jaw Worm","floor":1,"turns":3},{"damage":0,"enemies":"Cultist","floor":2,"turns":3},{"damage":26,"enemies":"Lagavulin","floor":7,"turns":6},{"damage":0,"enemies":"2 Louse","floor":8,"turns":2},{"damage":6,"enemies":"Large Slime","floor":10,"turns":5},{"damage":0,"enemies":"Blue Slaver","floor":12,"turns":3},{"damage":10,"enemies":"Lots of Slimes","floor":14,"turns":4},{"damage":59,"enemies":"The Guardian","floor":16,"turns":12},{"damage":37,"enemies":"Shell Parasite","floor":18,"turns":8},{"damage":12,"enemies":"2 Thieves","floor":20,"turns":4},{"damage":15,"enemies":"Shelled Parasite and Fungi","floor":24,"turns":2},{"damage":22,"enemies":"3 Cultists","floor":25,"turns":5},{"damage":42,"enemies":"Book of Stabbing","floor":29,"turns":7},{"damage":0,"enemies":"Snake Plant","floor":31,"turns":4},{"damage":74,"enemies":"Collector","floor":33,"turns":8}],"seed_played":"1826548064811825777","potions_obtained":[{"floor":1,"key":"Fruit Juice"},{"floor":2,"key":"FearPotion"},{"floor":8,"key":"SmokeBomb"},{"floor":10,"key":"Regen Potion"},{"floor":16,"key":"Weak Potion"},{"floor":29,"key":"PowerPotion"},{"floor":31,"key":"Block Potion"}],"is_trial":false,"path_per_floor":["?","$","?","?","?","?"],"character_chosen":"IRONCLAD","items_purchased":["Feel No Pain","Anger"],"campfire_rested":6,"item_purchase_floors":[4,4],"current_hp_per_floor":[85,85,85,85,85,85,59,59,59,53,53,53,78,68,85,26,85,48,48,36,36,30,55,40,18,18,43,68,40,40,40,65,0],"gold":232,"neow_bonus":"BOSS_RELIC","is_prod":false,"is_daily":false,"chose_seed":false,"campfire_upgraded":3,"win_rate":0,"timestamp":1553270548,"path_taken":["M","M","?","?","?","R","E","M","T","M","R","M","R","M","R","BOSS","M","?","M","?","?","R","M","M","T","R","R","E","R","M","R","BOSS"],"build_version":"2019-01-23","purchased_purges":0,"victory":false,"max_hp_per_floor":[85,85,85,85,85,85,85,85,85,85,85,85,85,85,85,85,85,85,85,85,85,85,85,85,85,85,85,85,85,85,85,85,85],"card_choices":[{"not_picked":["Dropkick","Headbutt"],"picked":"Flex","floor":1},{"not_picked":["Clash","Iron Wave"],"picked":"Anger","floor":2},{"not_picked":["Searing Blow","Sever Soul"],"picked":"Pommel Strike","floor":7},{"not_picked":["Reckless Charge","Pummel"],"picked":"Warcry","floor":8},{"not_picked":["Thunderclap","Sever Soul"],"picked":"Burning Pact","floor":10},{"not_picked":["Feel No Pain","Heavy Blade"],"picked":"Barricade","floor":12},{"not_picked":["Iron Wave","Pummel"],"picked":"Power Through","floor":14},{"not_picked":["Fiend Fire","Reaper"],"picked":"Demon Form","floor":16},{"not_picked":["Heavy Blade","Iron Wave"],"picked":"Metallicize","floor":17},{"not_picked":["Reckless Charge","Rampage"],"picked":"Pommel Strike","floor":17},{"not_picked":["Spot Weakness","Heavy Blade"],"picked":"Iron Wave","floor":17},{"not_picked":["True Grit","Perfected Strike"],"picked":"Seeing Red","floor":17},{"not_picked":["Perfected Strike","Body Slam"],"picked":"Dark Embrace","floor":17},{"not_picked":["Shrug It Off","Blood for Blood"],"picked":"Clash+1","floor":18},{"not_picked":["Shrug It Off","Anger"],"picked":"Flex","floor":20},{"not_picked":["Anger","Combust"],"picked":"Impervious","floor":25},{"not_picked":["Warcry","Iron Wave+1"],"picked":"Cleave+1","floor":29},{"not_picked":["Hemokinesis+1","Sever Soul+1"],"picked":"Anger+1","floor":31}],"player_experience":11961,"relics_obtained":[{"floor":7,"key":"Bottled Flame"},{"floor":9,"key":"Sundial"},{"floor":26,"key":"Molten Egg 2"},{"floor":29,"key":"Centennial Puzzle"}],"event_choices":[{"cards_removed":["Strike_R"],"damage_healed":0,"gold_gain":0,"player_choice":"Card Removal","damage_taken":0,"max_hp_gain":0,"max_hp_loss":0,"event_name":"Wheel of Change","floor":3,"gold_loss":0},{"damage_healed":0,"gold_gain":0,"player_choice":"Ignored","damage_taken":0,"max_hp_gain":0,"max_hp_loss":0,"event_name":"Liars Game","floor":5,"gold_loss":0},{"damage_healed":0,"gold_gain":0,"player_choice":"Inject Mutagens","damage_taken":0,"relics_obtained":["MutagenicStrength"],"max_hp_gain":0,"max_hp_loss":0,"event_name":"Drug Dealer","floor":19,"gold_loss":0},{"damage_healed":0,"gold_gain":0,"player_choice":"Obtained Relic","damage_taken":0,"relics_obtained":["WingedGreaves"],"max_hp_gain":0,"max_hp_loss":0,"event_name":"Addict","floor":21,"gold_loss":85},{"damage_healed":0,"gold_gain":0,"player_choice":"Joined the Cult","damage_taken":6,"max_hp_gain":0,"max_hp_loss":0,"event_name":"Nest","floor":22,"gold_loss":0,"cards_obtained":["RitualDagger"]}],"is_beta":false,"boss_relics":[{"not_picked":["Runic Dome","Black Star"],"picked":"Orrery"}],"items_purged_floors":[],"is_endless":false,"potions_floor_spawned":[1,2,8,10,16,18,24,29,31],"killed_by":"Collector","ascension_level":0}