{"path_per_floor":["M","M","?","?","M","R","M","M","T","E","M","R","M","$","R","B",null,"M","?","?","M","$","R","M","R","T","R","?","M","T","M","R","B",null,"M","M","M","?","?","R","M","R","T","E","$","R","M","M","R","B"],"character_chosen":"DEFECT","items_purchased":["Cold Snap","Defragment+1","Mummified Hand"],"gold_per_floor":[114,125,125,75,94,94,109,126,174,204,220,220,230,132,132,203,203,221,221,221,234,134,134,154,154,177,177,102,118,141,161,161,238,238,248,261,273,273,273,273,283,283,283,318,33,33,53,66,66,66],"floor_reached":51,"campfire_rested":3,"playtime":7535,"item_purchase_floors":[],"current_hp_per_floor":[67,67,52,52,50,50,45,43,43,43,34,34,33,33,33,3,57,49,49,49,44,44,44,32,32,38,38,38,31,37,34,60,2,66,60,62,35,35,35,61,63,63,63,33,33,33,25,4,30,18],"items_purged":["Strike_B","Strike_B"],"gold":66,"score":1082,"play_id":"bd773279-40fd-4006-beee-06334ee495d1","local_time":"20180528200533","is_prod":false,"is_daily":false,"chose_seed":false,"is_ascension_mode":true,"campfire_upgraded":8,"win_rate":0,"timestamp":1527530733,"campfire_choices":[{"data":"Sweeping Beam","floor":6.0,"key":"SMITH"},{"data":"Chill","floor":12.0,"key":"SMITH"},{"data":"Zap","floor":15.0,"key":"SMITH"},{"data":"Dualcast","floor":23.0,"key":"SMITH"},{"data":"Turbo","floor":25.0,"key":"SMITH"},{"data":"Skim","floor":27.0,"key":"SMITH"},{"floor":32.0,"key":"REST"},{"floor":40.0,"key":"REST"},{"data":"Echo Form","floor":42.0,"key":"SMITH"},{"data":"Capacitor","floor":46.0,"key":"SMITH"},{"floor":49.0,"key":"REST"}],"path_taken":["M","M","?","?","M","R","M","M","T","E","M","R","?","$","R","BOSS","M","?","?","M","$","R","M","R","T","R","?","M","?","M","R","BOSS","M","M","M","?","?","R","M","R","T","E","$","R","M","?","R","BOSS"],"build_version":"2018-05-27","seed_source_timestamp":84279650607529,"purchased_purges":2,"victory":true,"master_deck":["Strike_B+1","Defend_B+1","Defend_B","Defend_B+1","Defend_B","Zap+1","Dualcast+1","AscendersBane","Steam+1","Sweeping Beam+1","Ball Lightning","Chill+1","Echo Form+1","Cold Snap","Stack","Compile Driver","Cold Snap","Machine Learning","Capacitor+1","Skim+1","Turbo+1","Blizzard+1","Writhe","Melter+1","Reboot","Barrage+1","Finesse","Recycle+1","Defragment+1"],"max_hp_per_floor":[75,75,75,75,75,75,75,75,75,75,75,75,75,75,75,75,75,75,75,75,75,75,75,75,75,81,81,81,81,87,87,87,87,87,87,87,87,87,87,87,87,87,87,87,87,87,87,87,87,87],"relics":["Cracked Core","War Paint","Darkstone Periapt","Cursed Key","Bag of Marbles","DataDisk","Blood Vial","White Beast Statue","Frozen Egg 2","Mummified Hand"],"card_choices":[{"not_picked":["Force Field","Fusion"],"picked":"Steam","floor":0.0},{"not_picked":["Reprogram","Double Energy"],"picked":"Sweeping Beam","floor":1.0},{"not_picked":["Redo","Aggregate"],"picked":"Ball Lightning","floor":2.0},{"not_picked":["Ball Lightning","Redo"],"picked":"Chill","floor":5.0},{"not_picked":["Go for the Eyes","Undo"],"picked":"Echo Form","floor":7.0},{"not_picked":["Rebound","Beam Cell","Steam Power"],"picked":"SKIP","floor":8.0},{"not_picked":["Beam Cell","Sweeping Beam"],"picked":"Cold Snap","floor":10.0},{"not_picked":["Hologram","Go for the Eyes"],"picked":"Stack","floor":11.0},{"not_picked":["Static Discharge","Ball Lightning"],"picked":"Compile Driver","floor":13.0},{"not_picked":["Amplify","Fission"],"picked":"Machine Learning","floor":16.0},{"not_picked":["Scrape","Redo"],"picked":"Capacitor","floor":18.0},{"not_picked":["BootSequence","Aggregate"],"picked":"Skim","floor":21.0},{"not_picked":["Sunder","Ball Lightning"],"picked":"Turbo","floor":24.0},{"not_picked":["Stack","Steam"],"picked":"Blizzard+1","floor":29.0},{"not_picked":["Gash","Steam"],"picked":"Melter+1","floor":31.0},{"not_picked":["Machine Learning","Hyperbeam"],"picked":"Reboot","floor":33.0},{"not_picked":["Coolheaded","Doom and Gloom"],"picked":"Barrage+1","floor":35.0},{"not_picked":["Reprogram","Leap","Darkness"],"picked":"SKIP","floor":36.0},{"not_picked":["Leap","Beam Cell+1","Redo"],"picked":"SKIP","floor":37.0},{"not_picked":["Magnetism","Deep Breath"],"picked":"Finesse","floor":38.0},{"not_picked":["Steam","Stack"],"picked":"Recycle+1","floor":41.0},{"not_picked":["Hyperbeam","Beam Cell","Conserve Battery"],"picked":"SKIP","floor":44.0},{"not_picked":["Leap","Ball Lightning","Hologram"],"picked":"SKIP","floor":47.0},{"not_picked":["Sweeping Beam","Steam","Blizzard+1"],"picked":"SKIP","floor":48.0}],"player_experience":148632,"potions_floor_usage":[50],"damage_taken":[{"damage":1.0,"enemies":"Cultist","floor":1.0,"turns":4.0},{"damage":0.0,"enemies":"2 Louse","floor":2.0,"turns":2.0},{"damage":2.0,"enemies":"Jaw Worm","floor":5.0,"turns":4.0},{"damage":5.0,"enemies":"Large Slime","floor":7.0,"turns":5.0},{"damage":2.0,"enemies":"Exordium Wildlife","floor":8.0,"turns":3.0},{"damage":0.0,"enemies":"3 Sentries","floor":10.0,"turns":8.0},{"damage":9.0,"enemies":"Gremlin Gang","floor":11.0,"turns":4.0},{"damage":1.0,"enemies":"Looter","floor":13.0,"turns":3.0},{"damage":30.0,"enemies":"Hexaghost","floor":16.0,"turns":10.0},{"damage":8.0,"enemies":"Shell Parasite","floor":18.0,"turns":6.0},{"damage":5.0,"enemies":"2 Thieves","floor":21.0,"turns":4.0},{"damage":12.0,"enemies":"Chosen and Byrds","floor":24.0,"turns":6.0},{"damage":7.0,"enemies":"Cultist and Chosen","floor":29.0,"turns":7.0},{"damage":5.0,"enemies":"Slaver and Parasite","floor":31.0,"turns":6.0},{"damage":60.0,"enemies":"Collector","floor":33.0,"turns":10.0},{"damage":8.0,"enemies":"3 Darklings","floor":35.0,"turns":6.0},{"damage":0.0,"enemies":"Orb Walker","floor":36.0,"turns":3.0},{"damage":29.0,"enemies":"4 Shapes","floor":37.0,"turns":5.0},{"damage":0.0,"enemies":"Flame Bruiser 2 Orb","floor":41.0,"turns":5.0},{"damage":32.0,"enemies":"Nemesis","floor":44.0,"turns":8.0},{"damage":10.0,"enemies":"Sphere and 2 Shapes","floor":47.0,"turns":3.0},{"damage":23.0,"enemies":"Transient","floor":48.0,"turns":5.0},{"damage":14,"enemies":"Awakened One","floor":50,"turns":15}],"relics_obtained":[{"floor":9.0,"key":"War Paint"},{"floor":10.0,"key":"Darkstone Periapt"},{"floor":26.0,"key":"DataDisk"},{"floor":30.0,"key":"Blood Vial"},{"floor":44.0,"key":"Frozen Egg 2"}],"event_choices":[{"event_name":"Shining Light","player_choice":"Entered Light","floor":3.0,"damage_taken":0.0},{"event_name":"The Cleric","player_choice":"Card Removal","floor":4.0,"damage_taken":0.0},{"event_name":"Vampires","player_choice":"Ignored","floor":19.0,"damage_taken":0.0},{"event_name":"The Mausoleum","player_choice":"Yes","floor":20.0,"damage_taken":0.0},{"event_name":"Beggar","player_choice":"Gave Gold","floor":28.0,"damage_taken":0.0},{"event_name":"SensoryStone","player_choice":"Memory 1","floor":38.0,"damage_taken":0.0},{"event_name":"Tomb of Lord Red Mask","player_choice":"Ignored","floor":39.0,"damage_taken":0.0}],"boss_relics":[],"items_purged_floors":[],"potions_floor_spawned":[2,5,7,11,13,21,24,33,35,36,37,41,44,47,48],"seed_played":"-5535512303454644740","ascension_level":13,"potions_obtained":[{"floor":2.0,"key":"Weak Potion"},{"floor":5.0,"key":"GamblersBrew"},{"floor":7.0,"key":"Weak Potion"},{"floor":11.0,"key":"Fire Potion"},{"floor":21.0,"key":"Dexterity Potion"},{"floor":24.0,"key":"Poison Potion"},{"floor":33.0,"key":"Poison Potion"},{"floor":35.0,"key":"SteroidPotion"},{"floor":41.0,"key":"Weak Potion"},{"floor":44.0,"key":"Energy Potion"},{"floor":47.0,"key":"Strength Potion"},{"floor":48.0,"key":"Swift Potion"}],"is_trial":false}