{"gold_per_floor":[110,14,25,25,44,44,44,59,59,99,27,27,27,27,27,147,147,162,183,202,202],"floor_reached":21,"playtime":2502,"items_purged":[],"score":179,"play_id":"cdb3998b-19f5-4a6b-924d-ae9f2179126d","local_time":"20190322124504","is_ascension_mode":false,"campfire_choices":[{"data":"Deadly Poison","floor":6,"key":"SMITH"},{"floor":12,"key":"REST"},{"floor":15,"key":"REST"}],"neow_cost":"NONE","seed_source_timestamp":7457948944847,"circlet_count":0,"master_deck":["Defend_G","Defend_G","Defend_G","Defend_G+1","Defend_G","Strike_G","Strike_G","Strike_G","Strike_G","Survivor","Neutralize+1","Slice","Backflip","Flying Knee","Underhanded Strike","Poisoned Stab","Deadly Poison+1","Blade Dance","Prepared","Prepared","PiercingWail","A Thousand Cuts","Quick Slash+1","Dodge and Roll","Noxious Fumes"],"relics":["Ring of the Snake","Golden Idol","Bronze Scales","Question Card","Velvet Choker"],"potions_floor_usage":[16,19,19,21],"damage_taken":[{"damage":3,"enemies":"Cultist","floor":1,"turns":5},{"damage":0,"enemies":"2 Louse","floor":3,"turns":3},{"damage":0,"enemies":"Jaw Worm","floor":5,"turns":2},{"damage":6,"enemies":"2 Fungi Beasts","floor":8,"turns":4},{"damage":30,"enemies":"Gremlin Nob","floor":10,"turns":5},{"damage":30,"enemies":"The Guardian","floor":16,"turns":9},{"damage":25,"enemies":"Spheric Guardian","floor":18,"turns":5},{"damage":2,"enemies":"2 Thieves","floor":19,"turns":2},{"damage":32,"enemies":"Sentry and Sphere","floor":20,"turns":6},{"damage":22,"enemies":"Masked Bandits","floor":21,"turns":3}],"seed_played":"3682669516679472092","potions_obtained":[{"floor":1,"key":"Explosive Potion"},{"floor":8,"key":"FearPotion"},{"floor":10,"key":"Ancient Potion"},{"floor":18,"key":"AttackPotion"},{"floor":20,"key":"SteroidPotion"}],"is_trial":false,"path_per_floor":["$","?","M","?","$","?","?"],"character_chosen":"THE_SILENT","items_purchased":["Backflip","Flying Knee","Prepared","PiercingWail"],"campfire_rested":2,"item_purchase_floors":[2,2,11,11],"current_hp_per_floor":[74,74,74,74,74,74,55,49,49,19,19,42,27,27,50,20,77,52,50,18,0],"gold":202,"neow_bonus":"TEN_PERCENT_HP_BONUS","is_prod":false,"is_daily":false,"chose_seed":false,"campfire_upgraded":1,"win_rate":0.0,"timestamp":1553273104,"path_taken":["M","?","M","?","?","R","?","M","T","E","?","R","?","$","R","BOSS","M","M","M","?"],"build_version":"2019-01-23","purchased_purges":0,"victory":false,"max_hp_per_floor":[77,77,77,77,77,77,77,77,77,77,77,77,77,77,77,77,77,77,77,77,77],"card_choices":[{"not_picked":["Heel Hook","Tactician"],"picked":"Slice","floor":1},{"not_picked":["Acrobatics","Dodge and Roll"],"picked":"Underhanded Strike","floor":3},{"not_picked":["Flying Knee","Backflip"],"picked":"Deadly Poison","floor":5},{"not_picked":["Prepared","Escape Plan"],"picked":"Blade Dance","floor":8},{"not_picked":["Blade Dance","Skewer"],"picked":"Prepared","floor":10},{"not_picked":["Venomology","After Image","Die Die Die"],"picked":"A Thousand Cuts","floor":16},{"not_picked":["Poisoned Stab","Distraction","Blade Dance"],"picked":"Quick Slash+1","floor":18},{"not_picked":["Flying Knee","Poisoned Stab","Escape Plan"],"picked":"Dodge and Roll","floor":19},{"not_picked":["Eviscerate","Terror","Slice"],"picked":"Noxious Fumes","floor":20}],"player_experience":15044,"relics_obtained":[{"floor":9,"key":"Bronze Scales"},{"floor":10,"key":"Question Card"}],"event_choices":[{"damage_healed":0,"gold_gain":0,"cards_transformed":["Strike_G"],"player_choice":"Transformed","damage_taken":0,"max_hp_gain":0,"max_hp_loss":0,"event_name":"Transmorgrifier","floor":4,"gold_loss":0,"cards_obtained":["Poisoned Stab"]},{"damage_healed":0,"gold_gain":0,"player_choice":"Take Damage","damage_taken":19,"relics_obtained":["Golden Idol"],"max_hp_gain":0,"max_hp_loss":0,"event_name":"Golden Idol","floor":7,"gold_loss":0},{"damage_healed":0,"gold_gain":0,"player_choice":"Entered Light","damage_taken":15,"max_hp_gain":0,"max_hp_loss":0,"event_name":"Shining Light","floor":13,"gold_loss":0,"cards_upgraded":["Defend_G","Neutralize"]},{"damage_healed":0,"gold_gain":0,"player_choice":"Fought Bandits","damage_taken":0,"max_hp_gain":0,"max_hp_loss":0,"event_name":"Masked Bandits","floor":21,"gold_loss":0}],"is_beta":false,"boss_relics":[{"not_picked":["Runic Dome","Eternal Feather"],"picked":"Velvet Choker"}],"items_purged_floors":[],"is_endless":false,"potions_floor_spawned":[1,8,10,18,20],"killed_by":"Masked Bandits","ascension_level":0}