{"gold_per_floor":[114,131,150,162,237,237,247,247,247,247,265,284,297,313,313,415,415,435,450,450,375,385,385,415,432,432,432,442,104,118,118,118,118],"floor_reached":33,"playtime":1542,"items_purged":["Strike_G","Defend_G"],"score":265,"play_id":"2b649555-5ffe-461d-a731-f25c5a5ebc13","local_time":"20190406022924","is_ascension_mode":false,"campfire_choices":[{"data":"Neutralize","floor":6,"key":"SMITH"},{"data":"Dagger Spray","floor":8,"key":"SMITH"},{"data":"Footwork","floor":10,"key":"SMITH"},{"data":"Survivor","floor":15,"key":"SMITH"},{"data":"Deflect","floor":23,"key":"SMITH"},{"data":"Flying Knee","floor":27,"key":"SMITH"},{"data":"Slice","floor":32,"key":"SMITH"}],"neow_cost":"NONE","seed_source_timestamp":1892823704768667,"circlet_count":0,"master_deck":["Defend_G","Defend_G+1","Defend_G","Strike_G","Strike_G","Strike_G","Strike_G","Survivor+1","Neutralize+1","Footwork+1","Flying Knee+1","Dagger Spray+1","Dodge and Roll+1","After Image","Deflect+1","Quick Slash+1","Backflip+1","Slice+1"],"relics":["Ring of the Snake","NeowsBlessing","Bottled Flame","Sozu","War Paint","Singing Bowl","Paper Crane"],"potions_floor_usage":[7,13,16],"damage_taken":[{"damage":0,"enemies":"Cultist","floor":1,"turns":1},{"damage":0,"enemies":"Small Slimes","floor":2,"turns":1},{"damage":0,"enemies":"2 Louse","floor":3,"turns":1},{"damage":1,"enemies":"Red Slaver","floor":4,"turns":5},{"damage":14,"enemies":"Large Slime","floor":7,"turns":6},{"damage":0,"enemies":"Exordium Wildlife","floor":11,"turns":3},{"damage":1,"enemies":"Blue Slaver","floor":12,"turns":4},{"damage":3,"enemies":"Looter","floor":13,"turns":3},{"damage":5,"enemies":"2 Fungi Beasts","floor":14,"turns":3},{"damage":38,"enemies":"The Guardian","floor":16,"turns":15},{"damage":0,"enemies":"3 Byrds","floor":18,"turns":5},{"damage":1,"enemies":"Chosen","floor":19,"turns":8},{"damage":0,"enemies":"Shelled Parasite and Fungi","floor":22,"turns":11},{"damage":22,"enemies":"Slavers","floor":24,"turns":12},{"damage":3,"enemies":"Sentry and Sphere","floor":25,"turns":10},{"damage":6,"enemies":"Snecko","floor":28,"turns":8},{"damage":0,"enemies":"Snake Plant","floor":30,"turns":8},{"damage":63,"enemies":"Champ","floor":33,"turns":26}],"seed_played":"9044265202384291662","potions_obtained":[{"floor":1,"key":"Dexterity Potion"},{"floor":2,"key":"Regen Potion"},{"floor":11,"key":"AttackPotion"},{"floor":12,"key":"AttackPotion"}],"is_trial":false,"path_per_floor":["M","M","M","M","?","R","M","R","T","R","M","M","M","M","R","B",null,"M","M","?","$","M","R","E","M","T","R","M","$","M","?","R","B"],"character_chosen":"THE_SILENT","items_purchased":["Paper Crane"],"campfire_rested":0,"item_purchase_floors":[29],"current_hp_per_floor":[70,70,70,69,58,58,58,58,58,58,58,57,54,49,49,11,70,70,69,70,70,70,70,48,45,45,45,39,39,39,39,39,0],"gold":118,"neow_bonus":"THREE_ENEMY_KILL","is_prod":false,"is_daily":false,"chose_seed":false,"campfire_upgraded":7,"win_rate":0,"timestamp":1554478164,"path_taken":["M","?","?","M","?","R","M","R","T","R","M","M","M","M","R","BOSS","M","M","?","$","M","R","E","M","T","R","?","$","M","?","R","BOSS"],"build_version":"2019-01-23","purchased_purges":2,"victory":false,"max_hp_per_floor":[70,70,70,70,70,70,70,70,70,70,70,70,70,70,70,70,70,70,70,70,70,70,70,70,70,70,70,70,70,70,70,70,70],"card_choices":[{"not_picked":["Deflect","PiercingWail"],"picked":"Footwork","floor":1},{"not_picked":["Underhanded Strike","Masterful Stab"],"picked":"Caltrops","floor":2},{"not_picked":["Bane","Masterful Stab"],"picked":"Flying Knee","floor":3},{"not_picked":["Reflex","Flechettes"],"picked":"Dagger Spray","floor":4},{"not_picked":["Setup","Predator","Prepared"],"picked":"SKIP","floor":7},{"not_picked":["Prepared","Flying Knee"],"picked":"Dodge and Roll","floor":11},{"not_picked":["Expertise","Reflex","Acrobatics"],"picked":"SKIP","floor":12},{"not_picked":["Bane","Masterful Stab","Underhanded Strike"],"picked":"SKIP","floor":13},{"not_picked":["Dodge and Roll","Flying Knee","Outmaneuver"],"picked":"SKIP","floor":14},{"not_picked":["Unload","A Thousand Cuts"],"picked":"After Image","floor":16},{"not_picked":["Underhanded Strike","Quick Slash"],"picked":"Deflect","floor":18},{"not_picked":["Setup+1","Deflect","Dodge and Roll"],"picked":"SKIP","floor":19},{"not_picked":["Masterful Stab","Blade Dance","Sucker Punch"],"picked":"SKIP","floor":22},{"not_picked":["Outmaneuver","Prepared+1"],"picked":"Quick Slash+1","floor":24},{"not_picked":["Dagger Spray","Terror+1","Venomology"],"picked":"SKIP","floor":25},{"not_picked":["Flechettes","Reflex+1"],"picked":"Backflip+1","floor":28},{"not_picked":["Calculated Gamble+1","Sucker Punch"],"picked":"Slice","floor":30}],"player_experience":461318,"relics_obtained":[{"floor":9,"key":"Bottled Flame"},{"floor":24,"key":"War Paint"},{"floor":26,"key":"Singing Bowl"}],"event_choices":[{"damage_healed":0,"gold_gain":75,"player_choice":"Gather Gold","damage_taken":11,"max_hp_gain":0,"max_hp_loss":0,"event_name":"World of Goop","floor":5,"gold_loss":0},{"cards_removed":["Caltrops"],"damage_healed":1,"gold_gain":0,"player_choice":"Offered Uncommon","damage_taken":0,"max_hp_gain":0,"max_hp_loss":0,"event_name":"Bonfire Elementals","floor":20,"gold_loss":0},{"cards_removed":["Defend_G"],"damage_healed":0,"gold_gain":0,"player_choice":"Purged","damage_taken":0,"max_hp_gain":0,"max_hp_loss":0,"event_name":"Purifier","floor":31,"gold_loss":0}],"is_beta":false,"boss_relics":[{"not_picked":["Runic Dome","Astrolabe"],"picked":"Sozu"}],"items_purged_floors":[21,29],"is_endless":false,"potions_floor_spawned":[1,2,11,12,18,22,25],"killed_by":"Champ","ascension_level":0}