{"path_per_floor":["M","?","?","$","?","E","R","M","T","M","M","R","?","M","R","B",null,"M"],"character_chosen":"THE_SILENT","items_purchased":[],"gold_per_floor":[114,114,114,39,39,69,69,84,109,124,139,139,139,154,154,254,254,269],"floor_reached":19,"campfire_rested":2,"playtime":1031,"current_hp_per_floor":[70,70,70,70,70,30,51,50,50,50,36,36,36,18,39,9,9,35],"items_purged":["Strike_G"],"gold":269,"score":167,"play_id":"521160c2-f1e9-4fc4-a288-0aab02f8be84","local_time":"20180304155031","daily_mods":[{"name":"Diverse","description":"Start with 2 cards from another class.","modID":"Diverse","img":{"data":{"file":{"file":{"path":"images\\ui\\run_mods\\diverse.png"},"type":"Internal"},"width":64,"height":64,"format":"RGBA8888","useMipMaps":false,"isPrepared":false},"glTarget":3553,"glHandle":685,"minFilter":"Linear","magFilter":"Linear","uWrap":"ClampToEdge","vWrap":"ClampToEdge"},"positive":true},{"name":"Lethal Enemies","description":"All enemies start with +3 Strength.","modID":"Lethal Enemies","img":{"data":{"file":{"file":{"path":"images\\ui\\run_mods\\lethal_enemies.png"},"type":"Internal"},"width":64,"height":64,"format":"RGBA8888","useMipMaps":false,"isPrepared":false},"glTarget":3553,"glHandle":675,"minFilter":"Linear","magFilter":"Linear","uWrap":"ClampToEdge","vWrap":"ClampToEdge"},"positive":false},{"name":"Restless Journey","description":"You no longer heal when entering new acts.","modID":"Restless Journey","img":{"data":{"file":{"file":{"path":"images\\ui\\run_mods\\restless_journey.png"},"type":"Internal"},"width":64,"height":64,"format":"RGBA8888","useMipMaps":false,"isPrepared":false},"glTarget":3553,"glHandle":676,"minFilter":"Linear","magFilter":"Linear","uWrap":"ClampToEdge","vWrap":"ClampToEdge"},"positive":false},{"name":"Binary","description":"Card rewards contain only 2 cards.","modID":"Binary","img":{"data":{"file":{"file":{"path":"images\\ui\\run_mods\\binary.png"},"type":"Internal"},"width":64,"height":64,"format":"RGBA8888","useMipMaps":false,"isPrepared":false},"glTarget":3553,"glHandle":680,"minFilter":"Linear","magFilter":"Linear","uWrap":"ClampToEdge","vWrap":"ClampToEdge"},"positive":false}],"is_prod":false,"is_daily":true,"is_ascension_mode":false,"campfire_upgraded":1,"timestamp":1520175031,"path_taken":["M","?","?","?","?","E","R","?","T","M","?","R","?","M","R","BOSS","M","M"],"build_version":"2018-03-01-PROD1","purchased_purges":1,"victory":false,"master_deck":["Defend_G","Defend_G","Defend_G","Defend_G","Defend_G","Strike_G","Strike_G","Strike_G","Survivor","Neutralize","Sever Soul","Noxious Fumes+1","Riddle With Holes","Outmaneuver+1","Backflip","Deflect+1","Backflip","Acrobatics","Burst"],"max_hp_per_floor":[70,70,70,70,70,70,70,70,70,70,70,70,70,70,70,70,70,70],"relics":["Ring of the Snake","Sundial","Vajra","Lizard Tail"],"card_choices":[{"not_picked":["PiercingWail"],"picked":"Noxious Fumes"},{"not_picked":["Poisoned Stab"],"picked":"Outmaneuver"},{"not_picked":["Dagger Spray"],"picked":"Backflip"},{"not_picked":["Dagger Throw"],"picked":"Deflect"},{"not_picked":["Caltrops"],"picked":"Backflip"},{"not_picked":["Sucker Punch"],"picked":"Acrobatics"},{"not_picked":["Glass Knife"],"picked":"Burst"}],"player_experience":197485,"potions_floor_usage":[14,18,19],"damage_taken":[{"damage":0,"enemies":"Small Slimes","floor":1,"turns":3},{"damage":40,"enemies":"3 Sentries","floor":6,"turns":6},{"damage":1,"enemies":"Cultist","floor":8,"turns":3},{"damage":0,"enemies":"2 Louse","floor":10,"turns":2},{"damage":14,"enemies":"Exordium Wildlife","floor":11,"turns":5},{"damage":18,"enemies":"Exordium Thugs","floor":14,"turns":6},{"damage":30,"enemies":"Slime Boss","floor":16,"turns":10},{"damage":19,"enemies":"Spheric Guardian","floor":18,"turns":4},{"damage":39,"enemies":"3 Byrds","floor":19,"turns":3}],"event_choices":[{"event_name":"Transmorgrifier","player_choice":"Transform","floor":2,"damage_taken":0},{"event_name":"Bonfire Elementals","player_choice":"BASIC","floor":3,"damage_taken":0},{"event_name":"Living Wall","player_choice":"Grow","floor":5,"damage_taken":0},{"event_name":"Upgrade Shrine","player_choice":"Upgraded","floor":13,"damage_taken":0}],"boss_relics":[{"not_picked":["White Beast Statue","Astrolabe"],"picked":"Lizard Tail"}],"potions_floor_spawned":[1,16,18],"seed_played":"2393319582917663715","killed_by":"3 Byrds","ascension_level":0,"is_trial":false}