{"gold_per_floor":[116,14,32,32,32,32,32,62,62,97,116,148,148,160,160,263,263,263,203,203,173,173,173,173,173,173,173,173],"floor_reached":28,"playtime":1396,"items_purged":["Regret"],"score":315,"play_id":"2e913a2a-a405-46c2-a393-2f532cab54a6","local_time":"20190320004329","is_ascension_mode":true,"campfire_choices":[{"data":"Echo Form","floor":6,"key":"SMITH"},{"data":"Dualcast","floor":13,"key":"SMITH"},{"floor":15,"key":"REST"},{"data":"Zap","floor":24,"key":"SMITH"},{"data":"Undo","floor":27,"key":"SMITH"}],"neow_cost":"NONE","seed_source_timestamp":8093446179819,"circlet_count":0,"master_deck":["Strike_B","Strike_B","Strike_B","Strike_B","Defend_B","Defend_B","Defend_B","Defend_B","Zap+1","Dualcast+1","Streamline","Defragment","Streamline","Echo Form+1","Coolheaded","Electrodynamics+1","Go for the Eyes","Cold Snap","Compile Driver","Compile Driver","Cold Snap","Seek","Ball Lightning","Cold Snap","Undo+1","Redo","White Noise+1"],"relics":["Cracked Core","Bottled Lightning","Darkstone Periapt","The Courier","Frozen Egg 2","Prayer Wheel","Blood Vial","Ectoplasm","Pear","Enchiridion","Strawberry"],"potions_floor_usage":[10,12,16,28],"damage_taken":[{"damage":2,"enemies":"Cultist","floor":1,"turns":5},{"damage":0,"enemies":"2 Louse","floor":3,"turns":3},{"damage":21,"enemies":"Lagavulin","floor":8,"turns":6},{"damage":18,"enemies":"Gremlin Nob","floor":10,"turns":4},{"damage":5,"enemies":"Jaw Worm","floor":11,"turns":3},{"damage":22,"enemies":"Lagavulin","floor":12,"turns":9},{"damage":4,"enemies":"3 Louse","floor":14,"turns":4},{"damage":28,"enemies":"Hexaghost","floor":16,"turns":10},{"damage":15,"enemies":"3 Byrds","floor":18,"turns":3},{"damage":12,"enemies":"2 Thieves","floor":21,"turns":2},{"damage":16,"enemies":"Gremlin Leader","floor":23,"turns":6},{"damage":36,"enemies":"Slavers","floor":28,"turns":3}],"seed_played":"1652236690740177141","potions_obtained":[{"floor":8,"key":"Regen Potion"},{"floor":11,"key":"Fire Potion"},{"floor":12,"key":"Regen Potion"},{"floor":16,"key":"Block Potion"},{"floor":18,"key":"EssenceOfSteel"}],"is_trial":false,"path_per_floor":["M","$","M","T","?","R","$","E","T","E","M","E","R","M","R","B",null,"M","$","?","M","$","E","R","?","T","R","E"],"character_chosen":"DEFECT","items_purchased":["Defragment","Streamline"],"campfire_rested":1,"item_purchase_floors":[2,2],"current_hp_per_floor":[80,80,80,80,86,86,86,65,65,52,47,25,25,23,49,38,88,73,73,56,46,46,42,42,26,33,33,0],"gold":173,"neow_bonus":"TEN_PERCENT_HP_BONUS","is_prod":false,"is_daily":false,"chose_seed":false,"campfire_upgraded":4,"win_rate":0,"timestamp":1553060609,"path_taken":["M","?","M","?","?","R","$","E","T","E","M","E","R","M","R","BOSS","M","$","?","M","$","E","R","?","T","R","E"],"build_version":"2019-01-23","purchased_purges":1,"victory":false,"max_hp_per_floor":[82,82,82,82,88,88,88,88,88,88,88,88,88,88,88,88,88,88,88,93,93,93,103,103,103,110,110,110],"card_choices":[{"not_picked":["Barrage","Compile Driver"],"picked":"Streamline","floor":1},{"not_picked":["Melter","Streamline"],"picked":"Echo Form","floor":3},{"not_picked":["Darkness","Turbo"],"picked":"Coolheaded","floor":8},{"not_picked":["Aggregate","Scrape"],"picked":"Electrodynamics+1","floor":10},{"not_picked":["Beam Cell","Redo"],"picked":"Go for the Eyes","floor":11},{"not_picked":["Lockon","Consume"],"picked":"Cold Snap","floor":11},{"not_picked":["Rebound","Ball Lightning"],"picked":"Compile Driver","floor":12},{"not_picked":["Rip and Tear","Sunder"],"picked":"Compile Driver","floor":14},{"not_picked":["Reinforced Body","Thunder Strike"],"picked":"Cold Snap","floor":14},{"not_picked":["All For One","Thunder Strike"],"picked":"Seek","floor":16},{"not_picked":["Fusion","Go for the Eyes"],"picked":"Ball Lightning","floor":18},{"not_picked":["Blizzard","Steam Power"],"picked":"Cold Snap","floor":18},{"not_picked":["Darkness","Steam"],"picked":"Undo","floor":21},{"not_picked":["Chill","Storm+1"],"picked":"Redo","floor":21},{"not_picked":["Self Repair+1","Beam Cell+1"],"picked":"White Noise+1","floor":23}],"player_experience":84154,"relics_obtained":[{"floor":4,"key":"Bottled Lightning"},{"floor":8,"key":"The Courier"},{"floor":9,"key":"Frozen Egg 2"},{"floor":10,"key":"Prayer Wheel"},{"floor":12,"key":"Blood Vial"},{"floor":23,"key":"Pear"},{"floor":25,"key":"Enchiridion"},{"floor":26,"key":"Strawberry"}],"event_choices":[{"damage_healed":0,"gold_gain":0,"player_choice":"Box","damage_taken":0,"relics_obtained":["Darkstone Periapt"],"max_hp_gain":0,"max_hp_loss":0,"event_name":"Big Fish","floor":5,"gold_loss":0,"cards_obtained":["Regret"]},{"damage_healed":0,"gold_gain":0,"player_choice":"Shed Blood","damage_taken":22,"max_hp_gain":5,"max_hp_loss":0,"event_name":"Forgotten Altar","floor":20,"gold_loss":0},{"damage_healed":0,"gold_gain":0,"player_choice":"Obtained Book","damage_taken":16,"max_hp_gain":0,"max_hp_loss":0,"event_name":"Cursed Tome","floor":25,"gold_loss":0}],"is_beta":false,"boss_relics":[{"not_picked":["White Beast Statue","Coffee Dripper"],"picked":"Ectoplasm"}],"items_purged_floors":[19],"is_endless":false,"potions_floor_spawned":[8,11,12,16,18],"killed_by":"Slavers","ascension_level":1}