{"path_per_floor":["M","?","M","?","$","R","M","R","T","M","M","M","E","?","R","B",null,"M","?","$","?","M","R","M","R","T","?","$","R","M","M","R","B",null,"M","?","$","?","M","E","R","T","T","M","$"],"character_chosen":"DEFECT","items_purchased":["Happy Flower","Ball Lightning","FocusPotion","Self Repair","Conserve Battery","Lantern","Capacitor"],"gold_per_floor":[369,369,385,385,29,29,43,43,67,87,102,118,146,146,146,243,243,260,260,1,1,18,18,31,31,31,31,31,31,49,61,61,156,186,203,203,49,49,69,101,101,101,101,116,94,94],"floor_reached":46,"campfire_rested":0,"playtime":4096,"item_purchase_floors":[5,5,5,20,20,37,45],"current_hp_per_floor":[61,47,44,32,32,32,32,32,32,14,16,12,14,19,19,21,60,57,57,57,57,63,63,64,64,64,64,64,64,70,73,73,36,69,55,55,55,55,61,55,55,55,55,57,57,0],"items_purged":["Strike_B","Defend_B"],"gold":94,"score":822,"play_id":"bd884176-b334-480d-b8ba-7982243e9562","local_time":"20180525155256","is_prod":false,"is_daily":false,"chose_seed":false,"is_ascension_mode":true,"campfire_upgraded":8,"win_rate":0,"timestamp":1527256376,"campfire_choices":[{"data":"Darkness","floor":6,"key":"SMITH"},{"data":"Zap","floor":8,"key":"SMITH"},{"data":"Loop","floor":15,"key":"SMITH"},{"data":"Machine Learning","floor":23,"key":"SMITH"},{"data":"Dualcast","floor":25,"key":"SMITH"},{"data":"Self Repair","floor":29,"key":"SMITH"},{"data":"Compile Driver","floor":32,"key":"SMITH"},{"data":"Hologram","floor":41,"key":"SMITH"}],"path_taken":["M","?","?","?","$","R","M","R","T","M","M","M","E","?","R","BOSS","M","?","$","?","M","R","M","R","T","?","?","R","M","M","R","BOSS","M","?","$","?","M","E","R","?","T","M","$","M"],"build_version":"2018-05-24","seed_source_timestamp":523235971481364,"purchased_purges":2,"victory":false,"master_deck":["Strike_B","Strike_B+1","Strike_B","Defend_B+1","Defend_B+1","Zap+1","Dualcast+1","AscendersBane","Darkness+1","Glacier+1","Ball Lightning+1","Leap+1","Genetic Algorithm","Reinforced Body+1","Loop+1","Machine Learning+1","Self Repair+1","Conserve Battery","Cold Snap","Compile Driver+1","Core Surge","Steam+1","Melter+1","Hologram+1","Capacitor"],"max_hp_per_floor":[68,68,68,68,68,68,68,68,68,68,68,68,68,73,73,73,73,73,73,73,73,73,73,73,73,73,73,73,73,73,73,73,73,78,78,78,78,78,78,78,78,78,78,78,78,78],"relics":["Cracked Core","Blood Vial","Happy Flower","Whetstone","Emotion Chip","Sozu","Cables","Tiny House","Lantern","Turnip","War Paint","Bottled Tornado"],"card_choices":[{"not_picked":["BootSequence","Melter"],"picked":"Darkness","floor":1},{"not_picked":["Streamline","Barrage"],"picked":"Glacier","floor":3},{"not_picked":["Redo","Stack"],"picked":"Leap","floor":7},{"not_picked":["Sweeping Beam","Rip and Tear"],"picked":"Genetic Algorithm","floor":10},{"not_picked":["Double Energy","Beam Cell"],"picked":"Reinforced Body","floor":11},{"not_picked":["Redo","Blizzard","Beam Cell"],"picked":"SKIP","floor":12},{"not_picked":["Blizzard","Capacitor"],"picked":"Loop","floor":13},{"not_picked":["Fission","Multi-Cast"],"picked":"Machine Learning","floor":16},{"not_picked":["Barrage","Rebound","Lockon"],"picked":"SKIP","floor":18},{"not_picked":["Rip and Tear+1","Recycle"],"picked":"Cold Snap","floor":22},{"not_picked":["Sweeping Beam","Double Energy","Streamline+1"],"picked":"SKIP","floor":24},{"not_picked":["Reprogram","Self Repair","Aggregate"],"picked":"SKIP","floor":30},{"not_picked":["Hyperbeam","Rebound+1"],"picked":"Compile Driver","floor":31},{"not_picked":["Biased Cognition","All For One"],"picked":"Core Surge","floor":33},{"not_picked":["Cold Snap","White Noise"],"picked":"Steam+1","floor":34},{"not_picked":["Steam","Blizzard"],"picked":"Melter+1","floor":35},{"not_picked":["Heatsinks+1","Redo"],"picked":"Hologram","floor":39},{"not_picked":["Skim","Storm","Sunder"],"picked":"SKIP","floor":40},{"not_picked":["Barrage","Skim","Glacier"],"picked":"SKIP","floor":44}],"player_experience":111641,"potions_floor_usage":[13,13,16],"damage_taken":[{"damage":7,"enemies":"2 Louse","floor":1,"turns":3},{"damage":3,"enemies":"Small Slimes","floor":3,"turns":4},{"damage":2,"enemies":"Jaw Worm","floor":7,"turns":3},{"damage":20,"enemies":"Gremlin Gang","floor":10,"turns":4},{"damage":0,"enemies":"2 Fungi Beasts","floor":11,"turns":3},{"damage":6,"enemies":"Exordium Thugs","floor":12,"turns":3},{"damage":0,"enemies":"3 Sentries","floor":13,"turns":6},{"damage":0,"enemies":"Hexaghost","floor":16,"turns":7},{"damage":5,"enemies":"Chosen","floor":18,"turns":5},{"damage":3,"enemies":"Spheric Guardian","floor":22,"turns":5},{"damage":8,"enemies":"3 Cultists","floor":24,"turns":6},{"damage":6,"enemies":"Chosen and Byrds","floor":30,"turns":6},{"damage":1,"enemies":"Cultist and Chosen","floor":31,"turns":6},{"damage":47,"enemies":"Collector","floor":33,"turns":8},{"damage":26,"enemies":"3 Darklings","floor":35,"turns":6},{"damage":6,"enemies":"3 Shapes","floor":39,"turns":4},{"damage":18,"enemies":"Nemesis","floor":40,"turns":5},{"damage":0,"enemies":"Spire Growth","floor":44,"turns":4},{"damage":69,"enemies":"4 Shapes","floor":46,"turns":3}],"relics_obtained":[{"floor":9,"key":"Whetstone"},{"floor":13,"key":"Emotion Chip"},{"floor":26,"key":"Cables"},{"floor":40,"key":"Turnip"},{"floor":42,"key":"War Paint"},{"floor":43,"key":"Bottled Tornado"}],"event_choices":[{"event_name":"Shining Light","player_choice":"Entered Light","floor":2,"damage_taken":0},{"event_name":"Scrap Ooze","player_choice":"success","floor":4,"damage_taken":12},{"event_name":"Big Fish","player_choice":"Donut","floor":14,"damage_taken":0},{"event_name":"Drug Dealer","player_choice":"Ignored","floor":19,"damage_taken":0},{"event_name":"Back to Basics","player_choice":"Elegance","floor":21,"damage_taken":0},{"event_name":"Cursed Tome","player_choice":"Ignored","floor":27,"damage_taken":0},{"event_name":"Tomb of Lord Red Mask","player_choice":"Ignored","floor":36,"damage_taken":0},{"event_name":"Mysterious Sphere","player_choice":"Ignore","floor":38,"damage_taken":0}],"boss_relics":[{"not_picked":["White Beast Statue","Inserter"],"picked":"Sozu"},{"not_picked":["Philosopher\u0027s Stone","Black Star"],"picked":"Tiny House"}],"items_purged_floors":[5,20],"potions_floor_spawned":[1,3,10,13,22,30],"seed_played":"-3581079798519392613","killed_by":"4 Shapes","ascension_level":10,"potions_obtained":[{"floor":1,"key":"FearPotion"},{"floor":3,"key":"Fire Potion"},{"floor":10,"key":"Poison Potion"},{"floor":13,"key":"SpeedPotion"}],"is_trial":false}