{"gold_per_floor":[113,129,129,140,159,159,186,198,198,215,215,241,241,266,266,343,343,353,370,370,82,82,82,115,133,133,133,144,158,158,58,58,132,132,152,172,172,172,183,183,213,233,287,287,301,301,15,50,50,50,50],"floor_reached":52,"playtime":3334,"items_purged":["Strike_B","Defend_B","Defend_B"],"score":2104,"play_id":"44ec5e9d-33fb-48f6-8e21-274bce730a42","local_time":"20190118230424","is_ascension_mode":true,"campfire_choices":[{"data":"Zap","floor":6,"key":"SMITH"},{"data":"Thunder Strike","floor":11,"key":"SMITH"},{"data":"Defragment","floor":13,"key":"SMITH"},{"data":"Tempest","floor":15,"key":"SMITH"},{"data":"Fission","floor":23,"key":"SMITH"},{"floor":27,"key":"REST"},{"floor":30,"key":"REST"},{"data":"Dualcast","floor":32,"key":"SMITH"},{"data":"Seek","floor":40,"key":"SMITH"},{"floor":44,"key":"REST"},{"floor":46,"key":"REST"},{"data":"Reboot","floor":49,"key":"SMITH"}],"neow_cost":"NONE","seed_source_timestamp":726321765848177,"circlet_count":0,"master_deck":["AscendersBane","Defend_B","Defend_B+1","Zap+1","Dualcast+1","Thunder Strike+1","Ball Lightning","Ball Lightning","Defragment+1","Glacier","Ball Lightning","Glacier","Tempest+1","Fission+1","Ball Lightning+1","Ball Lightning+1","Reboot+1","Leap+1","Seek+1","Go for the Eyes+1","Coolheaded+1"],"relics":["Cracked Core","Orichalcum","Cables","Molten Egg 2","Gremlin Horn","Lizard Tail","Runic Capacitor","Letter Opener","Blue Candle","Inserter","Mummified Hand","Strawberry","DataDisk","War Paint"],"potions_floor_usage":[7,12,18,24,25,33,41,50],"damage_taken":[{"damage":3,"enemies":"2 Louse","floor":1,"turns":4},{"damage":0,"enemies":"Cultist","floor":2,"turns":3},{"damage":4,"enemies":"Jaw Worm","floor":4,"turns":3},{"damage":16,"enemies":"Large Slime","floor":5,"turns":4},{"damage":1,"enemies":"Lagavulin","floor":7,"turns":7},{"damage":16,"enemies":"Exordium Wildlife","floor":8,"turns":4},{"damage":7,"enemies":"2 Fungi Beasts","floor":10,"turns":3},{"damage":6,"enemies":"Gremlin Nob","floor":12,"turns":4},{"damage":11,"enemies":"Lagavulin","floor":14,"turns":6},{"damage":8,"enemies":"Hexaghost","floor":16,"turns":9},{"damage":19,"enemies":"2 Thieves","floor":18,"turns":3},{"damage":0,"enemies":"Chosen","floor":19,"turns":4},{"damage":15,"enemies":"Book of Stabbing","floor":24,"turns":4},{"damage":23,"enemies":"Snake Plant","floor":25,"turns":3},{"damage":0,"enemies":"3 Cultists","floor":28,"turns":2},{"damage":0,"enemies":"Sentry and Sphere","floor":29,"turns":3},{"damage":0,"enemies":"Champ","floor":33,"turns":7},{"damage":29,"enemies":"3 Darklings","floor":35,"turns":2},{"damage":7,"enemies":"Orb Walker","floor":36,"turns":3},{"damage":19,"enemies":"Spire Growth","floor":39,"turns":4},{"damage":27,"enemies":"Reptomancer","floor":41,"turns":3},{"damage":7,"enemies":"Sphere and 2 Shapes","floor":42,"turns":3},{"damage":4,"enemies":"3 Darklings","floor":45,"turns":3},{"damage":0,"enemies":"Giant Head","floor":48,"turns":4},{"damage":11,"enemies":"Time Eater","floor":50,"turns":12},{"damage":0,"enemies":"Awakened One","floor":51,"turns":12}],"seed_played":"4200467129442896794","potions_obtained":[{"floor":5,"key":"Regen Potion"},{"floor":8,"key":"FocusPotion"},{"floor":10,"key":"FairyPotion"},{"floor":14,"key":"SpeedPotion"},{"floor":19,"key":"LiquidBronze"},{"floor":24,"key":"Swift Potion"},{"floor":28,"key":"FocusPotion"},{"floor":35,"key":"Ancient Potion"},{"floor":36,"key":"Explosive Potion"},{"floor":41,"key":"PowerPotion"}],"is_trial":false,"path_per_floor":["M","M","?","M","M","R","E","M","T","M","R","E","R","E","R","B",null,"M","M","?","$","?","R","E","M","T","R","M","M","R","$","R","B",null,"M","M","?","?","M","R","E","M","T","R","M","R","$","E","R","B","B",null],"character_chosen":"DEFECT","items_purchased":["Runic Capacitor","DataDisk"],"campfire_rested":4,"item_purchase_floors":[21,47],"current_hp_per_floor":[61,61,61,57,41,41,55,39,39,32,32,26,26,15,15,7,55,36,36,36,36,36,36,21,7,7,28,28,28,49,49,49,49,66,37,30,30,67,48,48,21,14,21,43,39,61,61,61,61,50,50],"gold":50,"neow_bonus":"TRANSFORM_CARD","is_prod":false,"is_daily":false,"chose_seed":false,"campfire_upgraded":8,"win_rate":0,"timestamp":1547849064,"path_taken":["M","M","?","M","M","R","E","?","T","M","R","E","R","E","R","BOSS","M","M","?","$","?","R","E","M","T","R","M","M","R","?","R","BOSS","M","M","?","?","M","R","E","M","T","R","?","R","$","E","R","BOSS","BOSS"],"build_version":"2019-01-16","purchased_purges":3,"victory":true,"max_hp_per_floor":[71,71,71,71,71,71,71,71,71,71,71,71,71,71,71,71,71,71,71,71,71,71,71,71,71,71,71,71,71,71,71,71,71,71,71,71,67,67,67,67,67,67,74,74,74,74,74,74,74,74,74],"card_choices":[{"not_picked":["Stack","Go for the Eyes"],"picked":"Ball Lightning","floor":1},{"not_picked":["Hologram","Streamline"],"picked":"Ball Lightning","floor":2},{"not_picked":["Redo","Conserve Battery"],"picked":"Defragment","floor":4},{"not_picked":["Hologram","Scrape"],"picked":"Glacier","floor":5},{"not_picked":["Steam Power","Fusion"],"picked":"Ball Lightning","floor":7},{"not_picked":["Reprogram","White Noise"],"picked":"Glacier","floor":8},{"not_picked":["Steam","Heatsinks","Redo"],"picked":"SKIP","floor":10},{"not_picked":["Darkness","Machine Learning","Turbo"],"picked":"SKIP","floor":12},{"not_picked":["Coolheaded","Leap"],"picked":"Tempest","floor":14},{"not_picked":["Creative AI","Buffer"],"picked":"Fission","floor":16},{"not_picked":["Conserve Battery","Turbo"],"picked":"Ball Lightning+1","floor":18},{"not_picked":["Tempest","Reprogram"],"picked":"Ball Lightning+1","floor":19},{"not_picked":["Hologram","Double Energy","Streamline+1"],"picked":"SKIP","floor":24},{"not_picked":["Redo","Steam","Sweeping Beam+1"],"picked":"SKIP","floor":25},{"not_picked":["Stack","Conserve Battery"],"picked":"Reboot","floor":28},{"not_picked":["Gash+1","Stack"],"picked":"Leap+1","floor":29},{"not_picked":["Rainbow","Reboot"],"picked":"Seek","floor":33},{"not_picked":["Heatsinks+1","Melter+1"],"picked":"Double Energy","floor":35},{"not_picked":["Compile Driver+1","Leap+1","Barrage+1"],"picked":"SKIP","floor":36},{"not_picked":["Ball Lightning+1","Loop+1"],"picked":"Go for the Eyes+1","floor":39},{"not_picked":["Turbo","Reprogram","Hologram+1"],"picked":"SKIP","floor":41},{"not_picked":["Rebound+1","Thunder Strike+1"],"picked":"Coolheaded","floor":42},{"not_picked":["Compile Driver+1","Stack","White Noise"],"picked":"SKIP","floor":45},{"not_picked":["Redo","Coolheaded","Chaos"],"picked":"SKIP","floor":48}],"player_experience":517554,"relics_obtained":[{"floor":7,"key":"Orichalcum"},{"floor":9,"key":"Cables"},{"floor":12,"key":"Molten Egg 2"},{"floor":14,"key":"Gremlin Horn"},{"floor":24,"key":"Letter Opener"},{"floor":26,"key":"Blue Candle"},{"floor":41,"key":"Mummified Hand"},{"floor":43,"key":"Strawberry"},{"floor":48,"key":"War Paint"}],"event_choices":[{"cards_removed":["Strike_B"],"damage_healed":0,"gold_gain":0,"player_choice":"Purged","damage_taken":0,"max_hp_gain":0,"max_hp_loss":0,"event_name":"Purifier","floor":3,"gold_loss":0},{"cards_removed":["Strike_B"],"damage_healed":0,"gold_gain":0,"player_choice":"Elegance","damage_taken":0,"max_hp_gain":0,"max_hp_loss":0,"event_name":"Back to Basics","floor":20,"gold_loss":0},{"damage_healed":0,"gold_gain":0,"player_choice":"Max HP","damage_taken":0,"max_hp_gain":0,"max_hp_loss":4,"event_name":"Winding Halls","floor":37,"gold_loss":0},{"cards_removed":["Double Energy"],"damage_healed":37,"gold_gain":0,"player_choice":"Offered Uncommon","damage_taken":0,"max_hp_gain":0,"max_hp_loss":0,"event_name":"Bonfire Elementals","floor":38,"gold_loss":0}],"is_beta":true,"boss_relics":[{"not_picked":["Coffee Dripper","Calling Bell"],"picked":"Lizard Tail"},{"not_picked":["Runic Dome","Pandora\u0027s Box"],"picked":"Inserter"}],"items_purged_floors":[21,31,47],"is_endless":false,"potions_floor_spawned":[5,8,10,14,19,24,28,35,36,41],"ascension_level":20}