{"path_per_floor":["M","?","?","?","M","R","E","R","T","R","M","?","E","M","R","B",null,"M","M","M","$","?","E","M","M","T","R","E","$","R","?","R","B",null,"M","M","?","M","M","R","$","R","T","R","T","M","R","M","R","B"],"character_chosen":"IRONCLAD","items_purchased":["Ancient Tea Set","Blood Vial","Strength Potion","Regen Potion"],"gold_per_floor":[116,116,116,116,130,130,158,158,185,185,204,279,305,317,317,416,416,429,445,463,97,97,132,150,167,241,241,269,169,169,169,169,270,270,281,293,293,310,328,328,102,102,102,102,102,118,118,134,134,134],"floor_reached":51,"campfire_rested":1,"playtime":4768,"current_hp_per_floor":[80,80,64,69,74,74,57,57,57,57,63,52,42,58,58,51,85,79,74,75,75,59,46,43,48,48,48,61,61,61,61,61,17,85,76,70,70,50,54,54,54,54,54,54,54,53,53,70,85,84],"items_purged":["Strike_R","Strike_R","Strike_R"],"gold":134,"score":520,"play_id":"dced1d16-2d4b-4a04-9eac-0d124a4dc1d7","is_prod":false,"is_daily":false,"is_ascension_mode":false,"campfire_upgraded":11,"path_taken":["M","?","?","?","?","R","E","R","T","R","M","?","E","M","R","BOSS","M","M","M","$","?","E","?","M","T","R","E","?","R","?","R","BOSS","M","M","?","M","M","R","$","R","T","R","?","M","R","?","R","BOSS"],"build_version":"2018-02-08-PROD1","purchased_purges":3,"victory":true,"master_deck":["Strike_R+1","Defend_R+1","Defend_R","Defend_R","Defend_R","Bash","Inflame+1","Iron Wave+1","Shrug It Off+1","Cleave+1","Body Slam+1","Disarm+1","Offering","Shrug It Off+1","Feel No Pain+1","Necronomicurse","Shockwave+1","Evolve+1","Shrug It Off+1","Barricade+1","Pommel Strike"],"max_hp_per_floor":[80,80,80,85,85,85,85,85,85,85,85,85,85,85,85,85,85,85,85,85,85,85,85,85,85,85,85,85,85,85,85,85,85,85,85,85,85,85,85,85,85,85,85,85,85,85,85,85,85,85],"relics":["Burning Blood","Self Forming Clay","Dream Catcher","Vajra","Mark of Pain","Ancient Tea Set","Blood Vial","Necronomicon","Paper Frog","Toxic Egg 2","Ornamental Fan","Snecko Eye","Pen Nib","Lantern"],"card_choices":[{"not_picked":["Sword Boomerang","Iron Wave"],"picked":"Inflame"},{"not_picked":["Anger","Reckless Charge"],"picked":"Iron Wave"},{"not_picked":["Blood for Blood","Dark Embrace"],"picked":"Shrug It Off"},{"not_picked":["Inflame","Twin Strike"],"picked":"Cleave"},{"not_picked":["Perfected Strike","Juggernaut"],"picked":"Body Slam"},{"not_picked":["Perfected Strike","Clash"],"picked":"Disarm"},{"not_picked":["Double Tap","Immolate"],"picked":"Offering"},{"not_picked":["Bloodletting","Flex"],"picked":"Shrug It Off"},{"not_picked":["Rampage","Wild Strike"],"picked":"Feel No Pain"},{"not_picked":["Searing Blow","Burning Pact"],"picked":"Shockwave"},{"not_picked":["Searing Blow","Twin Strike"],"picked":"Evolve"},{"not_picked":["Immolate","Berserk"],"picked":"Barricade"},{"not_picked":["Rage","Twin Strike"],"picked":"Pommel Strike"}],"player_experience":43080,"potions_floor_usage":[14,20,24,28,28,28,48,50,50,50],"damage_taken":[{"damage":1,"enemies":"Cultist","floor":1,"turns":3},{"damage":1,"enemies":"Jaw Worm","floor":5,"turns":5},{"damage":23,"enemies":"Gremlin Nob","floor":7,"turns":4},{"damage":0,"enemies":"Blue Slaver","floor":11,"turns":4},{"damage":16,"enemies":"Lagavulin","floor":13,"turns":7},{"damage":5,"enemies":"2 Fungi Beasts","floor":14,"turns":6},{"damage":13,"enemies":"The Guardian","floor":16,"turns":9},{"damage":12,"enemies":"Shell Parasite","floor":18,"turns":4},{"damage":11,"enemies":"Spheric Guardian","floor":19,"turns":4},{"damage":5,"enemies":"Cultist and Chosen","floor":20,"turns":5},{"damage":21,"enemies":"Book of Stabbing","floor":23,"turns":5},{"damage":11,"enemies":"Chosen and Byrds","floor":24,"turns":5},{"damage":3,"enemies":"Snake Plant","floor":25,"turns":4},{"damage":4,"enemies":"Gremlin Leader","floor":28,"turns":4},{"damage":52,"enemies":"Collector","floor":33,"turns":10},{"damage":15,"enemies":"Orb Walker","floor":35,"turns":4},{"damage":14,"enemies":"3 Darklings","floor":36,"turns":6},{"damage":28,"enemies":"4 Shapes","floor":38,"turns":6},{"damage":4,"enemies":"Maw","floor":39,"turns":5},{"damage":9,"enemies":"Sphere and 2 Shapes","floor":46,"turns":5},{"damage":0,"enemies":"4 Shapes","floor":48,"turns":4},{"damage":19,"enemies":"Time Eater","floor":50,"turns":8}],"event_choices":[{"event_name":"Liars Game","player_choice":"disagreed","floor":2,"damage_taken":0},{"event_name":"Shining Light","player_choice":"Entered Light","floor":3,"damage_taken":0},{"event_name":"Big Fish","player_choice":"Donut","floor":4,"damage_taken":0},{"event_name":"World of Goop","player_choice":"Gather Gold","floor":12,"damage_taken":0},{"event_name":"Cursed Tome","player_choice":"Obtained Book","floor":22,"damage_taken":0},{"event_name":"The Library","player_choice":"Read","floor":31,"damage_taken":0}],"boss_relics":[{"not_picked":["Black Blood","Astrolabe"],"picked":"Mark of Pain"},{"not_picked":["Question Card","Runic Pyramid"],"picked":"Snecko Eye"}],"potions_floor_spawned":[5,7,13,23,24,25,36,48],"seed_played":"-4541733455591858740","ascension_level":0,"is_trial":false}