{"path_per_floor":["M","?","M","?","M","M","$","M","T","M","E","M","$","?","R"],"character_chosen":"IRONCLAD","items_purchased":["Whirlwind","Pummel","Shockwave","Feel No Pain"],"gold_per_floor":[112,187,202,377,388,399,135,149,149,169,203,221,53,109,109],"floor_reached":16,"campfire_rested":1,"playtime":7286,"current_hp_per_floor":[76,65,69,69,71,43,43,37,37,43,26,25,25,23,47],"items_purged":["Strike_R","Strike_R"],"gold":109,"score":104,"play_id":"86d70336-9044-4b03-8072-e5c8c76b3c59","is_prod":false,"is_daily":false,"is_ascension_mode":false,"campfire_upgraded":0,"path_taken":["M","?","?","?","M","M","$","M","T","M","E","M","$","?","R","BOSS"],"build_version":"2018-02-08-PROD1","purchased_purges":2,"victory":false,"master_deck":["Strike_R","Strike_R","Strike_R","Defend_R","Defend_R","Defend_R","Defend_R","Bash","True Grit","Doubt","Limit Break","Whirlwind","Whirlwind","Pummel","Shockwave","Flex","Twin Strike","Battle Trance","Pommel Strike","Feel No Pain"],"max_hp_per_floor":[80,80,80,80,80,80,80,80,80,80,80,80,80,80,80],"relics":["Burning Blood","Sundial","Kunai","Anchor"],"card_choices":[{"not_picked":["Warcry","Disarm"],"picked":"True Grit"},{"not_picked":["Rupture","Sword Boomerang"],"picked":"Limit Break"},{"not_picked":["Warcry","Rage"],"picked":"Whirlwind"},{"not_picked":["True Grit","Whirlwind"],"picked":"Flex"},{"not_picked":["Rage","True Grit"],"picked":"Twin Strike"},{"not_picked":["Twin Strike","Perfected Strike"],"picked":"Battle Trance"},{"not_picked":["Blood for Blood","Battle Trance"],"picked":"Pommel Strike"}],"player_experience":67892,"potions_floor_usage":[11,14,16,16],"damage_taken":[{"damage":10,"enemies":"Jaw Worm","floor":1,"turns":4},{"damage":2,"enemies":"2 Louse","floor":3,"turns":4},{"damage":4,"enemies":"Blue Slaver","floor":5,"turns":7},{"damage":34,"enemies":"3 Louse","floor":6,"turns":6},{"damage":12,"enemies":"Looter","floor":8,"turns":5},{"damage":0,"enemies":"Lots of Slimes","floor":10,"turns":1},{"damage":23,"enemies":"Gremlin Nob","floor":11,"turns":4},{"damage":7,"enemies":"Exordium Wildlife","floor":12,"turns":5},{"damage":17,"enemies":"Gremlin Nob","floor":14,"turns":4},{"damage":48,"enemies":"The Guardian","floor":16,"turns":12}],"event_choices":[{"event_name":"World of Goop","player_choice":"Gather Gold","floor":2,"damage_taken":0},{"event_name":"Liars Game","player_choice":"agreed","floor":4,"damage_taken":0},{"event_name":"Dead Adventurer","player_choice":"Searched \u00273\u0027 times","floor":14,"damage_taken":0}],"boss_relics":[],"potions_floor_spawned":[6,10,11,14],"seed_played":"-8279909591680388641","killed_by":"The Guardian","ascension_level":0,"is_trial":false}