{"gold_per_floor":[117,42,55,55,72,100,100,112,112,112,127,127,162,9,9,137,137,160,160,585,578,578,578,597,597,620,26,26,50,50,0,0,129,129,152,27,50,66,84,84,100,100,176,192,0,0,65,78,78,78],"floor_reached":51,"playtime":2648,"items_purged":["Strike_R","Strike_R","Strike_R"],"score":857,"play_id":"e4343d86-d4ad-49ed-aa79-ddc84b5a0b8c","local_time":"20190420145539","is_ascension_mode":false,"campfire_choices":[{"data":"Iron Wave","floor":7,"key":"SMITH"},{"data":"Body Slam","floor":10,"key":"SMITH"},{"floor":15,"key":"REST"},{"data":"Demon Form","floor":23,"key":"SMITH"},{"data":"Bash","floor":25,"key":"SMITH"},{"data":"Heavy Blade","floor":30,"key":"SMITH"},{"data":"Headbutt","floor":32,"key":"SMITH"},{"data":"Corruption","floor":40,"key":"SMITH"},{"data":"Barricade","floor":42,"key":"SMITH"},{"data":"Shrug It Off","floor":46,"key":"SMITH"},{"data":"Offering","floor":49,"key":"SMITH"}],"neow_cost":"NONE","seed_source_timestamp":667863059640500,"circlet_count":0,"master_deck":["Strike_R","Defend_R+1","Defend_R+1","Defend_R","Defend_R","Bash+1","Inflame","Body Slam+1","Iron Wave+1","Headbutt+1","Anger","Corruption+1","Demon Form+1","Heavy Blade+1","Reaper","True Grit+1","Barricade+1","Shrug It Off+1","Offering+1","Metallicize"],"relics":["Burning Blood","NeowsBlessing","Matryoshka","Dodecahedron","Self Forming Clay","Golden Idol","Bag of Marbles","Happy Flower","Coffee Dripper","Nilry\u0027s Codex","Old Coin","Blue Candle","Regal Pillow","War Paint","MealTicket","Bronze Scales","Sozu","Singing Bowl","Red Mask","Nunchaku"],"potions_floor_usage":[6,11,13,13,20,21,33,47],"damage_taken":[{"damage":0,"enemies":"Cultist","floor":1,"turns":1},{"damage":0,"enemies":"Small Slimes","floor":3,"turns":1},{"damage":0,"enemies":"Jaw Worm","floor":5,"turns":1},{"damage":46,"enemies":"3 Sentries","floor":6,"turns":12},{"damage":6,"enemies":"3 Louse","floor":8,"turns":4},{"damage":10,"enemies":"Large Slime","floor":11,"turns":5},{"damage":16,"enemies":"Lagavulin","floor":13,"turns":4},{"damage":51,"enemies":"The Guardian","floor":16,"turns":9},{"damage":3,"enemies":"Chosen","floor":18,"turns":4},{"damage":27,"enemies":"Colosseum Slavers","floor":20,"turns":4},{"damage":24,"enemies":"Colosseum Nobs","floor":20,"turns":5},{"damage":8,"enemies":"2 Thieves","floor":21,"turns":4},{"damage":17,"enemies":"Sentry and Sphere","floor":24,"turns":5},{"damage":3,"enemies":"Snecko","floor":29,"turns":4},{"damage":0,"enemies":"Automaton","floor":33,"turns":6},{"damage":26,"enemies":"3 Darklings","floor":35,"turns":6},{"damage":11,"enemies":"Orb Walker","floor":37,"turns":4},{"damage":20,"enemies":"Writhing Mass","floor":38,"turns":5},{"damage":0,"enemies":"4 Shapes","floor":39,"turns":7},{"damage":11,"enemies":"Sphere and 2 Shapes","floor":41,"turns":6},{"damage":29,"enemies":"Spire Growth","floor":44,"turns":4},{"damage":69,"enemies":"2 Orb Walkers","floor":47,"turns":5},{"damage":2,"enemies":"Jaw Worm Horde","floor":48,"turns":4},{"damage":26,"enemies":"Time Eater","floor":50,"turns":8}],"seed_played":"-1320007716400768145","potions_obtained":[{"floor":3,"key":"Regen Potion"},{"floor":6,"key":"AttackPotion"},{"floor":8,"key":"AttackPotion"},{"floor":11,"key":"BloodPotion"},{"floor":18,"key":"Explosive Potion"},{"floor":20,"key":"Block Potion"},{"floor":29,"key":"PowerPotion"}],"is_trial":false,"path_per_floor":["M","$","M","?","M","E","R","M","T","R","M","?","E","$","R","B",null,"M","?","?","M","?","R","M","R","T","$","?","M","R","$","R","B",null,"M","$","M","M","M","R","M","R","T","M","?","R","?","M","R","B",null],"character_chosen":"IRONCLAD","items_purchased":["Happy Flower","Reaper","MealTicket","Bronze Scales","Fire Potion"],"campfire_rested":1,"item_purchase_floors":[14,27,27,27,31],"current_hp_per_floor":[80,80,80,80,80,55,55,55,55,55,51,31,29,29,53,8,80,80,64,25,23,49,49,38,38,38,38,38,63,63,78,78,80,80,80,80,75,61,80,80,75,75,75,74,74,74,13,17,17,15],"gold":78,"neow_bonus":"THREE_ENEMY_KILL","is_prod":false,"is_daily":false,"chose_seed":false,"campfire_upgraded":10,"win_rate":0,"timestamp":1555764939,"path_taken":["M","?","?","?","M","E","R","M","T","R","M","?","E","?","R","BOSS","M","?","?","M","?","R","M","R","T","$","?","M","R","$","R","BOSS","M","$","M","M","M","R","?","R","T","M","?","R","?","M","R","BOSS"],"build_version":"2019-01-23","purchased_purges":3,"victory":true,"max_hp_per_floor":[80,80,80,80,80,80,80,80,80,80,80,80,80,80,80,80,80,80,80,80,80,80,80,80,80,80,80,80,80,80,80,80,80,80,80,80,80,80,80,80,80,80,80,80,80,80,82,82,82,82],"card_choices":[{"not_picked":["Perfected Strike","Havoc"],"picked":"Inflame","floor":1},{"not_picked":["Dropkick","Wild Strike"],"picked":"Body Slam","floor":3},{"not_picked":["Bloodletting","Armaments"],"picked":"Iron Wave","floor":5},{"not_picked":["Body Slam","True Grit"],"picked":"Headbutt","floor":6},{"not_picked":["Flex","Evolve"],"picked":"Anger","floor":8},{"not_picked":["Flex","Second Wind","Hemokinesis"],"picked":"SKIP","floor":11},{"not_picked":["Flame Barrier","Havoc"],"picked":"Corruption","floor":13},{"not_picked":["Limit Break","Berserk"],"picked":"Demon Form","floor":16},{"not_picked":["Anger","Burning Pact","Cleave"],"picked":"SKIP","floor":18},{"not_picked":["Limit Break","Armaments"],"picked":"Heavy Blade","floor":21},{"not_picked":["Havoc","Hemokinesis+1","Wild Strike+1"],"picked":"SKIP","floor":24},{"not_picked":["Cleave+1","Headbutt+1"],"picked":"True Grit+1","floor":29},{"not_picked":["Brutality","Limit Break"],"picked":"Barricade","floor":33},{"not_picked":["Cleave+1","Rampage","True Grit"],"picked":"SKIP","floor":35},{"not_picked":["Warcry","Perfected Strike+1","Armaments+1"],"picked":"SKIP","floor":37},{"not_picked":["Cleave+1","Warcry","Searing Blow+1"],"picked":"SKIP","floor":38},{"not_picked":["Infernal Blade","Sword Boomerang+1"],"picked":"Shrug It Off","floor":39},{"not_picked":["Rage","Headbutt+1","Warcry"],"picked":"SKIP","floor":41},{"not_picked":["Sword Boomerang","Pommel Strike"],"picked":"Offering","floor":44},{"not_picked":["Pummel","Havoc","Pommel Strike+1"],"picked":"Singing Bowl","floor":47},{"not_picked":["Armaments+1","Combust+1"],"picked":"Metallicize","floor":48}],"player_experience":220809,"relics_obtained":[{"floor":6,"key":"Matryoshka"},{"floor":9,"key":"Dodecahedron"},{"floor":9,"key":"Self Forming Clay"},{"floor":13,"key":"Bag of Marbles"},{"floor":19,"key":"Nilry\u0027s Codex"},{"floor":20,"key":"Old Coin"},{"floor":20,"key":"Blue Candle"},{"floor":26,"key":"Regal Pillow"},{"floor":26,"key":"War Paint"},{"floor":43,"key":"Singing Bowl"},{"floor":47,"key":"Nunchaku"}],"event_choices":[{"damage_healed":0,"gold_gain":0,"player_choice":"Ignored","damage_taken":0,"max_hp_gain":0,"max_hp_loss":0,"event_name":"Liars Game","floor":4,"gold_loss":0},{"damage_healed":0,"gold_gain":0,"player_choice":"Take Damage","damage_taken":20,"relics_obtained":["Golden Idol"],"max_hp_gain":0,"max_hp_loss":0,"event_name":"Golden Idol","floor":12,"gold_loss":0},{"damage_healed":0,"gold_gain":0,"player_choice":"Obtained Book","damage_taken":16,"max_hp_gain":0,"max_hp_loss":0,"event_name":"Cursed Tome","floor":19,"gold_loss":0},{"damage_healed":0,"gold_gain":0,"player_choice":"Fight","damage_taken":0,"max_hp_gain":0,"max_hp_loss":0,"event_name":"Colosseum","floor":20,"gold_loss":0},{"damage_healed":0,"gold_gain":0,"player_choice":"Fought Nobs","damage_taken":0,"max_hp_gain":0,"max_hp_loss":0,"event_name":"Colosseum","floor":20,"gold_loss":0},{"damage_healed":26,"gold_gain":0,"player_choice":"Heal","damage_taken":0,"max_hp_gain":0,"max_hp_loss":0,"event_name":"The Library","floor":22,"gold_loss":0},{"cards_removed":["Strike_R"],"damage_healed":0,"gold_gain":0,"player_choice":"Purged","damage_taken":0,"max_hp_gain":0,"max_hp_loss":0,"event_name":"Purifier","floor":28,"gold_loss":0},{"damage_healed":0,"gold_gain":0,"player_choice":"Paid","damage_taken":0,"relics_obtained":["Red Mask"],"max_hp_gain":0,"max_hp_loss":0,"event_name":"Tomb of Lord Red Mask","floor":45,"gold_loss":192},{"damage_healed":0,"gold_gain":0,"player_choice":"Fight","damage_taken":0,"max_hp_gain":0,"max_hp_loss":0,"event_name":"Mysterious Sphere","floor":47,"gold_loss":0}],"is_beta":false,"boss_relics":[{"not_picked":["White Beast Statue","Fusion Hammer"],"picked":"Coffee Dripper"},{"not_picked":["Pandora\u0027s Box","Runic Pyramid"],"picked":"Sozu"}],"items_purged_floors":[2,27,36],"is_endless":false,"potions_floor_spawned":[3,6,8,11,18,20,29,35,38,47,48],"ascension_level":0}