{"gold_per_floor":[113,132,31,31,42,77,94,129,154,154,174,174,174,235,235,337,337,347,347,11,11,11,11,46,46,46,75,91,109,109,134,134,134],"floor_reached":33,"playtime":3161,"items_purged":["Parasite","Strike_G"],"score":538,"play_id":"deb6c6b5-3f32-4677-88e3-4f19a612fdae","local_time":"20180801031646","is_ascension_mode":true,"campfire_choices":[{"data":"Dash","floor":10,"key":"SMITH"},{"data":"Dagger Spray","floor":13,"key":"SMITH"},{"data":"After Image","floor":15,"key":"SMITH"},{"data":"Malaise","floor":23,"key":"SMITH"},{"data":"Cloak And Dagger","floor":25,"key":"SMITH"},{"data":"Cloak And Dagger","floor":32,"key":"SMITH"}],"neow_cost":"CURSE","seed_source_timestamp":636459398192708,"circlet_count":0,"master_deck":["Defend_G","Defend_G","Defend_G","Defend_G","Defend_G","Strike_G","Strike_G","Strike_G","Survivor","Neutralize+1","AscendersBane","After Image+1","Dash+1","Deflect","Slice","Cloak And Dagger+1","Poisoned Stab","Flying Knee","Cloak And Dagger+1","Dagger Spray+1","Malaise+1","Backflip","Footwork","Dodge and Roll","Well Laid Plans","Doubt","Footwork","Dagger Throw+1","Dagger Throw+1"],"special_seed":0,"relics":["Ring of the Snake","Dream Catcher","Bag of Marbles","Lantern","Orichalcum","Cursed Key","Centennial Puzzle","Anchor","Ornamental Fan","Bag of Preparation","Oddly Smooth Stone","Vajra"],"potions_floor_usage":[6,14,16,27,33,33],"damage_taken":[{"damage":5,"enemies":"Small Slimes","floor":1,"turns":5},{"damage":0,"enemies":"2 Louse","floor":2,"turns":4},{"damage":0,"enemies":"Jaw Worm","floor":5,"turns":5},{"damage":7,"enemies":"Lagavulin","floor":6,"turns":7},{"damage":0,"enemies":"2 Fungi Beasts","floor":7,"turns":4},{"damage":8,"enemies":"3 Sentries","floor":8,"turns":11},{"damage":0,"enemies":"Blue Slaver","floor":11,"turns":3},{"damage":21,"enemies":"Lagavulin Event","floor":14,"turns":7},{"damage":6,"enemies":"Hexaghost","floor":16,"turns":16},{"damage":8,"enemies":"Chosen","floor":18,"turns":5},{"damage":0,"enemies":"Book of Stabbing","floor":24,"turns":11},{"damage":4,"enemies":"Gremlin Leader","floor":27,"turns":11},{"damage":0,"enemies":"3 Byrds","floor":28,"turns":6},{"damage":2,"enemies":"Snake Plant","floor":29,"turns":4},{"damage":2,"enemies":"Book of Stabbing","floor":31,"turns":6},{"damage":41,"enemies":"Champ","floor":33,"turns":22}],"seed_played":"4792237919880517265","potions_obtained":[{"floor":2,"key":"Weak Potion"},{"floor":5,"key":"Strength Potion"},{"floor":8,"key":"Weak Potion"},{"floor":24,"key":"AttackPotion"},{"floor":29,"key":"Block Potion"},{"floor":31,"key":"Block Potion"}],"is_trial":false,"path_per_floor":["M","M","$","?","M","E","M","E","T","R","M","?","R","?","R","B",null,"M","?","$","?","?","R","E","R","T","E","M","M","?","E","R"],"character_chosen":"THE_SILENT","items_purchased":["Slice","Footwork","Anchor"],"campfire_rested":0,"item_purchase_floors":[3,20,20],"current_hp_per_floor":[58,58,58,58,58,51,51,43,43,43,43,36,36,15,15,9,53,45,45,45,45,45,45,45,45,45,41,41,39,39,37,37,0],"gold":134,"neow_bonus":"THREE_RARE_CARDS","is_prod":false,"is_daily":false,"chose_seed":false,"campfire_upgraded":6,"win_rate":0,"timestamp":1533057406,"path_taken":["M","M","$","?","M","E","M","E","T","R","M","?","R","?","R","BOSS","M","?","$","?","?","R","E","R","T","E","M","?","?","E","R","BOSS"],"build_version":"2018-07-26","purchased_purges":2,"victory":false,"max_hp_per_floor":[70,70,67,67,67,67,67,67,67,67,67,67,67,67,67,67,67,67,67,67,67,67,67,67,67,67,67,67,67,67,67,67,67],"card_choices":[{"not_picked":["Venomology","Unload"],"picked":"After Image","floor":0.0},{"not_picked":["Tactician","Cloak And Dagger"],"picked":"Dash","floor":1},{"not_picked":["Dodge and Roll","Backflip"],"picked":"Deflect","floor":2},{"not_picked":["Dodge and Roll","Underhanded Strike"],"picked":"Cloak And Dagger","floor":5},{"not_picked":["Outmaneuver","Venomology"],"picked":"Poisoned Stab","floor":6},{"not_picked":["Distraction","Backflip"],"picked":"Flying Knee","floor":7},{"not_picked":["Outmaneuver","Prepared"],"picked":"Cloak And Dagger","floor":8},{"not_picked":["Outmaneuver","Blur"],"picked":"Dagger Spray","floor":11},{"not_picked":["Night Terror","Envenom"],"picked":"Malaise","floor":16},{"not_picked":["Reflex","Tactician"],"picked":"Backflip","floor":18},{"not_picked":["Riddle With Holes","Poisoned Stab"],"picked":"Well Laid Plans","floor":24},{"not_picked":["Dodge and Roll","Skewer"],"picked":"Footwork","floor":27},{"not_picked":["Eviscerate","Dagger Spray"],"picked":"Dagger Throw+1","floor":28},{"not_picked":["Prepared","Flying Knee"],"picked":"Dagger Throw+1","floor":29},{"not_picked":["Deflect","Setup","Quick Slash"],"picked":"SKIP","floor":31}],"player_experience":314345,"relics_obtained":[{"floor":6,"key":"Dream Catcher"},{"floor":8,"key":"Bag of Marbles"},{"floor":9,"key":"Lantern"},{"floor":14,"key":"Orichalcum"},{"floor":24,"key":"Ornamental Fan"},{"floor":26,"key":"Bag of Preparation"},{"floor":27,"key":"Oddly Smooth Stone"},{"floor":31,"key":"Vajra"}],"event_choices":[{"event_name":"Living Wall","player_choice":"Grow","floor":4,"damage_taken":0},{"event_name":"Golden Wing","player_choice":"Card Removal","floor":12,"damage_taken":0},{"event_name":"Dead Adventurer","player_choice":"Searched \u00272\u0027 times","floor":14,"damage_taken":0},{"event_name":"Wheel of Change","player_choice":"Relic","floor":19,"damage_taken":0},{"event_name":"Beggar","player_choice":"Ignored","floor":21,"damage_taken":0},{"event_name":"The Library","player_choice":"Read","floor":22,"damage_taken":0},{"event_name":"Drug Dealer","player_choice":"Ignored","floor":30,"damage_taken":0}],"is_beta":false,"boss_relics":[{"not_picked":["Calling Bell","Runic Pyramid"],"picked":"Cursed Key"}],"items_purged_floors":[3,20],"is_endless":false,"potions_floor_spawned":[2,5,8,11,24,29,31],"killed_by":"Champ","ascension_level":12}