{"gold_per_floor":[115,115,131,15,27,27,54,82,108,136,150,164,164,181,181,181],"floor_reached":16,"playtime":779,"items_purged":[],"score":123,"play_id":"bb191210-825b-41b3-8c7a-f1e9861328b3","local_time":"20190403000246","is_ascension_mode":true,"campfire_choices":[{"data":"Bash","floor":6,"key":"SMITH"},{"floor":13,"key":"REST"},{"data":"Limit Break","floor":15,"key":"SMITH"}],"neow_cost":"NONE","seed_source_timestamp":1215868134147820,"circlet_count":0,"master_deck":["Strike_R","Strike_R","Strike_R","Strike_R","Defend_R","Defend_R","Defend_R","Defend_R","Bash+1","Hemokinesis","Disarm","Spot Weakness","Metallicize","Clothesline","Intimidate","Anger","Limit Break+1"],"relics":["Burning Blood","Odd Mushroom","Regal Pillow","Centennial Puzzle","Bottled Flame"],"potions_floor_usage":[7,10,14,16,16],"damage_taken":[{"damage":7,"enemies":"Jaw Worm","floor":1,"turns":3},{"damage":4,"enemies":"Cultist","floor":3,"turns":3},{"damage":6,"enemies":"2 Louse","floor":5,"turns":3},{"damage":25,"enemies":"The Mushroom Lair","floor":7,"turns":4},{"damage":20,"enemies":"Gremlin Nob","floor":8,"turns":5},{"damage":29,"enemies":"3 Sentries","floor":10,"turns":8},{"damage":16,"enemies":"Large Slime","floor":11,"turns":6},{"damage":6,"enemies":"Looter","floor":12,"turns":3},{"damage":14,"enemies":"3 Louse","floor":14,"turns":2},{"damage":48,"enemies":"Slime Boss","floor":16,"turns":5}],"seed_played":"4842640635672307649","potions_obtained":[{"floor":0,"key":"Explosive Potion"},{"floor":0,"key":"Ancient Potion"},{"floor":0,"key":"GamblersBrew"},{"floor":8,"key":"Swift Potion"},{"floor":12,"key":"Explosive Potion"}],"is_trial":false,"path_per_floor":["M","?","M","$","M","R","?","E","T","E","M","M","R","M","R","B"],"character_chosen":"IRONCLAD","items_purchased":["Spot Weakness","Metallicize"],"campfire_rested":1,"item_purchase_floors":[4,4],"current_hp_per_floor":[79,79,80,80,80,80,61,47,47,24,14,14,53,45,45,0],"gold":181,"neow_bonus":"THREE_SMALL_POTIONS","is_prod":false,"is_daily":false,"chose_seed":false,"campfire_upgraded":2,"win_rate":0,"timestamp":1554267766,"path_taken":["M","?","M","$","?","R","?","E","T","E","M","M","R","M","R","BOSS"],"build_version":"2019-01-23","purchased_purges":0,"victory":false,"max_hp_per_floor":[80,80,80,80,80,80,80,80,80,80,80,80,80,80,80,80],"card_choices":[{"not_picked":["Bloodletting","Sever Soul"],"picked":"Hemokinesis","floor":1},{"not_picked":["Flex","Heavy Blade"],"picked":"Disarm","floor":3},{"not_picked":["Rupture","Twin Strike"],"picked":"Clothesline","floor":5},{"not_picked":["Perfected Strike","Evolve","Pommel Strike"],"picked":"SKIP","floor":8},{"not_picked":["Pommel Strike","Body Slam"],"picked":"Intimidate","floor":10},{"not_picked":["Intimidate","Second Wind"],"picked":"Anger","floor":11},{"not_picked":["Infernal Blade","Combust","Clash"],"picked":"SKIP","floor":12},{"not_picked":["Armaments","Thunderclap"],"picked":"Limit Break","floor":14}],"player_experience":202317,"relics_obtained":[{"floor":7,"key":"Odd Mushroom"},{"floor":8,"key":"Regal Pillow"},{"floor":9,"key":"Centennial Puzzle"},{"floor":10,"key":"Bottled Flame"}],"event_choices":[{"cards_removed":["Strike_R"],"damage_healed":0,"gold_gain":0,"player_choice":"Purged","damage_taken":0,"max_hp_gain":0,"max_hp_loss":0,"event_name":"Purifier","floor":2,"gold_loss":0},{"damage_healed":0,"gold_gain":0,"player_choice":"Fought Mushrooms","damage_taken":0,"max_hp_gain":0,"max_hp_loss":0,"event_name":"Mushrooms","floor":7,"gold_loss":0}],"is_beta":false,"boss_relics":[],"items_purged_floors":[],"is_endless":false,"potions_floor_spawned":[1,5,8,12],"killed_by":"Slime Boss","ascension_level":2}