{"gold_per_floor":[110,129,146,146,164,164,174,188,212,240,8,20,37,71,71,175,175,175,175,175,100,100,100,100,100,100,100,100,100,100,100,100,100,100,100,100,100,100,100,100,100,100,100,27,27,27,27,27,27,27],"floor_reached":51,"playtime":5011,"items_purged":[],"score":1084,"play_id":"75aaec60-a04e-434e-a244-7f3916f37629","local_time":"20180727023836","is_ascension_mode":true,"campfire_choices":[{"data":"Clothesline","floor":6,"key":"SMITH"},{"data":"Shockwave","floor":15,"key":"SMITH"},{"floor":27,"key":"REST"},{"floor":30,"key":"REST"},{"data":"True Grit","floor":32,"key":"SMITH"},{"data":"Havoc","floor":40,"key":"SMITH"},{"floor":42,"key":"DIG"},{"floor":49,"key":"REST"}],"neow_cost":"NONE","seed_source_timestamp":200292751969729,"circlet_count":0,"master_deck":["Strike_R","Strike_R","Strike_R","Defend_R","Defend_R","Defend_R","Defend_R","Bash","Perfected Strike","Clothesline+1","Flex","Dual Wield","Headbutt","Shockwave+1","Havoc+1","Warcry","Headbutt","Rampage","Uppercut","Rampage","Dark Embrace","Flex+1","Warcry","Feel No Pain","Rage+1","Anger+1","True Grit+1","Inflame","Offering+1","Demon Form","Havoc+1","Havoc+1","Battle Trance+1","Havoc+1","Shrug It Off+1","Havoc+1","True Grit+1","Ghostly Armor+1","Inflame+1"],"relics":["Burning Blood","Potion Belt","Darkstone Periapt","Bag of Marbles","Bronze Scales","Ectoplasm","Nilry\u0027s Codex","Happy Flower","Red Skull","Tiny Chest","Toxic Egg 2","Mark of Pain","Ancient Tea Set","Shovel","Anchor","Blood Vial","Pear","Regal Pillow","Bottled Tornado"],"potions_floor_usage":[10,10,18,24,24,24,25,28,29,29,46,48,48,50],"damage_taken":[{"damage":0,"enemies":"Small Slimes","floor":1,"turns":3},{"damage":6,"enemies":"Cultist","floor":2,"turns":3},{"damage":0,"enemies":"2 Louse","floor":3,"turns":2},{"damage":12,"enemies":"Large Slime","floor":5,"turns":5},{"damage":30,"enemies":"Exordium Wildlife","floor":7,"turns":5},{"damage":4,"enemies":"Looter","floor":8,"turns":3},{"damage":14,"enemies":"Gremlin Nob","floor":10,"turns":4},{"damage":9,"enemies":"Gremlin Gang","floor":12,"turns":4},{"damage":0,"enemies":"2 Fungi Beasts","floor":13,"turns":2},{"damage":26,"enemies":"Lagavulin","floor":14,"turns":5},{"damage":24,"enemies":"Hexaghost","floor":16,"turns":7},{"damage":1,"enemies":"3 Byrds","floor":18,"turns":3},{"damage":10,"enemies":"Spheric Guardian","floor":20,"turns":3},{"damage":17,"enemies":"Chosen and Byrds","floor":23,"turns":5},{"damage":18,"enemies":"Book of Stabbing","floor":24,"turns":4},{"damage":27,"enemies":"Snake Plant","floor":25,"turns":3},{"damage":5,"enemies":"Sentry and Sphere","floor":28,"turns":3},{"damage":13,"enemies":"Slavers","floor":29,"turns":3},{"damage":18,"enemies":"Gremlin Leader","floor":31,"turns":6},{"damage":57,"enemies":"Automaton","floor":33,"turns":11},{"damage":13,"enemies":"Orb Walker","floor":35,"turns":3},{"damage":12,"enemies":"Flame Bruiser 1 Orb","floor":36,"turns":5},{"damage":30,"enemies":"Transient","floor":38,"turns":5},{"damage":6,"floor":39,"turns":5},{"damage":22,"enemies":"Giant Head","floor":41,"turns":6},{"damage":5,"enemies":"Flame Bruiser 2 Orb","floor":45,"turns":2},{"damage":21,"enemies":"Nemesis","floor":46,"turns":3},{"damage":11,"enemies":"Sphere and 2 Shapes","floor":47,"turns":6},{"damage":16,"enemies":"2 Orb Walkers","floor":48,"turns":3},{"damage":51,"enemies":"Time Eater","floor":50,"turns":6}],"seed_played":"2241594467588238059","potions_obtained":[{"floor":1,"key":"Weak Potion"},{"floor":7,"key":"AttackPotion"},{"floor":8,"key":"Strength Potion"},{"floor":12,"key":"BloodPotion"},{"floor":14,"key":"Swift Potion"},{"floor":16,"key":"SkillPotion"},{"floor":20,"key":"Explosive Potion"},{"floor":24,"key":"PowerPotion"},{"floor":25,"key":"Ancient Potion"},{"floor":28,"key":"Block Potion"},{"floor":39,"key":"AttackPotion"},{"floor":45,"key":"FearPotion"},{"floor":46,"key":"Weak Potion"},{"floor":47,"key":"PowerPotion"}],"is_trial":false,"path_per_floor":["M","M","M","?","M","R","M","M","T","E","$","M","M","E","R","B",null,"M","?","M","?","?","M","E","M","T","R","M","E","R","E","R","B",null,"M","M","T","M","?","R","E","R","T","$","M","E","M","E","R","B"],"character_chosen":"IRONCLAD","items_purchased":["Warcry","Bag of Marbles","Headbutt","Shrug It Off+1","Havoc+1"],"campfire_rested":3,"item_purchase_floors":[11,11,11,44,44],"current_hp_per_floor":[88,88,88,88,82,82,58,60,60,52,52,49,55,35,35,17,88,88,71,67,67,51,46,43,22,22,49,50,43,70,78,78,27,93,86,80,80,56,56,56,40,40,50,50,53,40,37,29,74,31],"gold":27,"neow_bonus":"TEN_PERCENT_HP_BONUS","is_prod":false,"is_daily":false,"chose_seed":false,"campfire_upgraded":4,"win_rate":0,"timestamp":1532623116,"path_taken":["M","M","M","?","?","R","M","?","T","E","$","M","M","E","R","BOSS","M","?","M","?","?","M","E","M","T","R","M","E","R","E","R","BOSS","M","M","?","?","?","R","E","R","T","?","M","E","M","E","R","BOSS"],"build_version":"2018-07-19v2","purchased_purges":0,"victory":true,"max_hp_per_floor":[88,88,88,88,88,88,88,88,88,88,88,88,88,88,88,88,88,88,93,93,93,93,93,93,93,93,93,93,93,93,93,93,93,93,93,93,93,93,93,93,93,93,103,103,103,103,103,103,103,103],"card_choices":[{"not_picked":["Warcry","Thunderclap"],"picked":"Perfected Strike","floor":1},{"not_picked":["Sentinel","Anger"],"picked":"Clothesline","floor":2},{"not_picked":["Heavy Blade","Warcry"],"picked":"Flex","floor":3},{"not_picked":["Burning Pact","Cleave"],"picked":"Dual Wield","floor":5},{"not_picked":["Bloodletting","Berserk"],"picked":"Headbutt","floor":7},{"not_picked":["Sever Soul","Iron Wave"],"picked":"Shockwave","floor":8},{"not_picked":["Berserk","Cleave"],"picked":"Havoc","floor":10},{"not_picked":["Twin Strike","Burning Pact"],"picked":"Rampage","floor":12},{"not_picked":["Clash","Wild Strike"],"picked":"Uppercut","floor":13},{"not_picked":["Corruption","Dual Wield"],"picked":"Rampage","floor":14},{"not_picked":["Immolate","Barricade"],"picked":"Dark Embrace","floor":16},{"not_picked":["Anger","Body Slam+1"],"picked":"Flex+1","floor":18},{"not_picked":["Headbutt","Thunderclap"],"picked":"Warcry","floor":20},{"not_picked":["Clash","Armaments+1"],"picked":"Feel No Pain","floor":23},{"not_picked":["Thunderclap","Feed"],"picked":"Rage+1","floor":24},{"not_picked":["Sword Boomerang+1","Flex"],"picked":"Anger+1","floor":25},{"not_picked":["Metallicize","Twin Strike"],"picked":"True Grit","floor":28},{"not_picked":["Carnage","Sentinel"],"picked":"Inflame","floor":29},{"not_picked":["Fire Breathing","Twin Strike"],"picked":"Offering","floor":31},{"not_picked":["Juggernaut","Fiend Fire"],"picked":"Demon Form","floor":33},{"not_picked":["Dual Wield+1","Heavy Blade","Clash"],"picked":"SKIP","floor":35},{"not_picked":["Headbutt","Burning Pact+1"],"picked":"Havoc+1","floor":36},{"not_picked":["Disarm+1","Anger+1"],"picked":"Havoc+1","floor":38},{"not_picked":["Wild Strike+1","Second Wind+1"],"picked":"Battle Trance+1","floor":39},{"not_picked":["Thunderclap","Iron Wave+1"],"picked":"Havoc+1","floor":41},{"not_picked":["Headbutt","Flex+1","Iron Wave"],"picked":"SKIP","floor":45},{"not_picked":["Rupture+1","Warcry+1"],"picked":"True Grit+1","floor":46},{"not_picked":["Brutality","Corruption+1"],"picked":"Ghostly Armor+1","floor":47},{"not_picked":["Thunderclap+1","Corruption+1"],"picked":"Inflame+1","floor":48}],"player_experience":139968,"relics_obtained":[{"floor":9,"key":"Potion Belt"},{"floor":10,"key":"Darkstone Periapt"},{"floor":14,"key":"Bronze Scales"},{"floor":22,"key":"Nilry\u0027s Codex"},{"floor":24,"key":"Happy Flower"},{"floor":26,"key":"Red Skull"},{"floor":29,"key":"Tiny Chest"},{"floor":31,"key":"Toxic Egg 2"},{"floor":37,"key":"Ancient Tea Set"},{"floor":39,"key":"Shovel"},{"floor":41,"key":"Anchor"},{"floor":42,"key":"Blood Vial"},{"floor":43,"key":"Pear"},{"floor":46,"key":"Regal Pillow"},{"floor":48,"key":"Bottled Tornado"}],"event_choices":[{"event_name":"Bonfire Elementals","player_choice":"BASIC","floor":4,"damage_taken":0},{"event_name":"Forgotten Altar","player_choice":"Shed Blood","floor":19,"damage_taken":0},{"event_name":"Beggar","player_choice":"Gave Gold","floor":21,"damage_taken":0},{"event_name":"Cursed Tome","player_choice":"Obtained Book","floor":22,"damage_taken":0},{"event_name":"MindBloom","player_choice":"Fight","floor":39,"damage_taken":0}],"is_beta":false,"boss_relics":[{"not_picked":["Cursed Key","Astrolabe"],"picked":"Ectoplasm"},{"not_picked":["Tiny House","Black Star"],"picked":"Mark of Pain"}],"items_purged_floors":[],"is_endless":false,"potions_floor_spawned":[1,7,8,12,14,16,20,24,25,28,39,45,46,47],"ascension_level":1}