{"gold_per_floor":[114,129,129,144,219,219,234,264,264,264,279,309,324,50,50,150,150,165,180,195,195,210,210,225,225,300,315,5,35,35,50,50,150,150,165,180,57,72,72,72,87,102,152,152],"floor_reached":44,"playtime":4015,"items_purged":["Defend_B","Strike_R","Strike_B"],"score":436,"play_id":"b4e6dec9-b6f9-4753-854f-20f71278acd7","local_time":"20190208215313","daily_mods":["Chimera","Uncertain Future","Binary"],"is_ascension_mode":false,"campfire_choices":[{"data":"Survivor","floor":6,"key":"SMITH"},{"floor":10,"key":"REST"},{"data":"Defragment","floor":15,"key":"SMITH"},{"data":"Coolheaded","floor":23,"key":"SMITH"},{"floor":30,"key":"REST"},{"data":"Zap","floor":32,"key":"SMITH"},{"data":"Conserve Battery","floor":40,"key":"SMITH"}],"neow_cost":"","seed_source_timestamp":0,"circlet_count":0,"master_deck":["Bash+1","Survivor+1","Zap+1","Strike_G","Defend_R","Defend_G","Tempest","Coolheaded+1","Beam Cell","Defragment+1","Go for the Eyes","Ball Lightning+1","Conserve Battery+1","Coolheaded+1","FTL","Skim+1","Ball Lightning+1","BootSequence+1"],"special_seed":17936,"relics":["Cracked Core","Omamori","The Courier","Lantern","Chemical X","Philosopher\u0027s Stone","CultistMask","Enchiridion","Gremlin Horn","Membership Card","Pantograph","Juzu Bracelet","Cursed Key","Centennial Puzzle","Vajra"],"potions_floor_usage":[33,41,44],"damage_taken":[{"damage":0,"enemies":"Small Slimes","floor":1,"turns":3},{"damage":0,"enemies":"2 Louse","floor":2,"turns":3},{"damage":1,"enemies":"Cultist","floor":4,"turns":3},{"damage":1,"enemies":"2 Fungi Beasts","floor":7,"turns":4},{"damage":17,"enemies":"Gremlin Nob","floor":8,"turns":5},{"damage":8,"enemies":"Looter","floor":11,"turns":3},{"damage":0,"enemies":"Exordium Thugs","floor":13,"turns":5},{"damage":22,"enemies":"The Guardian","floor":16,"turns":11},{"damage":0,"enemies":"Chosen","floor":18,"turns":3},{"damage":0,"enemies":"3 Byrds","floor":19,"turns":3},{"damage":17,"enemies":"Sentry and Sphere","floor":20,"turns":4},{"damage":0,"enemies":"Cultist and Chosen","floor":22,"turns":5},{"damage":14,"enemies":"3 Cultists","floor":24,"turns":5},{"damage":8,"enemies":"Snake Plant","floor":27,"turns":4},{"damage":3,"enemies":"Book of Stabbing","floor":29,"turns":4},{"damage":2,"enemies":"Chosen and Byrds","floor":31,"turns":4},{"damage":27,"enemies":"Champ","floor":33,"turns":9},{"damage":21,"enemies":"3 Darklings","floor":35,"turns":4},{"damage":0,"enemies":"3 Shapes","floor":36,"turns":3},{"damage":0,"enemies":"Maw","floor":38,"turns":6},{"damage":27,"enemies":"Writhing Mass","floor":41,"turns":3},{"damage":18,"enemies":"3 Darklings","floor":42,"turns":3},{"damage":36,"enemies":"Nemesis","floor":44,"turns":4}],"seed_played":"-7331181694979665872","potions_obtained":[{"floor":1,"key":"SneckoOil"},{"floor":2,"key":"Poison Potion"},{"floor":13,"key":"LiquidBronze"},{"floor":24,"key":"SkillPotion"},{"floor":42,"key":"Strength Potion"}],"is_trial":false,"path_per_floor":["M","M","?","M","?","R","M","E","T","R","M","?","M","$","R","B",null,"M","M","M","?","M","R","M","?","T","M","$","E","R","M","R","B",null,"M","M","$","M","?","R","M","M","T","E"],"character_chosen":"DEFECT","items_purchased":["Defragment","Chemical X","Membership Card","Pantograph","Centennial Puzzle"],"campfire_rested":2,"item_purchase_floors":[14,14,28,28,37],"current_hp_per_floor":[75,75,75,74,63,63,62,45,45,67,59,59,59,59,59,37,75,75,75,58,58,58,58,44,28,28,20,20,17,39,37,37,35,75,54,54,54,54,54,54,27,9,9,0],"gold":152,"neow_bonus":"","is_prod":false,"is_daily":true,"chose_seed":false,"campfire_upgraded":5,"win_rate":0,"timestamp":1549691593,"path_taken":["M","M","?","M","?","R","M","E","T","R","M","?","M","$","R","BOSS","M","M","M","?","?","R","M","?","T","M","$","E","R","M","R","BOSS","M","M","$","M","?","R","M","M","T","E"],"build_version":"2019-01-23","purchased_purges":3,"victory":false,"max_hp_per_floor":[75,75,75,75,75,75,75,75,75,75,75,75,75,75,75,75,75,75,75,75,75,75,75,75,75,75,75,75,75,75,75,75,75,75,75,75,75,75,75,75,75,75,75,75],"card_choices":[{"not_picked":["Melter","Gash"],"picked":"SKIP","floor":1},{"not_picked":["Hello World"],"picked":"Tempest","floor":2},{"not_picked":["Streamline","Steam"],"picked":"SKIP","floor":4},{"not_picked":["Auto Shields"],"picked":"Coolheaded","floor":7},{"not_picked":["Streamline","Scrape"],"picked":"SKIP","floor":8},{"not_picked":["Rebound","Gash"],"picked":"SKIP","floor":11},{"not_picked":["Skim"],"picked":"Beam Cell","floor":13},{"not_picked":["Tempest+1"],"picked":"Go for the Eyes","floor":18},{"not_picked":["Steam"],"picked":"Ball Lightning+1","floor":19},{"not_picked":["Go for the Eyes"],"picked":"Conserve Battery","floor":20},{"not_picked":["Undo","Stack"],"picked":"SKIP","floor":22},{"not_picked":["Ball Lightning"],"picked":"Coolheaded+1","floor":24},{"not_picked":["Gash+1"],"picked":"FTL","floor":27},{"not_picked":["Compile Driver","Stack+1"],"picked":"SKIP","floor":29},{"not_picked":["Conserve Battery"],"picked":"Skim+1","floor":31},{"not_picked":["Turbo","Ball Lightning"],"picked":"SKIP","floor":35},{"not_picked":["Ball Lightning","Hologram"],"picked":"SKIP","floor":36},{"not_picked":["Scrape"],"picked":"Ball Lightning+1","floor":38},{"not_picked":["Hologram"],"picked":"BootSequence+1","floor":41},{"not_picked":["Turbo","Ball Lightning"],"picked":"SKIP","floor":42}],"player_experience":576871,"relics_obtained":[{"floor":8,"key":"Omamori"},{"floor":9,"key":"The Courier"},{"floor":25,"key":"Enchiridion"},{"floor":26,"key":"Gremlin Horn"},{"floor":29,"key":"Juzu Bracelet"},{"floor":43,"key":"Vajra"}],"event_choices":[{"damage_healed":0,"gold_gain":0,"player_choice":"Grow","damage_taken":0,"max_hp_gain":0,"max_hp_loss":0,"event_name":"Living Wall","floor":3,"gold_loss":0,"cards_upgraded":["Bash"]},{"damage_healed":0,"gold_gain":75,"player_choice":"Gather Gold","damage_taken":11,"max_hp_gain":0,"max_hp_loss":0,"event_name":"World of Goop","floor":5,"gold_loss":0},{"damage_healed":0,"gold_gain":30,"player_choice":"Searched \u00272\u0027 times","damage_taken":0,"relics_obtained":["Lantern"],"max_hp_gain":0,"max_hp_loss":0,"event_name":"Dead Adventurer","floor":12,"gold_loss":0},{"damage_healed":0,"gold_gain":0,"player_choice":"Trade","damage_taken":0,"relics_obtained":["CultistMask"],"max_hp_gain":0,"max_hp_loss":0,"event_name":"FaceTrader","floor":21,"gold_loss":0},{"damage_healed":0,"gold_gain":0,"player_choice":"Obtained Book","damage_taken":16,"max_hp_gain":0,"max_hp_loss":0,"event_name":"Cursed Tome","floor":25,"gold_loss":0},{"damage_healed":0,"gold_gain":0,"player_choice":"Ignored","damage_taken":0,"max_hp_gain":0,"max_hp_loss":0,"event_name":"Mysterious Sphere","floor":39,"gold_loss":0}],"is_beta":false,"boss_relics":[{"not_picked":["FrozenCore","Nuclear Battery"],"picked":"Philosopher\u0027s Stone"},{"not_picked":["Black Star","Velvet Choker"],"picked":"Cursed Key"}],"items_purged_floors":[14,28,37],"is_endless":false,"potions_floor_spawned":[1,2,13,16,24,27,29,42],"killed_by":"Nemesis","ascension_level":0}