{"gold_per_floor":[119,134,134,144,94,124,140,140,140,155,188,113,131,151,151,251,251,267,267,167,183,183,183,214,227,227,237,237,255,255,355,355,451,451,467,483,309,323,337,337,370,370,447,457,474,87,102,133,133,133],"floor_reached":51,"playtime":4450,"items_purged":["Strike_R","Defend_R","Defend_R","Defend_R"],"score":958,"play_id":"a56ff3d2-69ec-459b-abe6-cf6a35de5f15","local_time":"20190420000448","is_ascension_mode":true,"campfire_choices":[{"data":"Armaments","floor":8,"key":"SMITH"},{"data":"True Grit","floor":15,"key":"SMITH"},{"data":"Body Slam","floor":23,"key":"SMITH"},{"data":"Searing Blow","floor":30,"key":"SMITH"},{"data":"Searing Blow+1","floor":32,"key":"SMITH"},{"data":"Fiend Fire","floor":40,"key":"SMITH"},{"data":"Searing Blow+2","floor":42,"key":"SMITH"},{"data":"Corruption","floor":49,"key":"SMITH"}],"neow_cost":"NONE","seed_source_timestamp":378013951153286,"circlet_count":0,"master_deck":["Bash","Body Slam+1","Dropkick","Searing Blow+3","Armaments+1","True Grit+1","Iron Wave","Battle Trance","Shrug It Off","Flame Barrier","Seeing Red+1","Fiend Fire+1","Decay","Corruption+1","Sadistic Nature"],"relics":["Burning Blood","NeowsBlessing","Mango","Charon\u0027s Ashes","Thread and Needle","Empty Cage","MutagenicStrength","Blood Vial","Dead Branch","StoneCalendar","Pantograph","Cursed Key","Prayer Wheel","Meat on the Bone","Shuriken"],"potions_floor_usage":[6,11,14,24,25,31,31,33,33,50,50],"damage_taken":[{"damage":0,"enemies":"2 Louse","floor":1,"turns":1},{"damage":0,"enemies":"Cultist","floor":2,"turns":1},{"damage":0,"enemies":"Jaw Worm","floor":4,"turns":1},{"damage":21,"enemies":"Lagavulin","floor":6,"turns":7},{"damage":7,"enemies":"Blue Slaver","floor":7,"turns":3},{"damage":0,"enemies":"3 Louse","floor":10,"turns":5},{"damage":14,"enemies":"3 Sentries","floor":11,"turns":6},{"damage":1,"enemies":"Looter","floor":13,"turns":4},{"damage":0,"enemies":"Large Slime","floor":14,"turns":4},{"damage":0,"enemies":"The Guardian","floor":16,"turns":13},{"damage":8,"enemies":"Chosen","floor":18,"turns":6},{"damage":0,"enemies":"Shell Parasite","floor":21,"turns":5},{"damage":30,"enemies":"Slavers","floor":24,"turns":7},{"damage":9,"enemies":"Snake Plant","floor":25,"turns":4},{"damage":0,"enemies":"Centurion and Healer","floor":27,"turns":7},{"damage":22,"enemies":"Cultist and Chosen","floor":29,"turns":8},{"damage":0,"enemies":"Colosseum Slavers","floor":31,"turns":3},{"damage":0,"enemies":"Colosseum Nobs","floor":31,"turns":6},{"damage":47,"enemies":"Champ","floor":33,"turns":14},{"damage":0,"enemies":"3 Shapes","floor":35,"turns":5},{"damage":1,"enemies":"3 Darklings","floor":36,"turns":6},{"damage":13,"enemies":"4 Shapes","floor":38,"turns":3},{"damage":22,"enemies":"Maw","floor":39,"turns":4},{"damage":1,"enemies":"Reptomancer","floor":41,"turns":2},{"damage":0,"enemies":"Sphere and 2 Shapes","floor":44,"turns":3},{"damage":12,"enemies":"Jaw Worm Horde","floor":45,"turns":3},{"damage":3,"enemies":"4 Shapes","floor":47,"turns":4},{"damage":0,"enemies":"Nemesis","floor":48,"turns":3},{"damage":18,"enemies":"Awakened One","floor":50,"turns":4}],"seed_played":"-7966244829565141311","potions_obtained":[{"floor":2,"key":"Block Potion"},{"floor":6,"key":"GamblersBrew"},{"floor":11,"key":"Fruit Juice"},{"floor":13,"key":"Energy Potion"},{"floor":16,"key":"Fire Potion"},{"floor":18,"key":"Ancient Potion"},{"floor":27,"key":"SpeedPotion"},{"floor":29,"key":"Regen Potion"},{"floor":31,"key":"Weak Potion"},{"floor":36,"key":"SpeedPotion"},{"floor":38,"key":"Explosive Potion"},{"floor":39,"key":"SkillPotion"}],"is_trial":false,"path_per_floor":["M","M","?","M","?","E","M","R","T","M","E","$","M","M","R","B",null,"M","?","$","M","?","R","E","M","T","M","?","M","R","?","R","B",null,"M","M","$","M","M","R","E","R","T","M","M","$","M","E","R","B",null],"character_chosen":"IRONCLAD","items_purchased":["PowerPotion","Corruption","Sadistic Nature"],"campfire_rested":0,"item_purchase_floors":[37,46,46],"current_hp_per_floor":[80,80,80,80,80,79,78,78,78,84,81,81,86,92,92,98,99,97,97,97,99,99,99,75,74,74,82,82,68,68,99,99,58,99,99,99,99,92,78,78,85,85,85,93,89,89,94,99,99,87],"gold":133,"neow_bonus":"THREE_ENEMY_KILL","is_prod":false,"is_daily":false,"chose_seed":false,"campfire_upgraded":8,"win_rate":0,"timestamp":1555733088,"path_taken":["M","M","?","?","?","E","M","R","T","M","E","$","M","M","R","BOSS","M","?","$","M","?","R","E","M","T","M","?","M","R","?","R","BOSS","M","M","$","M","M","R","E","R","T","M","M","$","M","E","R","BOSS"],"build_version":"2019-01-23","purchased_purges":4,"victory":true,"max_hp_per_floor":[80,80,80,80,80,94,94,94,94,94,99,99,99,99,99,99,99,99,99,99,99,99,99,99,99,99,99,99,99,99,99,99,99,99,99,99,99,99,99,99,99,99,99,99,99,99,99,99,99,99],"card_choices":[{"not_picked":["Iron Wave","Wild Strike"],"picked":"Body Slam","floor":1},{"not_picked":["Shockwave","Clothesline"],"picked":"Dropkick","floor":2},{"not_picked":["Demon Form","Corruption"],"picked":"Armaments","floor":4},{"not_picked":["Rage","Fiend Fire"],"picked":"True Grit","floor":6},{"not_picked":["Rage","Heavy Blade"],"picked":"Iron Wave","floor":7},{"not_picked":["Warcry","Wild Strike"],"picked":"Battle Trance","floor":10},{"not_picked":["Spot Weakness","Pommel Strike","Evolve"],"picked":"SKIP","floor":11},{"not_picked":["Thunderclap","True Grit"],"picked":"Shrug It Off","floor":13},{"not_picked":["Clothesline","Hemokinesis"],"picked":"Flame Barrier","floor":14},{"not_picked":["Ghostly Armor+1","Flex+1"],"picked":"Seeing Red+1","floor":18},{"not_picked":["Wild Strike","Entrench","Searing Blow"],"picked":"SKIP","floor":21},{"not_picked":["Heavy Blade","Pommel Strike","Thunderclap"],"picked":"SKIP","floor":24},{"not_picked":["Power Through","Iron Wave","Sword Boomerang"],"picked":"SKIP","floor":25},{"not_picked":["Heavy Blade+1","Armaments","Intimidate"],"picked":"SKIP","floor":27},{"not_picked":["Disarm","Evolve","True Grit"],"picked":"SKIP","floor":29},{"not_picked":["Immolate","Reaper"],"picked":"Fiend Fire","floor":33},{"not_picked":["True Grit+1","Sword Boomerang","Rampage"],"picked":"SKIP","floor":35},{"not_picked":["Rampage","Cleave","Anger+1"],"picked":"SKIP","floor":36},{"not_picked":["Armaments","Headbutt","Shrug It Off"],"picked":"SKIP","floor":38},{"not_picked":["Wild Strike+1","Blood for Blood","Cleave"],"picked":"SKIP","floor":39},{"not_picked":["Havoc","Perfected Strike+1","Second Wind+1"],"picked":"SKIP","floor":41},{"not_picked":["Perfected Strike+1","Iron Wave","Armaments"],"picked":"SKIP","floor":44},{"not_picked":["Anger","Fire Breathing","Bludgeon"],"picked":"SKIP","floor":44},{"not_picked":["Anger","Combust+1","Clothesline"],"picked":"SKIP","floor":45},{"not_picked":["Cleave+1","Flex+1","Entrench"],"picked":"SKIP","floor":45},{"not_picked":["Perfected Strike","Immolate","Twin Strike"],"picked":"SKIP","floor":47},{"not_picked":["Body Slam+1","Pommel Strike","Fire Breathing"],"picked":"SKIP","floor":47},{"not_picked":["Sword Boomerang","Carnage+1","True Grit"],"picked":"SKIP","floor":48}],"player_experience":948863,"relics_obtained":[{"floor":6,"key":"Mango"},{"floor":9,"key":"Charon\u0027s Ashes"},{"floor":11,"key":"Thread and Needle"},{"floor":24,"key":"Blood Vial"},{"floor":26,"key":"Dead Branch"},{"floor":31,"key":"StoneCalendar"},{"floor":31,"key":"Pantograph"},{"floor":41,"key":"Prayer Wheel"},{"floor":43,"key":"Meat on the Bone"},{"floor":48,"key":"Shuriken"}],"event_choices":[{"damage_healed":0,"gold_gain":0,"cards_transformed":["Strike_R"],"player_choice":"Transformed","damage_taken":0,"max_hp_gain":0,"max_hp_loss":0,"event_name":"Transmorgrifier","floor":3,"gold_loss":0,"cards_obtained":["Searing Blow"]},{"cards_removed":["Strike_R"],"damage_healed":0,"gold_gain":0,"player_choice":"Card Removal","damage_taken":0,"max_hp_gain":0,"max_hp_loss":0,"event_name":"The Cleric","floor":5,"gold_loss":50},{"cards_removed":["Defend_R"],"damage_healed":0,"gold_gain":0,"player_choice":"Elegance","damage_taken":0,"max_hp_gain":0,"max_hp_loss":0,"event_name":"Back to Basics","floor":19,"gold_loss":0},{"damage_healed":0,"gold_gain":0,"player_choice":"Inject Mutagens","damage_taken":0,"relics_obtained":["MutagenicStrength"],"max_hp_gain":0,"max_hp_loss":0,"event_name":"Drug Dealer","floor":22,"gold_loss":0},{"damage_healed":0,"gold_gain":0,"player_choice":"Ignored","damage_taken":0,"max_hp_gain":0,"max_hp_loss":0,"event_name":"Ghosts","floor":28,"gold_loss":0},{"damage_healed":0,"gold_gain":0,"player_choice":"Fight","damage_taken":0,"max_hp_gain":0,"max_hp_loss":0,"event_name":"Colosseum","floor":31,"gold_loss":0},{"damage_healed":0,"gold_gain":0,"player_choice":"Fought Nobs","damage_taken":0,"max_hp_gain":0,"max_hp_loss":0,"event_name":"Colosseum","floor":31,"gold_loss":0}],"is_beta":false,"boss_relics":[{"not_picked":["Runic Pyramid","Busted Crown"],"picked":"Empty Cage"},{"not_picked":["Lizard Tail","Black Star"],"picked":"Cursed Key"}],"items_purged_floors":[12,20,37,46],"is_endless":false,"potions_floor_spawned":[2,6,11,13,16,18,27,29,31,31,36,38,39,45,48],"ascension_level":1}