{"gold_per_floor":[112,123,134,145,320,4,37,37,37,57,7,7,40,40,40,143,143,153,428,447,41,51,51,76,76,146,176,275,275],"floor_reached":29,"playtime":10700,"items_purged":["Doubt","Regret"],"score":416,"play_id":"2e5d3d17-fdaf-4b28-89b5-88a374a0ea60","local_time":"20190412230134","is_ascension_mode":true,"campfire_choices":[{"data":"Whirlwind","floor":8,"key":"SMITH"},{"data":"Uppercut","floor":12,"key":"SMITH"},{"data":"Body Slam","floor":15,"key":"SMITH"},{"data":"Barricade","floor":23,"key":"SMITH"},{"data":"Hemokinesis","floor":25,"key":"SMITH"}],"neow_cost":"NONE","seed_source_timestamp":2479423146565345,"circlet_count":0,"master_deck":["Strike_R","Strike_R","Strike_R","Strike_R","Defend_R","Defend_R+1","Defend_R+1","Defend_R","Bash","Armaments","Metallicize","Whirlwind+1","Hemokinesis+1","Body Slam+1","Uppercut+1","Ghostly Armor+1","Barricade+1","Shrug It Off+1","Finesse+1","Metallicize","Shrug It Off+1"],"relics":["Burning Blood","Shuriken","Blue Candle","Toxic Egg 2","War Paint","Coffee Dripper","Strawberry","Smiling Mask","Sundial","Bag of Marbles"],"potions_floor_usage":[16,16,16,24,29],"damage_taken":[{"damage":4,"enemies":"Small Slimes","floor":1,"turns":4},{"damage":5,"enemies":"2 Louse","floor":2,"turns":3},{"damage":3,"enemies":"Jaw Worm","floor":3,"turns":5},{"damage":4,"enemies":"Blue Slaver","floor":4,"turns":7},{"damage":41,"enemies":"3 Sentries","floor":7,"turns":7},{"damage":11,"enemies":"Red Slaver","floor":10,"turns":4},{"damage":24,"enemies":"Gremlin Nob","floor":13,"turns":4},{"damage":25,"enemies":"The Guardian","floor":16,"turns":10},{"damage":7,"enemies":"Chosen","floor":18,"turns":5},{"damage":25,"enemies":"2 Thieves","floor":20,"turns":4},{"damage":0,"enemies":"Snecko","floor":22,"turns":7},{"damage":26,"enemies":"Book of Stabbing","floor":24,"turns":6},{"damage":29,"enemies":"Slavers","floor":27,"turns":6},{"damage":20,"enemies":"Book of Stabbing","floor":29,"turns":6}],"seed_played":"-3553459213578826124","potions_obtained":[{"floor":3,"key":"FearPotion"},{"floor":10,"key":"LiquidBronze"},{"floor":13,"key":"FearPotion"},{"floor":16,"key":"Poison Potion"},{"floor":22,"key":"Ancient Potion"},{"floor":24,"key":"Ancient Potion"},{"floor":27,"key":"Swift Potion"}],"is_trial":false,"path_per_floor":["M","M","M","M","?","$","E","R","T","M","?","R","E","T","R","B",null,"M","?","M","$","M","R","E","R","T","E","?","E"],"character_chosen":"IRONCLAD","items_purchased":["Shuriken","Finesse+1","Strawberry","Metallicize"],"campfire_rested":0,"item_purchase_floors":[6,21,21,21],"current_hp_per_floor":[82,83,86,88,88,88,53,53,53,48,48,48,30,30,30,11,69,68,68,49,56,62,62,42,42,42,19,19,0],"gold":275,"neow_bonus":"TEN_PERCENT_HP_BONUS","is_prod":false,"is_daily":false,"chose_seed":false,"campfire_upgraded":5,"win_rate":0,"timestamp":1555074094,"path_taken":["M","M","M","M","?","$","E","R","T","M","?","R","E","?","R","BOSS","M","?","?","$","M","R","E","R","T","E","?","E"],"build_version":"2019-01-23","purchased_purges":2,"victory":false,"max_hp_per_floor":[88,88,88,88,88,88,88,88,88,88,88,88,88,88,88,88,88,88,88,88,95,95,95,95,95,95,95,95,95],"card_choices":[{"not_picked":["Twin Strike","Cleave"],"picked":"Armaments","floor":1},{"not_picked":["Heavy Blade","Havoc"],"picked":"Metallicize","floor":2},{"not_picked":["Disarm","Headbutt"],"picked":"Whirlwind","floor":3},{"not_picked":["Dropkick","Wild Strike"],"picked":"Hemokinesis","floor":4},{"not_picked":["Armaments","Sword Boomerang"],"picked":"Body Slam","floor":7},{"not_picked":["Searing Blow","Evolve"],"picked":"Uppercut","floor":10},{"not_picked":["Headbutt","Heavy Blade"],"picked":"Ghostly Armor","floor":13},{"not_picked":["Exhume+1","Brutality"],"picked":"Barricade","floor":16},{"not_picked":["Iron Wave","Sword Boomerang+1","Wild Strike"],"picked":"SKIP","floor":18},{"not_picked":["Clash","Body Slam"],"picked":"Shrug It Off+1","floor":20},{"not_picked":["Heavy Blade","Feel No Pain+1","Havoc+1"],"picked":"SKIP","floor":22},{"not_picked":["Metallicize","Spot Weakness+1"],"picked":"Shrug It Off+1","floor":24},{"not_picked":["Anger","Feel No Pain","Cleave"],"picked":"SKIP","floor":27}],"player_experience":482335,"relics_obtained":[{"floor":7,"key":"Blue Candle"},{"floor":13,"key":"Toxic Egg 2"},{"floor":14,"key":"War Paint"},{"floor":24,"key":"Smiling Mask"},{"floor":26,"key":"Sundial"},{"floor":27,"key":"Bag of Marbles"}],"event_choices":[{"damage_healed":0,"gold_gain":175,"player_choice":"AGREE","damage_taken":0,"max_hp_gain":0,"max_hp_loss":0,"event_name":"Liars Game","floor":5,"gold_loss":0,"cards_obtained":["Doubt"]},{"cards_removed":["Strike_R"],"damage_healed":0,"gold_gain":0,"player_choice":"Card Removal","damage_taken":0,"max_hp_gain":0,"max_hp_loss":0,"event_name":"The Cleric","floor":11,"gold_loss":50},{"damage_healed":0,"gold_gain":275,"player_choice":"Desecrate","damage_taken":0,"max_hp_gain":0,"max_hp_loss":0,"event_name":"Golden Shrine","floor":19,"gold_loss":0,"cards_obtained":["Regret"]},{"damage_healed":0,"gold_gain":99,"player_choice":"Stole From Cult","damage_taken":0,"max_hp_gain":0,"max_hp_loss":0,"event_name":"Nest","floor":28,"gold_loss":0}],"is_beta":false,"boss_relics":[{"not_picked":["Astrolabe","Ectoplasm"],"picked":"Coffee Dripper"}],"items_purged_floors":[6,21],"is_endless":false,"potions_floor_spawned":[3,10,13,16,22,24,27],"killed_by":"Book of Stabbing","ascension_level":7}