{"gold_per_floor":[145,145,159,170,170,170,170,170,195,195,521,521,533,533,533,607,607,626,626,27,27,53,80,80,80,80,80],"floor_reached":27,"playtime":1129,"items_purged":["Strike_B"],"score":500,"play_id":"f342a617-9713-4c77-848b-b47236557909","local_time":"20190116191530","is_ascension_mode":true,"campfire_choices":[{"data":"Zap","floor":6,"key":"SMITH"},{"data":"Dualcast","floor":8,"key":"SMITH"},{"data":"Doom and Gloom","floor":12,"key":"SMITH"},{"data":"Recycle","floor":15,"key":"SMITH"},{"data":"Fission","floor":25,"key":"SMITH"}],"neow_cost":"NONE","seed_source_timestamp":542025507643448,"circlet_count":0,"master_deck":["AscendersBane","Strike_B+1","Strike_B","Strike_B","Defend_B","Defend_B","Defend_B","Defend_B","Zap+1","Dualcast+1","Lockon+1","Cold Snap+1","Genetic Algorithm","Doom and Gloom+1","Recycle+1","Multi-Cast","Conserve Battery","Darkness","Fission+1"],"relics":["Cracked Core","Tiny Chest","Dream Catcher","Blue Candle","Whetstone","Old Coin","Dodecahedron","Runic Pyramid","Boot","Cables","Art of War","Bronze Scales","Mercury Hourglass","Bag of Preparation"],"potions_floor_usage":[10,11,16,23,23],"damage_taken":[{"damage":1,"enemies":"Cultist","floor":1,"turns":3},{"damage":4,"enemies":"2 Louse","floor":3,"turns":3},{"damage":10,"enemies":"Jaw Worm","floor":4,"turns":3},{"damage":0,"enemies":"3 Sentries","floor":11,"turns":2},{"damage":0,"enemies":"Large Slime","floor":13,"turns":4},{"damage":28,"enemies":"The Guardian","floor":16,"turns":8},{"damage":0,"enemies":"Chosen","floor":18,"turns":3},{"damage":35,"enemies":"Slavers","floor":23,"turns":6},{"damage":29,"enemies":"Gremlin Leader","floor":27,"turns":5}],"seed_played":"5968434363260054939","potions_obtained":[{"floor":1,"key":"Dexterity Potion"},{"floor":3,"key":"PowerPotion"},{"floor":10,"key":"Fruit Juice"},{"floor":10,"key":"SneckoOil"},{"floor":11,"key":"FocusPotion"},{"floor":18,"key":"Fire Potion"}],"is_trial":false,"path_per_floor":["M","T","M","M","?","R","T","R","T","?","E","R","M","T","R","B",null,"M","T","$","?","T","E","?","R","T","E"],"character_chosen":"DEFECT","items_purchased":["Cables","Art of War","Darkness"],"campfire_rested":0,"item_purchase_floors":[20,20,20],"current_hp_per_floor":[63,63,59,49,49,49,49,49,49,54,54,54,54,54,54,26,64,64,64,64,64,64,29,29,29,29,0],"gold":80,"neow_bonus":"RANDOM_COMMON_RELIC","is_prod":false,"is_daily":false,"chose_seed":false,"campfire_upgraded":5,"win_rate":0,"timestamp":1547662530,"path_taken":["M","?","?","M","?","R","?","R","T","?","E","R","?","?","R","BOSS","M","?","$","?","?","E","?","R","T","E"],"build_version":"2019-01-10","purchased_purges":1,"victory":false,"max_hp_per_floor":[71,71,71,71,71,71,71,71,71,76,76,76,76,76,76,76,76,76,76,76,76,76,76,76,76,76,76],"card_choices":[{"not_picked":["Conserve Battery","Melter"],"picked":"Lockon","floor":1},{"not_picked":["Capacitor","Rebound"],"picked":"Cold Snap","floor":3},{"not_picked":["Blizzard","Sweeping Beam"],"picked":"Genetic Algorithm","floor":4},{"not_picked":["Stack","Steam"],"picked":"Doom and Gloom","floor":11},{"not_picked":["Barrage","Stack"],"picked":"Recycle","floor":13},{"not_picked":["Buffer","Core Surge"],"picked":"Multi-Cast","floor":16},{"not_picked":["Go for the Eyes","Stack"],"picked":"Conserve Battery","floor":18},{"not_picked":["Machine Learning","Amplify"],"picked":"Fission","floor":23}],"player_experience":444982,"relics_obtained":[{"floor":2,"key":"Dream Catcher"},{"floor":7,"key":"Blue Candle"},{"floor":9,"key":"Whetstone"},{"floor":11,"key":"Old Coin"},{"floor":14,"key":"Dodecahedron"},{"floor":19,"key":"Boot"},{"floor":22,"key":"Bronze Scales"},{"floor":23,"key":"Mercury Hourglass"},{"floor":26,"key":"Bag of Preparation"}],"event_choices":[{"damage_healed":0,"gold_gain":0,"player_choice":"Grow","damage_taken":0,"max_hp_gain":0,"max_hp_loss":0,"event_name":"Living Wall","floor":5,"gold_loss":0,"cards_upgraded":["Lockon"]},{"damage_healed":0,"gold_gain":0,"player_choice":"Got Potions","damage_taken":0,"max_hp_gain":0,"max_hp_loss":0,"event_name":"Lab","floor":10,"gold_loss":0},{"damage_healed":0,"gold_gain":0,"player_choice":"Ignored","damage_taken":0,"max_hp_gain":0,"max_hp_loss":0,"event_name":"Vampires","floor":21,"gold_loss":0},{"damage_healed":0,"gold_gain":0,"player_choice":"Ignored","damage_taken":0,"max_hp_gain":0,"max_hp_loss":0,"event_name":"Cursed Tome","floor":24,"gold_loss":0}],"is_beta":false,"boss_relics":[{"not_picked":["White Beast Statue","Ectoplasm"],"picked":"Runic Pyramid"}],"items_purged_floors":[20],"is_endless":false,"potions_floor_spawned":[1,3,11,18],"killed_by":"Gremlin Leader","ascension_level":20}