{"gold_per_floor":[119,23,23,37,57,57,76,76,130,130],"floor_reached":10,"playtime":356,"items_purged":[],"score":116,"play_id":"7144fc46-4a95-4d0b-b9b0-8b13b5d5a19a","local_time":"20190117011615","is_ascension_mode":true,"campfire_choices":[{"data":"Conserve Battery","floor":6,"key":"SMITH"}],"neow_cost":"NONE","seed_source_timestamp":564401252423680,"circlet_count":0,"master_deck":["AscendersBane","Strike_B","Strike_B","Strike_B","Defend_B","Defend_B+1","Defend_B","Defend_B","Zap+1","Dualcast","Barrage+1","Cold Snap","Darkness","Conserve Battery+1","Coolheaded","Double Energy"],"special_seed":0,"relics":["Cracked Core","Lantern"],"potions_floor_usage":[],"damage_taken":[{"damage":0,"enemies":"Small Slimes","floor":1,"turns":2},{"damage":7,"enemies":"Jaw Worm","floor":4,"turns":3},{"damage":0,"enemies":"Cultist","floor":5,"turns":2},{"damage":15,"enemies":"Lots of Slimes","floor":7,"turns":4},{"damage":21,"enemies":"3 Sentries","floor":10,"turns":6}],"seed_played":"-6439904229476216860","potions_obtained":[{"floor":1,"key":"FearPotion"},{"floor":4,"key":"Ancient Potion"}],"is_trial":false,"path_per_floor":["M","$","?","M","M","R","M","?","T","E"],"character_chosen":"DEFECT","items_purchased":["Cold Snap","Darkness"],"campfire_rested":0,"item_purchase_floors":[2,2],"current_hp_per_floor":[64,64,43,36,36,36,21,21,21,0],"gold":130,"neow_bonus":"UPGRADE_CARD","is_prod":false,"is_daily":false,"chose_seed":false,"campfire_upgraded":1,"win_rate":0,"timestamp":1547684175,"path_taken":["M","$","?","M","M","R","M","?","T","E"],"build_version":"2019-01-10","purchased_purges":0,"victory":false,"max_hp_per_floor":[71,71,71,71,71,71,71,71,71,71],"card_choices":[{"not_picked":["FTL","Gash"],"picked":"Barrage","floor":1},{"not_picked":["Skim","Cold Snap","Reprogram"],"picked":"SKIP","floor":4},{"not_picked":["Sweeping Beam","Darkness"],"picked":"Conserve Battery","floor":5},{"not_picked":["Force Field","Ball Lightning"],"picked":"Coolheaded","floor":7}],"player_experience":465198,"relics_obtained":[{"floor":9,"key":"Lantern"}],"event_choices":[{"damage_healed":0,"gold_gain":0,"player_choice":"Entered Light","damage_taken":21,"max_hp_gain":0,"max_hp_loss":0,"event_name":"Shining Light","floor":3,"gold_loss":0,"cards_upgraded":["Barrage","Defend_B"]},{"damage_healed":0,"gold_gain":0,"cards_transformed":["Strike_B"],"player_choice":"Transformed","damage_taken":0,"max_hp_gain":0,"max_hp_loss":0,"event_name":"Transmorgrifier","floor":8,"gold_loss":0,"cards_obtained":["Double Energy"]}],"is_beta":false,"boss_relics":[],"items_purged_floors":[],"is_endless":false,"potions_floor_spawned":[1,4],"killed_by":"3 Sentries","ascension_level":20}