{"gold_per_floor":[115,115,115,14,28,28,68,68,94,94,137,160,160,186,186,310,310,328,328,5,24,67,67,108,122,122,142,142,182,97,122,122,248,248,267,323,347,347,365,401,734,734,788,788,888,903,903,922,922,922],"floor_reached":51,"playtime":3343,"items_purged":["Injury"],"score":721,"play_id":"f96b638d-0ef2-4c9b-8cc4-bc2a011ac6bc","local_time":"20190324190403","is_ascension_mode":false,"campfire_choices":[{"floor":6,"key":"REST"},{"floor":10,"key":"REST"},{"floor":13,"key":"REST"},{"data":"Static Discharge","floor":15,"key":"SMITH"},{"floor":23,"key":"REST"},{"floor":28,"key":"REST"},{"data":"Creative AI","floor":32,"key":"SMITH"},{"floor":42,"key":"REST"},{"data":"Buffer","floor":44,"key":"SMITH"},{"data":"Electrodynamics","floor":47,"key":"SMITH"},{"data":"Biased Cognition","floor":49,"key":"SMITH"}],"neow_cost":"NONE","seed_source_timestamp":17856231877621,"circlet_count":0,"master_deck":["Strike_B","Strike_B","Strike_B","Defend_B","Defend_B","Defend_B+1","Defend_B","Zap+1","Dualcast","Auto Shields+1","Conserve Battery","Static Discharge+1","Ball Lightning","Cold Snap","Biased Cognition+1","Sunder","Defragment","Rebound","Cold Snap+1","Reprogram+1","Glacier","Redo","Creative AI+1","Self Repair+1","Electrodynamics+1","Heatsinks","Leap+1","Go for the Eyes+1","Skim+1","Buffer+1","Loop","Echo Form","Capacitor+1"],"relics":["Cracked Core","Vajra","PreservedInsect","Bronze Scales","Happy Flower","War Paint","Black Star","Mummified Hand","Red Mask","Smiling Mask","Bag of Marbles","Lantern","Bag of Preparation","Meat on the Bone","Strawberry","Lizard Tail","Ice Cream","Question Card","Darkstone Periapt","Anchor","Gambling Chip"],"potions_floor_usage":[16,33,33,33,50],"damage_taken":[{"damage":6,"enemies":"Cultist","floor":1,"turns":3},{"damage":1,"enemies":"Jaw Worm","floor":5,"turns":4},{"damage":36,"enemies":"Gremlin Nob","floor":7,"turns":5},{"damage":11,"enemies":"3 Sentries","floor":11,"turns":4},{"damage":2,"enemies":"Small Slimes","floor":12,"turns":2},{"damage":25,"enemies":"The Guardian","floor":16,"turns":9},{"damage":2,"enemies":"Chosen","floor":18,"turns":4},{"damage":1,"enemies":"Shell Parasite","floor":21,"turns":3},{"damage":9,"enemies":"Masked Bandits","floor":22,"turns":3},{"damage":21,"enemies":"Gremlin Leader","floor":24,"turns":6},{"damage":1,"enemies":"Sentry and Sphere","floor":25,"turns":5},{"damage":0,"enemies":"Snecko","floor":27,"turns":4},{"damage":3,"enemies":"Slavers","floor":29,"turns":4},{"damage":0,"enemies":"3 Cultists","floor":31,"turns":5},{"damage":54,"enemies":"Champ","floor":33,"turns":7},{"damage":11,"enemies":"3 Darklings","floor":35,"turns":4},{"damage":21,"enemies":"2 Orb Walkers","floor":36,"turns":3},{"damage":3,"enemies":"3 Shapes","floor":37,"turns":3},{"damage":0,"enemies":"3 Darklings","floor":39,"turns":3},{"damage":16,"enemies":"Giant Head","floor":40,"turns":7},{"damage":6,"enemies":"Mind Bloom Boss Battle","floor":45,"turns":6},{"damage":0,"enemies":"Sphere and 2 Shapes","floor":46,"turns":3},{"damage":0,"enemies":"Writhing Mass","floor":48,"turns":6},{"damage":57,"enemies":"Time Eater","floor":50,"turns":10}],"seed_played":"-5924438243679493106","potions_obtained":[{"floor":7,"key":"Regen Potion"},{"floor":11,"key":"Fire Potion"},{"floor":12,"key":"Swift Potion"},{"floor":18,"key":"Energy Potion"},{"floor":33,"key":"FearPotion"},{"floor":40,"key":"PowerPotion"},{"floor":45,"key":"Swift Potion"},{"floor":48,"key":"Dexterity Potion"}],"is_trial":false,"path_per_floor":["?","?","T","?","M","?","?","?","?","?","?"],"character_chosen":"DEFECT","items_purchased":["Conserve Battery","Defragment","Mummified Hand"],"campfire_rested":6,"item_purchase_floors":[4,20,20],"current_hp_per_floor":[69,69,69,69,68,75,39,39,39,61,50,48,70,70,70,60,75,73,73,73,72,63,75,54,53,53,53,75,72,79,79,79,57,82,81,70,67,67,77,71,71,82,82,82,82,82,82,82,82,47],"gold":922,"neow_bonus":"RANDOM_COMMON_RELIC","is_prod":false,"is_daily":false,"chose_seed":false,"campfire_upgraded":5,"win_rate":0.0,"timestamp":1553468643,"path_taken":["M","?","?","$","M","R","E","$","T","R","E","M","R","?","R","BOSS","M","?","$","?","?","R","E","M","T","M","R","E","?","M","R","BOSS","M","?","M","?","M","E","?","R","T","R","?","M","R","M","R","BOSS"],"build_version":"2019-01-23","purchased_purges":1,"victory":true,"max_hp_per_floor":[75,75,75,75,75,75,75,75,75,75,75,75,75,75,75,75,75,75,75,75,75,75,75,75,75,75,75,75,75,82,82,82,82,82,82,82,82,82,82,82,82,82,82,82,82,82,82,82,82,82],"card_choices":[{"not_picked":["Stack","Melter"],"picked":"Auto Shields","floor":1},{"not_picked":["Rebound","Hello World"],"picked":"Static Discharge","floor":5},{"not_picked":["Stack","Double Energy"],"picked":"Go for the Eyes","floor":7},{"not_picked":["Go for the Eyes","Cold Snap"],"picked":"Ball Lightning","floor":11},{"not_picked":["Scrape","Hologram"],"picked":"Cold Snap","floor":12},{"not_picked":["Rainbow","Amplify"],"picked":"Biased Cognition","floor":16},{"not_picked":["Sweeping Beam","Barrage"],"picked":"Sunder","floor":18},{"not_picked":["Turbo","Streamline"],"picked":"Rebound","floor":21},{"not_picked":["Streamline","Doom and Gloom+1"],"picked":"Cold Snap+1","floor":22},{"not_picked":["Stack+1","Lockon"],"picked":"Reprogram+1","floor":24},{"not_picked":["Consume","Hologram"],"picked":"Glacier","floor":25},{"not_picked":["Coolheaded","Hologram"],"picked":"Redo","floor":27},{"not_picked":["Leap","Beam Cell"],"picked":"Creative AI","floor":29},{"not_picked":["Sweeping Beam","Darkness+1"],"picked":"Self Repair+1","floor":31},{"not_picked":["Fission","Rainbow"],"picked":"Electrodynamics","floor":33},{"not_picked":["Rebound+1","Stack"],"picked":"Heatsinks","floor":35},{"not_picked":["Turbo","Barrage"],"picked":"Leap+1","floor":36},{"not_picked":["Gash+1","Rip and Tear"],"picked":"Go for the Eyes+1","floor":37},{"not_picked":["Genetic Algorithm+1","Sweeping Beam"],"picked":"Skim+1","floor":39},{"not_picked":["Tempest","Scrape"],"picked":"Buffer","floor":40},{"not_picked":["Sunder","Coolheaded","Conserve Battery"],"picked":"Loop","floor":45},{"not_picked":["Coolheaded+1","Tempest+1","Capacitor+1"],"picked":"Echo Form","floor":46},{"not_picked":["Coolheaded","Steam+1","Cold Snap+1"],"picked":"Capacitor+1","floor":48}],"player_experience":56235,"relics_obtained":[{"floor":7,"key":"PreservedInsect"},{"floor":9,"key":"Bronze Scales"},{"floor":11,"key":"Happy Flower"},{"floor":14,"key":"War Paint"},{"floor":22,"key":"Red Mask"},{"floor":24,"key":"Smiling Mask"},{"floor":24,"key":"Bag of Marbles"},{"floor":26,"key":"Lantern"},{"floor":29,"key":"Bag of Preparation"},{"floor":29,"key":"Meat on the Bone"},{"floor":36,"key":"Ice Cream"},{"floor":40,"key":"Question Card"},{"floor":40,"key":"Darkstone Periapt"},{"floor":43,"key":"Anchor"},{"floor":45,"key":"Gambling Chip"}],"event_choices":[{"damage_healed":0,"gold_gain":0,"player_choice":"Grow","damage_taken":0,"max_hp_gain":0,"max_hp_loss":0,"event_name":"Living Wall","floor":2,"gold_loss":0,"cards_upgraded":["Zap"]},{"damage_healed":0,"gold_gain":0,"player_choice":"Take Wound","damage_taken":0,"relics_obtained":["Golden Idol"],"max_hp_gain":0,"max_hp_loss":0,"event_name":"Golden Idol","floor":3,"gold_loss":0,"cards_obtained":["Injury"]},{"cards_removed":["Strike_B"],"damage_healed":0,"gold_gain":0,"player_choice":"Purged","damage_taken":0,"max_hp_gain":0,"max_hp_loss":0,"event_name":"Purifier","floor":19,"gold_loss":0},{"damage_healed":0,"gold_gain":0,"player_choice":"Fought Bandits","damage_taken":0,"max_hp_gain":0,"max_hp_loss":0,"event_name":"Masked Bandits","floor":22,"gold_loss":0},{"damage_healed":0,"gold_gain":0,"player_choice":"Obtained Relic","damage_taken":0,"relics_obtained":["Strawberry"],"max_hp_gain":0,"max_hp_loss":0,"event_name":"Addict","floor":30,"gold_loss":85},{"damage_healed":0,"gold_gain":0,"player_choice":"Fight","damage_taken":0,"max_hp_gain":0,"max_hp_loss":0,"event_name":"Mysterious Sphere","floor":36,"gold_loss":0},{"cards_removed":["Go for the Eyes"],"damage_healed":0,"gold_gain":0,"player_choice":"Removed Attack","damage_taken":0,"max_hp_gain":0,"max_hp_loss":0,"event_name":"Falling","floor":38,"gold_loss":0},{"damage_healed":0,"gold_gain":333,"player_choice":"Gave Idol","damage_taken":0,"max_hp_gain":0,"max_hp_loss":0,"event_name":"The Moai Head","floor":41,"relics_lost":["Golden Idol"],"gold_loss":0},{"damage_healed":0,"gold_gain":0,"player_choice":"Fight","damage_taken":0,"max_hp_gain":0,"max_hp_loss":0,"event_name":"MindBloom","floor":45,"gold_loss":0}],"is_beta":false,"boss_relics":[{"not_picked":["Coffee Dripper","Velvet Choker"],"picked":"Black Star"},{"not_picked":["Orrery","Eternal Feather"],"picked":"Lizard Tail"}],"items_purged_floors":[4],"is_endless":false,"potions_floor_spawned":[7,11,12,18,31,33,40,45,48],"ascension_level":0}