{"path_per_floor":["M","?","M","?","$","R","$","R","T","M","E","M","M","$","R","B",null,"M","?","M","?","M","R","$","M","T","M","E","M","M","?","R"],"character_chosen":"IRONCLAD","items_purchased":["Headbutt","Feel No Pain","Corruption"],"gold_per_floor":[119,119,138,138,17,17,17,17,17,37,67,85,99,20,20,117,117,117,117,102,102,102,102,33,33,33,33,33,33,33,33,33],"floor_reached":33,"campfire_rested":0,"playtime":2841,"current_hp_per_floor":[70,75,73,73,73,73,73,73,73,79,88,92,84,84,84,46,92,80,80,82,82,62,62,62,64,64,66,36,38,36,36,36],"items_purged":["Strike_R"],"gold":33,"score":269,"play_id":"4886fad2-932e-4100-9582-d5fae473eaa3","is_prod":false,"is_daily":false,"is_ascension_mode":false,"campfire_upgraded":5,"path_taken":["M","?","?","?","$","R","$","R","T","?","E","M","M","$","R","BOSS","M","?","?","?","M","R","$","M","T","M","E","M","M","?","R","BOSS"],"build_version":"2018-02-08-PROD1","purchased_purges":1,"victory":false,"master_deck":["Strike_R","Strike_R","Defend_R","Defend_R","Defend_R","Defend_R","Bash","Pommel Strike+1","Offering","Headbutt+1","Shrug It Off","Feel No Pain+1","Juggernaut","Pommel Strike+1","True Grit+1","Feel No Pain+1","Corruption","Dark Embrace","Juggernaut+1"],"max_hp_per_floor":[80,85,85,85,85,85,85,85,85,85,92,92,92,92,92,92,92,92,92,92,92,92,92,92,92,92,92,92,92,92,92,92],"relics":["Burning Blood","Charon\u0027s Ashes","Strawberry","Ectoplasm","Champion Belt","Vajra"],"card_choices":[{"not_picked":["Cleave","Perfected Strike"],"picked":"Pommel Strike"},{"not_picked":["Searing Blow","Heavy Blade"],"picked":"Offering"},{"not_picked":["Inflame","Clothesline"],"picked":"Shrug It Off"},{"not_picked":["Bludgeon","Berserk"],"picked":"Juggernaut"},{"not_picked":["Iron Wave","Thunderclap"],"picked":"Pommel Strike"},{"not_picked":["Clothesline","Flex"],"picked":"True Grit"},{"not_picked":["Corruption","Sword Boomerang"],"picked":"Dark Embrace"},{"not_picked":["Sword Boomerang","Flex"],"picked":"Juggernaut"}],"player_experience":77753,"potions_floor_usage":[20,20,27,28,29,33],"damage_taken":[{"damage":16,"enemies":"Blue Slaver","floor":1,"turns":7},{"damage":8,"enemies":"Jaw Worm","floor":3,"turns":5},{"damage":0,"enemies":"2 Louse","floor":10,"turns":3},{"damage":4,"enemies":"Gremlin Nob","floor":11,"turns":2},{"damage":0,"enemies":"Large Slime","floor":12,"turns":3},{"damage":14,"enemies":"Exordium Thugs","floor":13,"turns":3},{"damage":44,"enemies":"Slime Boss","floor":16,"turns":10},{"damage":18,"enemies":"Spheric Guardian","floor":18,"turns":4},{"damage":4,"enemies":"2 Thieves","floor":20,"turns":2},{"damage":26,"enemies":"Chosen and Byrds","floor":22,"turns":5},{"damage":4,"enemies":"Snecko","floor":25,"turns":3},{"damage":4,"enemies":"Snake Plant","floor":27,"turns":2},{"damage":36,"enemies":"Slavers","floor":28,"turns":4},{"damage":4,"enemies":"Centurion and Healer","floor":29,"turns":4},{"damage":8,"enemies":"Slaver and Parasite","floor":30,"turns":4},{"damage":31,"enemies":"Collector","floor":33,"turns":7}],"event_choices":[{"event_name":"Big Fish","player_choice":"Donut","floor":2,"damage_taken":0},{"event_name":"Living Wall","player_choice":"Forget","floor":4,"damage_taken":0},{"event_name":"Bonfire Elementals","player_choice":"BASIC","floor":19,"damage_taken":0},{"event_name":"Duplicator","player_choice":"One dupe","floor":21,"damage_taken":0},{"event_name":"Beggar","player_choice":"Ignored","floor":31,"damage_taken":0}],"boss_relics":[{"not_picked":["Runic Pyramid","Runic Cube"],"picked":"Ectoplasm"}],"potions_floor_spawned":[10,12,18,22,25,29],"seed_played":"8136440617122643704","killed_by":"Collector","ascension_level":0,"is_trial":false}