{"gold_per_floor":[110,110,110,125,140,140,173,173,173,173,204,204,204,279,279,410,410,426,426,133,148,223,223,242,255,255,255,299,324,324,338,338,467,467,488,488,536,318,336,379,379,417,417,476,476,33,33,47,47,47],"floor_reached":51,"playtime":2716,"items_purged":["Clumsy","Injury"],"score":860,"play_id":"90a1ea4f-9c70-4933-8425-d15450b82afd","local_time":"20190405103139","is_ascension_mode":true,"campfire_choices":[{"data":"Crippling Poison","floor":6,"key":"SMITH"},{"floor":8,"key":"REST"},{"data":"Leg Sweep","floor":10,"key":"SMITH"},{"data":"Noxious Fumes","floor":13,"key":"SMITH"},{"floor":15,"key":"REST"},{"data":"Corpse Explosion","floor":23,"key":"SMITH"},{"floor":27,"key":"REST"},{"floor":30,"key":"REST"},{"data":"Deadly Poison","floor":32,"key":"SMITH"},{"data":"Deadly Poison","floor":41,"key":"SMITH"},{"data":"Defend_G","floor":45,"key":"SMITH"},{"data":"Defend_G","floor":49,"key":"SMITH"}],"neow_cost":"NONE","seed_source_timestamp":327289324913775,"circlet_count":0,"master_deck":["Defend_G+1","Defend_G+1","Defend_G+1","Defend_G+1","Defend_G+1","Strike_G+1","Strike_G","Strike_G","Strike_G","Strike_G","Survivor+1","Neutralize+1","Leg Sweep+1","Crippling Poison+1","Deadly Poison+1","Slice+1","Noxious Fumes+1","Corpse Explosion+1","Deadly Poison+1","Backflip+1","Deadly Poison+1","Distraction+1","Venomology+1","Bane+1","Escape Plan+1","Infinite Blades+1","Deadly Poison+1","Clumsy","Deadly Poison+1"],"relics":["Ring of the Serpent","NeowsBlessing","Golden Idol","Regal Pillow","Bottled Lightning","PreservedInsect","WingedGreaves","Toxic Egg 2","Ornamental Fan","Cursed Key","Snake Skull","Whetstone","Ancient Tea Set","Tough Bandages","Paper Crane","Thread and Needle","War Paint","Lee\u0027s Waffle","Art of War"],"potions_floor_usage":[29,29,29,29,33,33,33,40,50,50,50],"damage_taken":[{"damage":0,"enemies":"2 Louse","floor":1,"turns":1},{"damage":0,"enemies":"Small Slimes","floor":4,"turns":1},{"damage":0,"enemies":"Cultist","floor":5,"turns":1},{"damage":27,"enemies":"Gremlin Nob","floor":7,"turns":5},{"damage":18,"enemies":"Lagavulin","floor":11,"turns":8},{"damage":32,"enemies":"Slime Boss","floor":16,"turns":11},{"damage":19,"enemies":"2 Thieves","floor":18,"turns":3},{"damage":0,"enemies":"3 Byrds","floor":21,"turns":2},{"damage":20,"enemies":"Cultist and Chosen","floor":24,"turns":5},{"damage":13,"enemies":"Snake Plant","floor":25,"turns":5},{"damage":21,"enemies":"Book of Stabbing","floor":28,"turns":7},{"damage":12,"enemies":"Centurion and Healer","floor":29,"turns":6},{"damage":3,"enemies":"Chosen and Byrds","floor":31,"turns":4},{"damage":31,"enemies":"Automaton","floor":33,"turns":11},{"damage":4,"enemies":"3 Darklings","floor":35,"turns":2},{"damage":2,"enemies":"Orb Walker","floor":39,"turns":3},{"damage":1,"enemies":"Reptomancer","floor":40,"turns":5},{"damage":1,"enemies":"Nemesis","floor":42,"turns":5},{"damage":14,"enemies":"2 Orb Walkers","floor":44,"turns":3},{"damage":0,"enemies":"3 Darklings","floor":48,"turns":4},{"damage":20,"enemies":"Donu and Deca","floor":50,"turns":6}],"seed_played":"2321773289502921871","potions_obtained":[{"floor":1,"key":"EssenceOfSteel"},{"floor":7,"key":"Poison Potion"},{"floor":11,"key":"LiquidBronze"},{"floor":19,"key":"EntropicBrew"},{"floor":29,"key":"LiquidBronze"},{"floor":42,"key":"Dexterity Potion"}],"is_trial":false,"path_per_floor":["M","?","?","M","M","R","E","R","T","R","E","?","R","?","R","B",null,"M","?","$","M","?","R","M","M","T","R","E","M","R","M","R","B",null,"M","?","T","$","M","E","R","E","T","?","R","$","T","M","R","B",null],"character_chosen":"THE_SILENT","items_purchased":["WingedGreaves","Whetstone","War Paint","Lee\u0027s Waffle"],"campfire_rested":4,"item_purchase_floors":[20,38,46,46],"current_hp_per_floor":[70,53,53,53,53,53,26,62,62,62,44,30,30,19,55,23,70,51,51,51,51,44,44,24,11,11,47,26,14,50,47,47,16,70,66,66,66,66,64,63,63,62,62,48,48,77,77,77,77,57],"gold":47,"neow_bonus":"THREE_ENEMY_KILL","is_prod":false,"is_daily":false,"chose_seed":false,"campfire_upgraded":8,"win_rate":0,"timestamp":1554485499,"path_taken":["M","?","?","M","?","R","E","R","T","R","E","?","R","?","R","BOSS","M","?","$","?","?","R","M","?","T","R","E","M","R","M","R","BOSS","M","?","?","$","M","E","R","E","T","?","R","$","?","?","R","BOSS"],"build_version":"2019-01-23","purchased_purges":2,"victory":true,"max_hp_per_floor":[70,70,70,70,70,70,70,70,70,70,70,70,70,70,70,70,70,70,70,70,70,70,70,70,70,70,70,70,70,70,70,70,70,70,70,70,70,70,70,70,70,70,70,70,70,77,77,77,77,77],"card_choices":[{"not_picked":["Bouncing Flask","Dagger Throw"],"picked":"Leg Sweep","floor":1},{"not_picked":["Deadly Poison","Dagger Spray"],"picked":"Crippling Poison","floor":4},{"not_picked":["Calculated Gamble","Concentrate"],"picked":"Deadly Poison","floor":5},{"not_picked":["Underhanded Strike","Bullet Time"],"picked":"Slice","floor":7},{"not_picked":["Heel Hook","Slice"],"picked":"Noxious Fumes","floor":11},{"not_picked":["Malaise","Storm of Steel"],"picked":"Corpse Explosion","floor":16},{"not_picked":["Outmaneuver","Prepared"],"picked":"Deadly Poison","floor":18},{"not_picked":["Dagger Spray","Underhanded Strike+1","Outmaneuver"],"picked":"SKIP","floor":21},{"not_picked":["Outmaneuver","Predator","Quick Slash"],"picked":"SKIP","floor":24},{"not_picked":["Dagger Spray","Flechettes"],"picked":"Backflip+1","floor":25},{"not_picked":["Backflip+1","Prepared+1"],"picked":"Deadly Poison+1","floor":28},{"not_picked":["Blade Dance+1","Outmaneuver+1","Dodge and Roll+1"],"picked":"SKIP","floor":29},{"not_picked":["Bouncing Flask+1","Endless Agony"],"picked":"Distraction+1","floor":31},{"not_picked":["Glass Knife","Doppelganger+1"],"picked":"Venomology+1","floor":33},{"not_picked":["Deadly Poison+1","Dagger Throw"],"picked":"Bane+1","floor":35},{"not_picked":["Backstab","Sucker Punch+1"],"picked":"Escape Plan+1","floor":39},{"not_picked":["Glass Knife","PiercingWail+1","Setup+1"],"picked":"SKIP","floor":40},{"not_picked":["Masterful Stab+1","Deflect+1"],"picked":"Infinite Blades+1","floor":42},{"not_picked":["All Out Attack+1","Predator+1"],"picked":"Deadly Poison+1","floor":44},{"not_picked":["Underhanded Strike+1","Quick Slash"],"picked":"Deadly Poison+1","floor":48}],"player_experience":1493406,"relics_obtained":[{"floor":7,"key":"Regal Pillow"},{"floor":9,"key":"Bottled Lightning"},{"floor":11,"key":"PreservedInsect"},{"floor":26,"key":"Toxic Egg 2"},{"floor":28,"key":"Ornamental Fan"},{"floor":37,"key":"Snake Skull"},{"floor":40,"key":"Ancient Tea Set"},{"floor":42,"key":"Tough Bandages"},{"floor":43,"key":"Paper Crane"},{"floor":44,"key":"Thread and Needle"},{"floor":47,"key":"Art of War"}],"event_choices":[{"damage_healed":0,"gold_gain":0,"player_choice":"Take Damage","damage_taken":17,"relics_obtained":["Golden Idol"],"max_hp_gain":0,"max_hp_loss":0,"event_name":"Golden Idol","floor":2,"gold_loss":0},{"damage_healed":0,"gold_gain":0,"player_choice":"Upgraded","damage_taken":0,"max_hp_gain":0,"max_hp_loss":0,"event_name":"Upgrade Shrine","floor":3,"gold_loss":0,"cards_upgraded":["Neutralize"]},{"damage_healed":0,"gold_gain":0,"player_choice":"Entered Light","damage_taken":14,"max_hp_gain":0,"max_hp_loss":0,"event_name":"Shining Light","floor":12,"gold_loss":0,"cards_upgraded":["Survivor","Defend_G"]},{"damage_healed":0,"gold_gain":75,"player_choice":"Gather Gold","damage_taken":11,"max_hp_gain":0,"max_hp_loss":0,"event_name":"World of Goop","floor":14,"gold_loss":0},{"damage_healed":0,"gold_gain":0,"player_choice":"Got Potions","damage_taken":0,"max_hp_gain":0,"max_hp_loss":0,"event_name":"Lab","floor":19,"gold_loss":0},{"damage_healed":0,"gold_gain":75,"player_choice":"Touch","damage_taken":7,"max_hp_gain":0,"max_hp_loss":0,"event_name":"FaceTrader","floor":22,"gold_loss":0},{"damage_healed":0,"gold_gain":0,"player_choice":"Ignored","damage_taken":0,"max_hp_gain":0,"max_hp_loss":0,"event_name":"Tomb of Lord Red Mask","floor":36,"gold_loss":0},{"damage_healed":0,"gold_gain":0,"player_choice":"Fight","damage_taken":0,"max_hp_gain":0,"max_hp_loss":0,"event_name":"Mysterious Sphere","floor":44,"gold_loss":0}],"is_beta":false,"boss_relics":[{"not_picked":["WristBlade","Coffee Dripper"],"picked":"Ring of the Serpent"},{"not_picked":["Eternal Feather","Runic Pyramid"],"picked":"Cursed Key"}],"items_purged_floors":[38,46],"is_endless":false,"potions_floor_spawned":[1,7,11,16,21,29,31,42,44],"ascension_level":3}