{"gold_per_floor":[110,110,110,66,66,101,101,137,137,158,233,276,276,300,300,393,393,406,406,9,27,27,27,27,59,83,116,31,31,49,49],"floor_reached":31,"playtime":1193,"items_purged":["Strike_B"],"score":774,"play_id":"2ae54ab5-a474-4cb7-814f-53230ba59f7d","local_time":"20190117014201","is_ascension_mode":true,"campfire_choices":[{"data":"Doom and Gloom","floor":13.0,"key":"SMITH"},{"data":"Buffer","floor":15.0,"key":"SMITH"},{"floor":23.0,"key":"REST"},{"floor":29.0,"key":"REST"}],"neow_cost":"NONE","seed_source_timestamp":564814221650488,"circlet_count":0,"master_deck":["AscendersBane","Strike_B","Strike_B","Strike_B","Defend_B","Defend_B","Defend_B","Defend_B","Zap","Dualcast","Streamline+1","Rip and Tear","Doom and Gloom+1","Genetic Algorithm","Capacitor","Buffer+1","Echo Form","Static Discharge","Glacier","Go for the Eyes","Glacier"],"special_seed":0,"relics":["Cracked Core","NeowsBlessing","Bloody Idol","Dream Catcher","Darkstone Periapt","Bottled Flame","Blue Candle","Black Star","Regal Pillow","Bronze Scales","Vajra","Lantern","Blood Vial","Omamori","Boot"],"potions_floor_usage":[],"damage_taken":[{"damage":0.0,"enemies":"2 Louse","floor":1.0,"turns":1.0},{"damage":0.0,"enemies":"Lagavulin","floor":6.0,"turns":1.0},{"damage":0.0,"enemies":"3 Sentries","floor":8.0,"turns":1.0},{"damage":3.0,"enemies":"Jaw Worm","floor":10.0,"turns":3.0},{"damage":25.0,"enemies":"Lagavulin","floor":12.0,"turns":6.0},{"damage":0.0,"enemies":"Small Slimes","floor":14.0,"turns":2.0},{"damage":0.0,"enemies":"Slime Boss","floor":16.0,"turns":8.0},{"damage":26.0,"enemies":"2 Thieves","floor":18.0,"turns":4.0},{"damage":8.0,"enemies":"3 Byrds","floor":21.0,"turns":2.0},{"damage":28.0,"enemies":"Gremlin Leader","floor":25.0,"turns":8.0},{"damage":38.0,"enemies":"Slavers","floor":27.0,"turns":3.0},{"damage":4.0,"enemies":"Centurion and Healer","floor":30.0,"turns":8.0},{"damage":52,"enemies":"Book of Stabbing","floor":31,"turns":5}],"seed_played":"7719681907659152288","potions_obtained":[{"floor":6.0,"key":"SpeedPotion"},{"floor":10.0,"key":"AttackPotion"},{"floor":16.0,"key":"Swift Potion"},{"floor":18.0,"key":"Fire Potion"},{"floor":25.0,"key":"Weak Potion"}],"is_trial":false,"path_per_floor":["M","$","?","$","?","E","?","E","T","M","?","E","R","M","R","B",null,"M","?","$","M","$","R","?","E","T","E","?","R","M","E"],"character_chosen":"DEFECT","items_purchased":["Rip and Tear","Regal Pillow","Static Discharge","Glacier"],"campfire_rested":2,"item_purchase_floors":[4,20,20,20],"current_hp_per_floor":[64,64,64,64,64,64,64,64,64,61,50,25,25,25,25,25,54,28,28,28,25,25,59,59,36,41,8,8,42,45,0],"gold":49,"neow_bonus":"THREE_ENEMY_KILL","is_prod":false,"is_daily":false,"chose_seed":false,"campfire_upgraded":2,"win_rate":0,"timestamp":1547685721,"path_taken":["M","$","?","$","?","E","?","E","T","M","?","E","R","M","R","BOSS","M","?","$","M","$","R","?","E","T","E","?","R","?","E"],"build_version":"2019-01-10","purchased_purges":1,"victory":false,"max_hp_per_floor":[71,71,64,64,64,64,64,64,64,64,64,64,64,64,64,64,64,64,64,64,64,64,64,64,64,64,64,64,64,64,64],"card_choices":[{"not_picked":["Leap","Hologram"],"picked":"Streamline","floor":1.0},{"not_picked":["Storm","Aggregate"],"picked":"Doom and Gloom","floor":6.0},{"not_picked":["Auto Shields","Ball Lightning"],"picked":"Genetic Algorithm","floor":8.0},{"not_picked":["Darkness","Stack"],"picked":"Capacitor","floor":10.0},{"not_picked":["Undo","Go for the Eyes","Ball Lightning"],"picked":"SKIP","floor":12.0},{"not_picked":["Sunder","Hologram"],"picked":"Buffer","floor":14.0},{"not_picked":["Reboot","Machine Learning"],"picked":"Echo Form","floor":16.0},{"not_picked":["Redo","Streamline","Leap"],"picked":"SKIP","floor":18.0},{"not_picked":["Sunder+1","Fusion"],"picked":"Go for the Eyes","floor":21.0},{"not_picked":["Gash","Turbo","Storm"],"picked":"SKIP","floor":25.0},{"not_picked":["Consume","Multi-Cast"],"picked":"Glacier","floor":27.0},{"not_picked":["Reprogram","Glacier","Rebound"],"picked":"SKIP","floor":30.0}],"player_experience":465554,"relics_obtained":[{"floor":6.0,"key":"Dream Catcher"},{"floor":8.0,"key":"Darkstone Periapt"},{"floor":9.0,"key":"Bottled Flame"},{"floor":12.0,"key":"Blue Candle"},{"floor":25.0,"key":"Bronze Scales"},{"floor":25.0,"key":"Vajra"},{"floor":26.0,"key":"Lantern"},{"floor":27.0,"key":"Blood Vial"},{"floor":27.0,"key":"Omamori"}],"event_choices":[{"damage_healed":0.0,"max_hp_gain":0.0,"max_hp_loss":7.0,"gold_gain":0.0,"event_name":"Golden Idol","player_choice":"Lose Max HP","floor":3.0,"gold_loss":0.0,"damage_taken":0.0,"relics_obtained":["Golden Idol"]},{"damage_healed":0.0,"max_hp_gain":0.0,"max_hp_loss":0.0,"gold_gain":0.0,"event_name":"The Cleric","player_choice":"Leave","floor":5.0,"gold_loss":0.0,"damage_taken":0.0},{"damage_healed":0.0,"max_hp_gain":0.0,"max_hp_loss":0.0,"gold_gain":0.0,"event_name":"Living Wall","player_choice":"Grow","floor":7.0,"gold_loss":0.0,"damage_taken":0.0,"cards_upgraded":["Streamline"]},{"damage_healed":0.0,"max_hp_gain":0.0,"max_hp_loss":0.0,"gold_gain":75.0,"event_name":"World of Goop","player_choice":"Gather Gold","floor":11.0,"gold_loss":0.0,"damage_taken":11.0},{"damage_healed":0.0,"max_hp_gain":0.0,"max_hp_loss":0.0,"gold_gain":0.0,"event_name":"Forgotten Altar","player_choice":"Gave Idol","floor":19.0,"relics_lost":["Golden Idol"],"gold_loss":0.0,"damage_taken":0.0,"relics_obtained":["Bloody Idol"]},{"damage_healed":0.0,"max_hp_gain":0.0,"max_hp_loss":0.0,"gold_gain":0.0,"event_name":"Beggar","player_choice":"Ignored","floor":24.0,"gold_loss":0.0,"damage_taken":0.0},{"damage_healed":0.0,"max_hp_gain":0.0,"max_hp_loss":0.0,"gold_gain":0.0,"event_name":"Addict","player_choice":"Obtained Relic","floor":28.0,"gold_loss":85.0,"damage_taken":0.0,"relics_obtained":["Boot"]}],"is_beta":false,"boss_relics":[{"not_picked":["Empty Cage","FrozenCore"],"picked":"Black Star"}],"items_purged_floors":[20],"is_endless":false,"potions_floor_spawned":[6,10,16,18,25],"killed_by":"Book of Stabbing","ascension_level":20}