{"gold_per_floor":[110,130,145,164,164,164,190,190,242,242,260,339,402,412,412,507,507,526,526,626,626,446,481,481,496,496,825,403,502,124,134,134,235,235,254,254,305,305,317,317,337,349,376,396,396,396,396],"floor_reached":47,"playtime":2551,"items_purged":["Strike_B","Strike_B","Defend_B"],"score":651,"play_id":"ccb038e1-1249-419a-b34c-1b927459b362","local_time":"20190322020632","is_ascension_mode":true,"campfire_choices":[{"data":"Zap","floor":6,"key":"SMITH"},{"data":"Glacier","floor":8,"key":"SMITH"},{"data":"Ball Lightning","floor":10,"key":"SMITH"},{"data":"Coolheaded","floor":15,"key":"SMITH"},{"data":"1","floor":24,"key":"LIFT"},{"floor":32,"key":"REST"},{"data":"Buffer","floor":40,"key":"SMITH"},{"data":"Defragment","floor":46,"key":"SMITH"}],"neow_cost":"NONE","seed_source_timestamp":184721272399248,"circlet_count":0,"master_deck":["Strike_B","Defend_B","Defend_B","Zap+1","Dualcast","Glacier+1","Ball Lightning+1","Ball Lightning","Steam","Conserve Battery","Electrodynamics","Coolheaded+1","Genetic Algorithm","Genetic Algorithm","Defragment+1","BootSequence","Buffer+1","Gash+1","Self Repair","Skim","Glacier","Defragment","Barrage+1","Creative AI","Hologram+1","Coolheaded+1","Streamline","Coolheaded","Parasite","Undo+1","Deep Breath"],"relics":["FrozenCore","Shuriken","Bronze Scales","The Courier","Tiny Chest","Inserter","Pantograph","Girya","Bottled Lightning","Mango","Ice Cream","Vajra","Old Coin","Lantern","Cauldron","OrangePellets","StoneCalendar","Boot"],"potions_floor_usage":[13,13,16,23,25,27,33,35,47,47,47,47,47],"damage_taken":[{"damage":0,"enemies":"Cultist","floor":1,"turns":4},{"damage":5,"enemies":"2 Louse","floor":2,"turns":3},{"damage":1,"enemies":"Jaw Worm","floor":3,"turns":3},{"damage":0,"enemies":"Large Slime","floor":4,"turns":4},{"damage":18,"enemies":"3 Sentries","floor":7,"turns":7},{"damage":3,"enemies":"Blue Slaver","floor":11,"turns":3},{"damage":0,"enemies":"Lagavulin","floor":13,"turns":5},{"damage":9,"enemies":"3 Louse","floor":14,"turns":3},{"damage":4,"enemies":"The Guardian","floor":16,"turns":11},{"damage":21,"enemies":"2 Thieves","floor":18,"turns":3},{"damage":27,"enemies":"Colosseum Slavers","floor":20,"turns":5},{"damage":22,"enemies":"Colosseum Nobs","floor":20,"turns":5},{"damage":24,"enemies":"Slavers","floor":23,"turns":2},{"damage":0,"enemies":"Shell Parasite","floor":25,"turns":8},{"damage":0,"enemies":"Gremlin Leader","floor":27,"turns":8},{"damage":0,"enemies":"Centurion and Healer","floor":31,"turns":9},{"damage":17,"enemies":"Collector","floor":33,"turns":9},{"damage":16,"enemies":"3 Shapes","floor":35,"turns":7},{"damage":53,"enemies":"2 Orb Walkers","floor":37,"turns":6},{"damage":13,"enemies":"Orb Walker","floor":39,"turns":4},{"damage":24,"enemies":"Maw","floor":41,"turns":9},{"damage":0,"enemies":"Writhing Mass","floor":42,"turns":7},{"damage":18,"enemies":"4 Shapes","floor":44,"turns":5},{"damage":25,"enemies":"Reptomancer","floor":47,"turns":5}],"seed_played":"-7871941835406023407","potions_obtained":[{"floor":1,"key":"Energy Potion"},{"floor":2,"key":"Energy Potion"},{"floor":7,"key":"SkillPotion"},{"floor":16,"key":"SkillPotion"},{"floor":20,"key":"AttackPotion"},{"floor":23,"key":"Swift Potion"},{"floor":28,"key":"EntropicBrew"},{"floor":28,"key":"Ancient Potion"},{"floor":28,"key":"Energy Potion"},{"floor":33,"key":"Regen Potion"},{"floor":37,"key":"Explosive Potion"}],"is_trial":false,"path_per_floor":["M","M","M","M","?","R","E","R","T","R","M","T","E","M","R","B",null,"M","?","?","T","$","E","R","M","T","E","$","?","$","M","R","B",null,"M","?","?","?","M","R","M","M","T","M","?","R","E"],"character_chosen":"DEFECT","items_purchased":["Defragment","BootSequence","Lantern","Cauldron","Skim","Glacier","OrangePellets","Defragment"],"campfire_rested":1,"item_purchase_floors":[22,22,28,28,28,30,30,30],"current_hp_per_floor":[82,77,76,76,69,69,51,51,51,51,48,48,48,39,39,35,82,61,61,12,26,26,2,2,2,2,2,2,2,2,9,37,52,96,96,96,43,43,37,37,20,27,27,16,16,16,0],"gold":396,"neow_bonus":"TEN_PERCENT_HP_BONUS","is_prod":false,"is_daily":false,"chose_seed":false,"campfire_upgraded":6,"win_rate":0,"timestamp":1553238392,"path_taken":["M","?","M","M","?","R","E","R","T","R","M","?","E","M","R","BOSS","M","?","?","?","$","E","R","M","T","E","$","?","$","M","R","BOSS","M","?","?","?","M","R","M","?","T","M","?","R","E"],"build_version":"2019-01-23","purchased_purges":3,"victory":false,"max_hp_per_floor":[82,82,82,82,82,82,82,82,82,82,82,82,82,82,82,82,82,82,82,82,96,96,96,96,96,96,96,96,96,96,96,96,96,96,96,96,96,91,91,91,91,91,91,91,91,91,91],"card_choices":[{"not_picked":["Redo","Streamline"],"picked":"Glacier","floor":1},{"not_picked":["BootSequence","Rebound"],"picked":"Ball Lightning","floor":2},{"not_picked":["Self Repair","Gash"],"picked":"Ball Lightning","floor":3},{"not_picked":["Hello World","Tempest"],"picked":"Steam","floor":4},{"not_picked":["Thunder Strike","Redo"],"picked":"Conserve Battery","floor":7},{"not_picked":["Storm","Barrage","Beam Cell"],"picked":"SKIP","floor":11},{"not_picked":["Hologram","Beam Cell"],"picked":"Electrodynamics","floor":13},{"not_picked":["Redo","Ball Lightning"],"picked":"Coolheaded","floor":14},{"not_picked":["Coolheaded","Force Field"],"picked":"Genetic Algorithm","floor":18},{"not_picked":["Leap+1","Melter"],"picked":"Genetic Algorithm","floor":20},{"not_picked":["Turbo","Sunder"],"picked":"Buffer","floor":23},{"not_picked":["Recycle","Reprogram+1"],"picked":"Gash+1","floor":25},{"not_picked":["Blizzard+1","Barrage+1"],"picked":"Self Repair","floor":27},{"not_picked":["Chill","Sweeping Beam"],"picked":"Barrage+1","floor":31},{"not_picked":["Thunder Strike","Echo Form"],"picked":"Creative AI","floor":33},{"not_picked":["Skim","Turbo"],"picked":"Hologram+1","floor":35},{"not_picked":["Cold Snap","Lockon"],"picked":"Coolheaded+1","floor":37},{"not_picked":["Redo+1","Hologram"],"picked":"Streamline","floor":39},{"not_picked":["Hello World","Barrage"],"picked":"Coolheaded","floor":41},{"not_picked":["Aggregate+1","Go for the Eyes"],"picked":"Undo+1","floor":42},{"not_picked":["Rip and Tear","Steam","Fusion+1"],"picked":"SKIP","floor":44},{"not_picked":["Flash of Steel","Blind"],"picked":"Deep Breath","floor":45}],"player_experience":96883,"relics_obtained":[{"floor":7,"key":"Shuriken"},{"floor":9,"key":"Bronze Scales"},{"floor":12,"key":"The Courier"},{"floor":13,"key":"Tiny Chest"},{"floor":20,"key":"Girya"},{"floor":20,"key":"Bottled Lightning"},{"floor":21,"key":"Mango"},{"floor":23,"key":"Ice Cream"},{"floor":26,"key":"Vajra"},{"floor":27,"key":"Old Coin"},{"floor":37,"key":"StoneCalendar"},{"floor":43,"key":"Boot"}],"event_choices":[{"cards_removed":["Strike_B"],"damage_healed":0,"gold_gain":0,"player_choice":"Card Removal","damage_taken":7,"max_hp_gain":0,"max_hp_loss":0,"event_name":"Golden Wing","floor":5,"gold_loss":0},{"damage_healed":0,"gold_gain":0,"player_choice":"Opened","damage_taken":0,"relics_obtained":["Pantograph"],"max_hp_gain":0,"max_hp_loss":0,"event_name":"The Mausoleum","floor":19,"gold_loss":0},{"damage_healed":0,"gold_gain":0,"player_choice":"Fight","damage_taken":0,"max_hp_gain":0,"max_hp_loss":0,"event_name":"Colosseum","floor":20,"gold_loss":0},{"damage_healed":0,"gold_gain":0,"player_choice":"Fought Nobs","damage_taken":0,"max_hp_gain":0,"max_hp_loss":0,"event_name":"Colosseum","floor":20,"gold_loss":0},{"damage_healed":0,"gold_gain":99,"player_choice":"Stole From Cult","damage_taken":0,"max_hp_gain":0,"max_hp_loss":0,"event_name":"Nest","floor":29,"gold_loss":0},{"cards_removed":["Defend_B"],"damage_healed":0,"gold_gain":0,"player_choice":"Removed Skill","damage_taken":0,"max_hp_gain":0,"max_hp_loss":0,"event_name":"Falling","floor":36,"gold_loss":0},{"damage_healed":0,"gold_gain":0,"player_choice":"Fight","damage_taken":0,"max_hp_gain":0,"max_hp_loss":0,"event_name":"Mysterious Sphere","floor":37,"gold_loss":0},{"damage_healed":0,"gold_gain":0,"player_choice":"Max HP","damage_taken":0,"max_hp_gain":0,"max_hp_loss":5,"event_name":"Winding Halls","floor":38,"gold_loss":0},{"damage_healed":0,"gold_gain":0,"player_choice":"Memory 1","damage_taken":0,"max_hp_gain":0,"max_hp_loss":0,"event_name":"SensoryStone","floor":45,"gold_loss":0}],"is_beta":false,"boss_relics":[{"not_picked":["Coffee Dripper","Cursed Key"],"picked":"Inserter"},{"not_picked":["Eternal Feather","Tiny House"],"picked":"FrozenCore"}],"items_purged_floors":[22,28,30],"is_endless":false,"potions_floor_spawned":[1,2,7,16,20,20,23,33,37,39,44],"killed_by":"Reptomancer","ascension_level":3}