{"gold_per_floor":[114,189,189,189,204,204,219,249,249,249,249,264,264,279,279,379,379,394,394,394,394,409,439,439,454,454,379,379,409,78,78,78,78],"floor_reached":33,"playtime":1598,"items_purged":["Strike_R"],"score":331,"play_id":"52a51f65-63a4-4bbc-85b6-948d811ae077","local_time":"20190227180116","daily_mods":["Heirloom","ControlledChaos","Terminal"],"is_ascension_mode":false,"campfire_choices":[{"data":"Bash","floor":6,"key":"SMITH"},{"data":"Inflame","floor":11,"key":"SMITH"},{"data":"Cleave","floor":13,"key":"SMITH"},{"data":"Metallicize","floor":15,"key":"SMITH"},{"data":"Defend_R","floor":24,"key":"PURGE"},{"data":"Strike_R","floor":28,"key":"PURGE"},{"data":"Spot Weakness","floor":32,"key":"SMITH"}],"neow_cost":"","seed_source_timestamp":0,"circlet_count":0,"master_deck":["Strike_R","Strike_R","Strike_R","Defend_R+1","Defend_R+1","Defend_R","Bash","Clash","Berserk","Bash+1","Spot Weakness+1","Cleave+1","Inflame+1","Metallicize+1","Flex","Clothesline+1","Heavy Blade+1","Cleave","Heavy Blade","Dramatic Entrance+1","Blood for Blood+1","Reaper+1"],"special_seed":17955,"relics":["Burning Blood","Frozen Eye","Ginger","Turnip","Sundial","Bottled Flame","White Beast Statue","Peace Pipe","WingedGreaves","Dead Branch","Molten Egg 2"],"potions_floor_usage":[12,22,23,23,25,29,29,33],"damage_taken":[{"damage":0,"enemies":"2 Louse","floor":1,"turns":2},{"damage":6,"enemies":"Jaw Worm","floor":5,"turns":2},{"damage":5,"enemies":"Small Slimes","floor":7,"turns":2},{"damage":22,"enemies":"3 Sentries","floor":8,"turns":5},{"damage":6,"enemies":"Exordium Thugs","floor":12,"turns":4},{"damage":3,"enemies":"Lots of Slimes","floor":14,"turns":3},{"damage":0,"enemies":"Slime Boss","floor":16,"turns":5},{"damage":5,"enemies":"Spheric Guardian","floor":18,"turns":4},{"damage":5,"enemies":"Chosen","floor":22,"turns":4},{"damage":14,"enemies":"Book of Stabbing","floor":23,"turns":6},{"damage":0,"enemies":"Snake Plant","floor":25,"turns":2},{"damage":19,"enemies":"Slavers","floor":29,"turns":5},{"damage":100,"enemies":"Automaton","floor":33,"turns":6}],"seed_played":"-2833648165703776253","potions_obtained":[{"floor":5,"key":"FearPotion"},{"floor":12,"key":"Dexterity Potion"},{"floor":16,"key":"Regen Potion"},{"floor":18,"key":"Weak Potion"},{"floor":22,"key":"PowerPotion"},{"floor":23,"key":"AttackPotion"},{"floor":25,"key":"Strength Potion"},{"floor":29,"key":"BloodPotion"}],"is_trial":false,"path_per_floor":["M","?","?","?","M","R","M","E","T","T","R","M","R","M","R","B",null,"M","?","?","$","M","E","R","M","T","$","R","E","$","?","R","B"],"character_chosen":"IRONCLAD","items_purchased":["Molten Egg 2","Dramatic Entrance+1"],"campfire_rested":0,"item_purchase_floors":[30,30],"current_hp_per_floor":[78,67,52,52,52,52,53,37,37,37,37,37,37,40,40,46,62,61,51,51,51,62,54,54,59,58,57,56,43,43,43,43,0],"gold":78,"neow_bonus":"","is_prod":false,"is_daily":true,"chose_seed":false,"campfire_upgraded":5,"win_rate":0,"timestamp":1551319276,"path_taken":["M","?","?","?","?","R","?","E","T","?","R","M","R","M","R","BOSS","M","?","?","?","M","E","R","?","T","$","R","E","$","?","R","BOSS"],"build_version":"2019-01-23","purchased_purges":1,"victory":false,"max_hp_per_floor":[78,77,76,75,74,73,72,71,70,69,68,67,66,65,64,63,62,61,65,64,63,62,61,60,59,58,57,56,55,54,53,52,52],"card_choices":[{"not_picked":["Sever Soul","Wild Strike"],"picked":"Clash","floor":1},{"not_picked":["Iron Wave","True Grit","Body Slam"],"picked":"SKIP","floor":5},{"not_picked":["Body Slam","Sword Boomerang"],"picked":"Cleave","floor":7},{"not_picked":["Pummel","Shrug It Off"],"picked":"Inflame","floor":8},{"not_picked":["True Grit","Juggernaut"],"picked":"Metallicize","floor":12},{"not_picked":["Iron Wave","Ghostly Armor"],"picked":"Flex","floor":14},{"not_picked":["Battle Trance","Heavy Blade"],"picked":"Clothesline+1","floor":18},{"not_picked":["Havoc","Anger"],"picked":"Heavy Blade+1","floor":22},{"not_picked":["Flame Barrier","Headbutt","Berserk"],"picked":"SKIP","floor":23},{"not_picked":["Intimidate","Ghostly Armor"],"picked":"Cleave","floor":25},{"not_picked":["Perfected Strike+1","Body Slam+1"],"picked":"Heavy Blade","floor":29}],"player_experience":938961,"relics_obtained":[{"floor":8,"key":"Turnip"},{"floor":9,"key":"Sundial"},{"floor":10,"key":"Bottled Flame"},{"floor":23,"key":"Peace Pipe"},{"floor":26,"key":"WingedGreaves"},{"floor":29,"key":"Dead Branch"}],"event_choices":[{"damage_healed":0,"gold_gain":75,"player_choice":"Gather Gold","damage_taken":11,"max_hp_gain":0,"max_hp_loss":0,"event_name":"World of Goop","floor":2,"gold_loss":0},{"damage_healed":0,"gold_gain":0,"player_choice":"Entered Light","damage_taken":15,"max_hp_gain":0,"max_hp_loss":0,"event_name":"Shining Light","floor":3,"gold_loss":0,"cards_upgraded":["Defend_R","Defend_R"]},{"damage_healed":0,"gold_gain":0,"player_choice":"3 cards matched","damage_taken":0,"max_hp_gain":0,"max_hp_loss":0,"event_name":"Match and Keep!","floor":4,"gold_loss":0,"cards_obtained":["Berserk","Bash","Spot Weakness"]},{"damage_healed":0,"gold_gain":0,"player_choice":"Shed Blood","damage_taken":15,"max_hp_gain":5,"max_hp_loss":0,"event_name":"Forgotten Altar","floor":19,"gold_loss":0},{"damage_healed":0,"gold_gain":0,"player_choice":"Ignored","damage_taken":0,"max_hp_gain":0,"max_hp_loss":0,"event_name":"Vampires","floor":20,"gold_loss":0},{"damage_healed":0,"gold_gain":0,"player_choice":"2 cards matched","damage_taken":0,"max_hp_gain":0,"max_hp_loss":0,"event_name":"Match and Keep!","floor":31,"gold_loss":0,"cards_obtained":["Blood for Blood","Reaper"]}],"is_beta":false,"boss_relics":[{"not_picked":["Runic Dome","Black Blood"],"picked":"White Beast Statue"}],"items_purged_floors":[27],"is_endless":false,"potions_floor_spawned":[5,12,16,18,22,23,25,29],"killed_by":"Automaton","ascension_level":0}