{"path_per_floor":["M","$","M","?","T","R","?","R","T","R","E","M","?","$","R","B",null,"M","$","M","$","M","R"],"character_chosen":"IRONCLAD","items_purchased":["Shrug It Off","Iron Wave","Disarm"],"gold_per_floor":[119,21,33,108,108,108,108,108,186,186,211,221,221,121,121,222,222,238,11,26,26,42,42],"floor_reached":24,"campfire_rested":1,"playtime":950,"current_hp_per_floor":[78,78,76,65,65,65,58,58,58,58,48,54,59,59,59,28,71,47,47,42,42,17,42],"items_purged":["Strike_R","Strike_R","Strike_R"],"gold":42,"score":269,"play_id":"0f268f70-220c-42b8-972a-2f18214e2ddf","is_prod":false,"is_daily":false,"is_ascension_mode":true,"campfire_upgraded":4,"path_taken":["M","$","M","?","?","R","?","R","T","R","E","M","?","$","R","BOSS","M","$","M","$","M","R","E"],"build_version":"2018-02-15-PROD1","purchased_purges":3,"victory":false,"master_deck":["Strike_R","Defend_R","Defend_R+1","Defend_R","Defend_R+1","Bash","Pommel Strike+1","Shrug It Off+1","Headbutt+1","Double Tap+1","Evolve","Iron Wave","Disarm","Body Slam+1"],"max_hp_per_floor":[80,80,80,80,80,80,80,80,80,80,80,80,85,85,85,85,85,85,85,85,85,85,85],"relics":["Burning Blood","War Paint","Frozen Eye","Dodecahedron","Juzu Bracelet","Sozu"],"card_choices":[{"not_picked":["Burning Pact","Battle Trance"],"picked":"Pommel Strike"},{"not_picked":["Iron Wave","Immolate"],"picked":"Headbutt"},{"not_picked":["Dual Wield","Flex"],"picked":"Double Tap"},{"not_picked":["Warcry","Armaments"],"picked":"Evolve"},{"not_picked":["Havoc","Headbutt"],"picked":"Body Slam"}],"player_experience":149262,"potions_floor_usage":[11,16],"damage_taken":[{"damage":0,"enemies":"Small Slimes","floor":1,"turns":3},{"damage":8,"enemies":"Jaw Worm","floor":3,"turns":4},{"damage":16,"enemies":"Gremlin Nob","floor":11,"turns":3},{"damage":0,"enemies":"2 Louse","floor":12,"turns":3},{"damage":52,"enemies":"Slime Boss","floor":16,"turns":12},{"damage":30,"enemies":"2 Thieves","floor":18,"turns":5},{"damage":11,"enemies":"3 Byrds","floor":20,"turns":5},{"damage":31,"enemies":"Centurion and Healer","floor":22,"turns":5},{"damage":46,"enemies":"Gremlin Leader","floor":24,"turns":9}],"event_choices":[{"event_name":"World of Goop","player_choice":"Gather Gold","floor":4,"damage_taken":0},{"event_name":"Golden Wing","player_choice":"Card Removal","floor":7,"damage_taken":0},{"event_name":"Big Fish","player_choice":"Donut","floor":13,"damage_taken":0}],"boss_relics":[{"not_picked":["Philosopher\u0027s Stone","Astrolabe"],"picked":"Sozu"}],"potions_floor_spawned":[1,3,18],"seed_played":"3704706081470285622","killed_by":"Gremlin Leader","ascension_level":8,"is_trial":false}