{"path_per_floor":["M","?","?","$","M","E","?","R","T","R","?","R","$","?","R","B",null,"M","M","$","?","?","R","E","R","T","R","E","T","$","M","R","B",null,"M","$","?","?","$","R","$","R","T","M","?","M","M","M","R","B"],"character_chosen":"IRONCLAD","items_purchased":["Feel No Pain","Inflame","Shrug It Off"],"gold_per_floor":[118,118,118,43,56,84,84,84,84,84,184,184,84,84,84,215,215,229,254,59,59,59,59,103,103,130,130,166,166,16,41,41,169,169,193,66,66,0,0,0,0,0,0,25,25,46,65,90,90,90],"floor_reached":51,"campfire_rested":2,"playtime":3096,"current_hp_per_floor":[80,80,73,73,66,51,31,31,31,31,31,31,31,24,63,49,80,80,80,80,65,65,65,19,59,59,59,61,61,61,63,63,65,85,85,85,85,85,85,85,85,85,85,85,74,59,61,61,69,53],"items_purged":["Strike_R","Strike_R","Strike_R","Strike_R"],"gold":90,"score":525,"play_id":"0dfb5720-785e-4016-9fa2-a36a203c57ad","is_prod":false,"is_daily":false,"is_ascension_mode":false,"campfire_upgraded":7,"path_taken":["M","?","?","?","M","E","?","R","T","R","?","R","$","?","R","BOSS","M","M","$","?","?","R","E","R","T","R","E","?","$","M","R","BOSS","M","$","?","?","?","R","$","R","T","M","?","M","M","?","R","BOSS"],"build_version":"2018-02-12-PROD1","purchased_purges":4,"victory":true,"master_deck":["Defend_R","Defend_R","Defend_R","Defend_R","Bash","Uppercut+1","Purity","Pommel Strike+1","Flame Barrier+1","Offering","Heavy Blade+1","Feel No Pain+1","Shrug It Off+1","Body Slam+1","Limit Break+1","Inflame","Shrug It Off","Shrug It Off","Madness","Madness","Shockwave+1"],"max_hp_per_floor":[80,80,80,80,80,80,80,80,80,80,80,80,80,80,80,80,80,80,80,80,85,85,85,85,85,85,85,85,85,85,85,85,85,85,85,85,85,85,85,85,85,85,85,85,85,85,85,85,85,85],"relics":["Burning Blood","Calipers","Golden Idol","Dream Catcher","Regal Pillow","Sozu","Ornamental Fan","Happy Flower","Bronze Scales","Molten Egg 2","Shovel","Orichalcum","Eternal Feather","Red Mask","Bag of Marbles","Anchor"],"card_choices":[{"not_picked":["Sever Soul","Battle Trance"],"picked":"Uppercut"},{"not_picked":["Rage","Inflame"],"picked":"Pommel Strike"},{"not_picked":["Armaments","Sentinel"],"picked":"Flame Barrier"},{"not_picked":["Brutality","Dark Embrace"],"picked":"Offering"},{"not_picked":["Power Through","Battle Trance"],"picked":"Heavy Blade"},{"not_picked":["Wild Strike","Rampage"],"picked":"Shrug It Off"},{"not_picked":["Headbutt","Reckless Charge"],"picked":"Body Slam"},{"not_picked":["Reaper","Impervious"],"picked":"Limit Break"},{"not_picked":["Iron Wave","Whirlwind"],"picked":"Shrug It Off"},{"not_picked":["Clothesline","Rage"],"picked":"Shockwave"}],"player_experience":98596,"potions_floor_usage":[1],"damage_taken":[{"damage":6,"enemies":"Cultist","floor":1,"turns":4},{"damage":13,"enemies":"Blue Slaver","floor":5,"turns":7},{"damage":21,"enemies":"Lagavulin","floor":6,"turns":6},{"damage":20,"enemies":"The Guardian","floor":16,"turns":11},{"damage":6,"enemies":"Spheric Guardian","floor":18,"turns":5},{"damage":6,"enemies":"Chosen","floor":19,"turns":3},{"damage":52,"enemies":"Slavers","floor":24,"turns":11},{"damage":4,"enemies":"Book of Stabbing","floor":28,"turns":5},{"damage":4,"enemies":"Centurion and Healer","floor":31,"turns":5},{"damage":4,"enemies":"Automaton","floor":33,"turns":7},{"damage":4,"enemies":"3 Shapes","floor":35,"turns":3},{"damage":4,"enemies":"Orb Walker","floor":44,"turns":3},{"damage":21,"enemies":"Maw","floor":46,"turns":7},{"damage":4,"enemies":"3 Darklings","floor":47,"turns":6},{"damage":6,"enemies":"Sphere and 2 Shapes","floor":48,"turns":7},{"damage":22,"enemies":"Donu and Deca","floor":50,"turns":9}],"event_choices":[{"event_name":"Match and Keep!","player_choice":"1 cards matched","floor":2,"damage_taken":0},{"event_name":"Golden Wing","player_choice":"Card Removal","floor":3,"damage_taken":0},{"event_name":"Golden Idol","player_choice":"Take Damage","floor":7,"damage_taken":0},{"event_name":"Golden Shrine","player_choice":"Pray","floor":11,"damage_taken":0},{"event_name":"Scrap Ooze","player_choice":"success","floor":14,"damage_taken":7},{"event_name":"Forgotten Altar","player_choice":"Shed Blood","floor":21,"damage_taken":0},{"event_name":"The Mausoleum","player_choice":"Yes","floor":22,"damage_taken":0},{"event_name":"Purifier","player_choice":"One Purge","floor":37,"damage_taken":0},{"event_name":"Tomb of Lord Red Mask","player_choice":"Paid","floor":38,"damage_taken":0},{"event_name":"Winding Halls","player_choice":"Embrace Madness","floor":45,"damage_taken":0}],"boss_relics":[{"not_picked":["Black Star","Philosopher\u0027s Stone"],"picked":"Sozu"},{"not_picked":["Runic Pyramid","White Beast Statue"],"picked":"Eternal Feather"}],"potions_floor_spawned":[1,6,19,24,35,44],"seed_played":"8335278924594671905","ascension_level":0,"is_trial":false}