{"gold_per_floor":[112,129,139,139,139,164,164,178,247,278,290,290,465,500,500,597,597,611,462,477,477,492,492,492,492,519,519,519,537,168,168,168,168],"floor_reached":33,"playtime":2313,"items_purged":["Strike_B"],"score":339,"play_id":"41942e74-6e86-4401-9743-c4716c67bf65","local_time":"20190228183154","is_ascension_mode":true,"campfire_choices":[{"data":"Strike_B","floor":7,"key":"PURGE"},{"data":"Redo","floor":12,"key":"SMITH"},{"data":"Sunder","floor":15,"key":"SMITH"},{"data":"Sunder","floor":23,"key":"SMITH"},{"data":"Strike_B","floor":25,"key":"PURGE"},{"data":"Double Energy","floor":28,"key":"SMITH"},{"data":"Conserve Battery","floor":32,"key":"SMITH"}],"neow_cost":"TEN_PERCENT_HP_LOSS","seed_source_timestamp":1124105761164762,"circlet_count":0,"master_deck":["Strike_B","Defend_B","Defend_B","Defend_B","Defend_B","Zap","Ball Lightning","Redo+1","Ball Lightning","Self Repair","Steam","Sunder+1","Sunder+1","Doubt","Go for the Eyes","BootSequence","Echo Form","Double Energy+1","Conserve Battery+1","Steam"],"relics":["Cracked Core","Peace Pipe","StoneCalendar","Kunai","Vajra","Thread and Needle","Snecko Eye","PreservedInsect","Potion Belt","Turnip"],"potions_floor_usage":[10,14,16,24,33],"damage_taken":[{"damage":1,"enemies":"Cultist","floor":1,"turns":4},{"damage":2,"enemies":"Jaw Worm","floor":2,"turns":3},{"damage":0,"enemies":"Small Slimes","floor":3,"turns":3},{"damage":0,"enemies":"Gremlin Nob","floor":6,"turns":3},{"damage":13,"enemies":"Blue Slaver","floor":8,"turns":3},{"damage":15,"enemies":"Lagavulin","floor":10,"turns":5},{"damage":20,"enemies":"Large Slime","floor":11,"turns":4},{"damage":7,"enemies":"3 Sentries","floor":14,"turns":3},{"damage":12,"enemies":"Hexaghost","floor":16,"turns":7},{"damage":7,"enemies":"Spheric Guardian","floor":18,"turns":3},{"damage":3,"enemies":"Chosen","floor":20,"turns":3},{"damage":8,"enemies":"Colosseum Slavers","floor":21,"turns":3},{"damage":14,"enemies":"Snecko","floor":22,"turns":4},{"damage":0,"enemies":"Slavers","floor":24,"turns":1},{"damage":17,"enemies":"Centurion and Healer","floor":29,"turns":4},{"damage":61,"enemies":"Automaton","floor":33,"turns":10}],"seed_played":"2986583162939790487","potions_obtained":[{"floor":2,"key":"Fire Potion"},{"floor":10,"key":"AttackPotion"},{"floor":11,"key":"GamblersBrew"},{"floor":14,"key":"SteroidPotion"},{"floor":20,"key":"SmokeBomb"},{"floor":22,"key":"Dexterity Potion"}],"is_trial":false,"path_per_floor":["M","M","M","$","?","E","R","M","T","E","M","R","?","E","R","B",null,"M","$","M","?","M","R","E","R","T","?","R","M","$","T","R","B"],"character_chosen":"DEFECT","items_purchased":["PreservedInsect","Turnip"],"campfire_rested":0,"item_purchase_floors":[19,30],"current_hp_per_floor":[67,65,65,65,65,65,65,59,59,51,38,38,38,31,31,26,68,68,68,68,67,60,60,60,60,60,60,60,57,57,57,57,0],"gold":168,"neow_bonus":"ONE_RARE_RELIC","is_prod":false,"is_daily":false,"chose_seed":false,"campfire_upgraded":5,"win_rate":0,"timestamp":1551407514,"path_taken":["M","?","M","$","?","E","R","M","T","E","?","R","?","E","R","BOSS","M","$","M","?","M","R","E","R","T","?","R","?","$","?","R","BOSS"],"build_version":"2019-01-23","purchased_purges":1,"victory":false,"max_hp_per_floor":[68,68,68,68,68,68,68,68,68,68,68,68,68,68,68,68,68,68,68,68,68,68,68,68,68,68,68,68,68,68,68,68,68],"card_choices":[{"not_picked":["Rebound","Steam"],"picked":"Ball Lightning","floor":1},{"not_picked":["Coolheaded","Rebound"],"picked":"Redo","floor":2},{"not_picked":["Hologram","Steam"],"picked":"Ball Lightning","floor":3},{"not_picked":["Cold Snap","Ball Lightning"],"picked":"Self Repair","floor":6},{"not_picked":["Leap","Cold Snap"],"picked":"Steam","floor":8},{"not_picked":["Glacier","Double Energy"],"picked":"Sunder","floor":10},{"not_picked":["Cold Snap","Barrage"],"picked":"Sunder","floor":11},{"not_picked":["Darkness","Beam Cell"],"picked":"Go for the Eyes","floor":14},{"not_picked":["Barrage","Compile Driver","Hologram"],"picked":"SKIP","floor":18},{"not_picked":["Rip and Tear+1","Melter"],"picked":"BootSequence","floor":20},{"not_picked":["Hologram","Conserve Battery+1"],"picked":"Echo Form","floor":22},{"not_picked":["Darkness+1","Tempest"],"picked":"Steam","floor":29}],"player_experience":963024,"relics_obtained":[{"floor":6,"key":"StoneCalendar"},{"floor":9,"key":"Kunai"},{"floor":10,"key":"Vajra"},{"floor":14,"key":"Thread and Needle"},{"floor":26,"key":"Potion Belt"}],"event_choices":[{"cards_removed":["Dualcast"],"damage_healed":0,"gold_gain":0,"player_choice":"Offered Basic","damage_taken":0,"max_hp_gain":0,"max_hp_loss":0,"event_name":"Bonfire Elementals","floor":5,"gold_loss":0},{"damage_healed":0,"gold_gain":175,"player_choice":"AGREE","damage_taken":0,"max_hp_gain":0,"max_hp_loss":0,"event_name":"Liars Game","floor":13,"gold_loss":0,"cards_obtained":["Doubt"]},{"damage_healed":0,"gold_gain":0,"player_choice":"Fight","damage_taken":0,"max_hp_gain":0,"max_hp_loss":0,"event_name":"Colosseum","floor":21,"gold_loss":0},{"damage_healed":0,"gold_gain":0,"player_choice":"Fled From Nobs","damage_taken":0,"max_hp_gain":0,"max_hp_loss":0,"event_name":"Colosseum","floor":21,"gold_loss":0},{"damage_healed":0,"gold_gain":0,"player_choice":"2 cards matched","damage_taken":0,"max_hp_gain":0,"max_hp_loss":0,"event_name":"Match and Keep!","floor":27,"gold_loss":0,"cards_obtained":["Double Energy","Conserve Battery"]}],"is_beta":false,"boss_relics":[{"not_picked":["Busted Crown","Tiny House"],"picked":"Snecko Eye"}],"items_purged_floors":[30],"is_endless":false,"potions_floor_spawned":[2,10,11,14,20,22,24],"killed_by":"Automaton","ascension_level":2}