{"gold_per_floor":[118,118,118,131,47,47,58,70,70,86,10,28,47,47,47,151,151,163,182,196,97,107,107],"floor_reached":23,"playtime":1183,"items_purged":["Strike_R"],"score":187,"play_id":"e9f3c3e8-c558-4c18-a459-dcf4a762738d","local_time":"20190310150624","is_ascension_mode":false,"campfire_choices":[{"data":"Shrug It Off","floor":6,"key":"SMITH"},{"data":"Limit Break","floor":15,"key":"SMITH"}],"neow_cost":"NONE","seed_source_timestamp":51439806693120,"circlet_count":0,"master_deck":["Strike_R","Strike_R","Strike_R","Strike_R+1","Defend_R","Defend_R","Defend_R","Defend_R","Bash+1","Twin Strike+1","Heavy Blade","Shrug It Off+1","Metallicize","Limit Break+1","Headbutt","Flex","Cleave","Barricade","Entrench","Armaments","Shrug It Off","Ghostly Armor+1"],"relics":["Velvet Choker"],"potions_floor_usage":[8,18,18,20],"damage_taken":[{"damage":2,"enemies":"Small Slimes","floor":1,"turns":3},{"damage":11,"enemies":"Jaw Worm","floor":4,"turns":2},{"damage":0,"enemies":"2 Louse","floor":7,"turns":3},{"damage":0,"enemies":"Large Slime","floor":8,"turns":2},{"damage":8,"enemies":"Exordium Thugs","floor":10,"turns":5},{"damage":0,"enemies":"Exordium Wildlife","floor":12,"turns":3},{"damage":4,"enemies":"Gremlin Gang","floor":13,"turns":3},{"damage":28,"enemies":"The Guardian","floor":16,"turns":12},{"damage":12,"enemies":"Shell Parasite","floor":18,"turns":6},{"damage":17,"enemies":"2 Thieves","floor":19,"turns":4},{"damage":19,"enemies":"Cultist and Chosen","floor":20,"turns":8},{"damage":22,"enemies":"Snecko","floor":22,"turns":6},{"damage":23,"enemies":"Gremlin Leader","floor":23,"turns":2}],"seed_played":"-3028164516744316766","potions_obtained":[{"floor":4,"key":"SneckoOil"},{"floor":7,"key":"Weak Potion"},{"floor":8,"key":"FearPotion"},{"floor":10,"key":"FairyPotion"},{"floor":19,"key":"SteroidPotion"}],"is_trial":false,"path_per_floor":["M","?","?","M","$","R","M","M","T","M","$","M","M","?","R","B",null,"M","M","M","$","M","E"],"character_chosen":"IRONCLAD","items_purchased":["Shrug It Off","Metallicize","Flex","Strength Potion","Shrug It Off"],"campfire_rested":0,"item_purchase_floors":[5,5,11,11,21],"current_hp_per_floor":[78,78,78,67,67,67,67,67,67,59,59,59,55,39,39,11,80,68,51,32,32,10,0],"gold":107,"neow_bonus":"BOSS_RELIC","is_prod":false,"is_daily":false,"chose_seed":false,"campfire_upgraded":2,"win_rate":0,"timestamp":1552244784,"path_taken":["M","?","?","M","?","R","M","M","T","M","$","M","?","?","R","BOSS","M","M","M","$","M","E"],"build_version":"2019-01-23","purchased_purges":1,"victory":false,"max_hp_per_floor":[80,80,80,80,80,80,80,80,80,80,80,80,80,80,80,80,80,80,80,80,80,80,80],"card_choices":[{"not_picked":["Warcry","Rampage"],"picked":"Twin Strike","floor":1},{"not_picked":["Flex","Clothesline"],"picked":"Heavy Blade","floor":4},{"not_picked":["Warcry","Feel No Pain"],"picked":"Limit Break","floor":7},{"not_picked":["Clothesline","Feel No Pain"],"picked":"Headbutt","floor":8},{"not_picked":["Perfected Strike","Warcry","Heavy Blade"],"picked":"SKIP","floor":10},{"not_picked":["True Grit","Feel No Pain"],"picked":"Cleave","floor":12},{"not_picked":["Hemokinesis","Havoc","Ghostly Armor"],"picked":"SKIP","floor":13},{"not_picked":["Fiend Fire","Dark Embrace"],"picked":"Barricade","floor":16},{"not_picked":["Flex+1","Spot Weakness+1"],"picked":"Entrench","floor":18},{"not_picked":["Pommel Strike+1","Heavy Blade","Searing Blow"],"picked":"SKIP","floor":19},{"not_picked":["Disarm","Perfected Strike"],"picked":"Armaments","floor":20},{"not_picked":["Rupture","Bloodletting"],"picked":"Ghostly Armor+1","floor":22}],"player_experience":854087,"relics_obtained":[],"event_choices":[{"damage_healed":0,"gold_gain":0,"player_choice":"Grow","damage_taken":0,"max_hp_gain":0,"max_hp_loss":0,"event_name":"Living Wall","floor":2,"gold_loss":0,"cards_upgraded":["Bash"]},{"damage_healed":0,"gold_gain":0,"player_choice":"Ignored","damage_taken":0,"max_hp_gain":0,"max_hp_loss":0,"event_name":"Golden Idol","floor":3,"gold_loss":0},{"damage_healed":0,"gold_gain":0,"player_choice":"Entered Light","damage_taken":16,"max_hp_gain":0,"max_hp_loss":0,"event_name":"Shining Light","floor":14,"gold_loss":0,"cards_upgraded":["Strike_R","Twin Strike"]}],"is_beta":false,"boss_relics":[{"not_picked":[]}],"items_purged_floors":[21],"is_endless":false,"potions_floor_spawned":[4,7,8,10,16,19],"killed_by":"Gremlin Leader","ascension_level":0}