{"gold_per_floor":[119,119,138,151,6,340,340,13,13,13,13,13,28,28,28,28],"floor_reached":16,"playtime":2107,"items_purged":["Parasite","Strike_R"],"score":98,"play_id":"586b3740-9bdc-405f-a1aa-f6e3a5d0d209","local_time":"20190420122201","is_ascension_mode":false,"campfire_choices":[{"data":"Heavy Blade","floor":7,"key":"SMITH"},{"data":"Corruption","floor":10,"key":"SMITH"},{"data":"Flex","floor":12,"key":"SMITH"},{"data":"Body Slam","floor":15,"key":"SMITH"}],"neow_cost":"CURSE","seed_source_timestamp":659196689407200,"circlet_count":0,"master_deck":["Strike_R","Strike_R","Strike_R","Defend_R","Defend_R","Defend_R","Defend_R","Bash","Purity","Bandage Up","Havoc","Flex+1","Dropkick","True Grit","Shrug It Off","Heavy Blade+1","Corruption+1","Armaments","Body Slam+1"],"relics":["Burning Blood","Old Coin","Gambling Chip","Anchor"],"potions_floor_usage":[6,13,16,16],"damage_taken":[{"damage":10,"enemies":"Small Slimes","floor":1,"turns":6},{"damage":17,"enemies":"Cultist","floor":3,"turns":6},{"damage":15,"enemies":"Jaw Worm","floor":4,"turns":5},{"damage":59,"enemies":"3 Sentries","floor":6,"turns":21},{"damage":0,"enemies":"Lots of Slimes","floor":13,"turns":4},{"damage":36,"enemies":"Hexaghost","floor":16,"turns":9}],"seed_played":"-946421330242583142","potions_obtained":[{"floor":4,"key":"Block Potion"}],"is_trial":false,"path_per_floor":["M","?","M","M","$","E","R","$","T","R","T","R","M","$","R","B"],"character_chosen":"IRONCLAD","items_purchased":["Shrug It Off","Dexterity Potion","Dexterity Potion","Corruption","Fire Potion","Armaments"],"campfire_rested":0,"item_purchase_floors":[5,5,8,8,8,8],"current_hp_per_floor":[80,80,73,68,68,19,19,19,19,19,19,19,29,29,29,0],"gold":28,"neow_bonus":"RANDOM_COLORLESS_2","is_prod":false,"is_daily":false,"chose_seed":false,"campfire_upgraded":4,"win_rate":0,"timestamp":1555755721,"path_taken":["M","?","M","M","$","E","R","?","T","R","?","R","?","$","R","BOSS"],"build_version":"2019-01-23","purchased_purges":2,"victory":false,"max_hp_per_floor":[80,80,80,80,77,77,77,77,77,77,77,77,77,77,77,77],"card_choices":[{"not_picked":["Anger","Headbutt"],"picked":"Havoc","floor":1},{"not_picked":["Twin Strike","Hemokinesis"],"picked":"Dropkick","floor":3},{"not_picked":["Twin Strike","Warcry"],"picked":"True Grit","floor":4},{"not_picked":["Iron Wave","Pummel"],"picked":"Heavy Blade","floor":6},{"not_picked":["Headbutt","Iron Wave"],"picked":"Body Slam","floor":13}],"player_experience":215672,"relics_obtained":[{"floor":6,"key":"Old Coin"},{"floor":9,"key":"Gambling Chip"},{"floor":11,"key":"Anchor"}],"event_choices":[{"damage_healed":0,"gold_gain":0,"cards_transformed":["Strike_R"],"player_choice":"Transformed","damage_taken":0,"max_hp_gain":0,"max_hp_loss":0,"event_name":"Transmorgrifier","floor":2,"gold_loss":0,"cards_obtained":["Flex"]}],"is_beta":false,"boss_relics":[],"items_purged_floors":[5,8],"is_endless":false,"potions_floor_spawned":[4],"killed_by":"Hexaghost","ascension_level":0}