{"gold_per_floor":[119,119,13,13,13,45,60,87,87,115,21,21,21,32,32,131,131,141,240,0,14,24,35,55,71,95,95,111,111,111,111,111,215,215,231,231,231,132,148,148,161,161,187,202,221,96,96,127,127,127],"floor_reached":51,"playtime":3749,"items_purged":["Strike_G"],"score":730,"play_id":"a75ff7b1-ee94-480c-8bfa-42ba7df22259","local_time":"20190420011131","is_ascension_mode":true,"campfire_choices":[{"floor":13,"key":"REST"},{"data":"Footwork","floor":15,"key":"SMITH"},{"floor":27,"key":"REST"},{"floor":30,"key":"REST"},{"floor":32,"key":"REST"},{"data":"Adrenaline","floor":40,"key":"SMITH"},{"data":"Adrenaline","floor":42,"key":"SMITH"},{"floor":47,"key":"REST"},{"floor":49,"key":"REST"}],"neow_cost":"NONE","seed_source_timestamp":469436076782620,"circlet_count":0,"master_deck":["Defend_G","Defend_G","Defend_G","Defend_G+1","Defend_G","Strike_G","Strike_G","Strike_G","Survivor","Neutralize","Bouncing Flask+1","Poisoned Stab","Bane","Deadly Poison","A Thousand Cuts","Slice","Footwork+1","Dodge and Roll","Adrenaline+1","Prepared+1","Purity","Deflect","Slice","Skewer+1","J.A.X.","Necronomicurse","Venomology","Setup+1","Adrenaline+1","Concentrate+1","Expertise"],"relics":["Ring of the Snake","NeowsBlessing","Sundial","Unceasing Top","Pen Nib","Potion Belt","HoveringKite","Snake Skull","War Paint","Necronomicon","Philosopher\u0027s Stone","Anchor","Smiling Mask"],"potions_floor_usage":[16,18,18,24,24,33,33,41,44,45,48,50,50,50],"damage_taken":[{"damage":0,"enemies":"Small Slimes","floor":1,"turns":1},{"damage":0,"enemies":"3 Sentries","floor":6,"turns":1},{"damage":0,"enemies":"Jaw Worm","floor":7,"turns":1},{"damage":23,"enemies":"Gremlin Nob","floor":8,"turns":4},{"damage":32,"enemies":"3 Sentries","floor":10,"turns":9},{"damage":2,"enemies":"2 Louse","floor":14,"turns":3},{"damage":11,"enemies":"Hexaghost","floor":16,"turns":8},{"damage":0,"enemies":"Chosen","floor":18,"turns":3},{"damage":6,"enemies":"Spheric Guardian","floor":21,"turns":7},{"damage":18,"enemies":"Centurion and Healer","floor":22,"turns":6},{"damage":17,"enemies":"Chosen and Byrds","floor":23,"turns":7},{"damage":21,"enemies":"Snecko","floor":24,"turns":6},{"damage":11,"enemies":"Centurion and Healer","floor":25,"turns":4},{"damage":8,"enemies":"Cultist and Chosen","floor":28,"turns":5},{"damage":52,"enemies":"Automaton","floor":33,"turns":8},{"damage":13,"enemies":"3 Shapes","floor":35,"turns":4},{"damage":12,"enemies":"3 Darklings","floor":39,"turns":5},{"damage":3,"enemies":"4 Shapes","floor":41,"turns":4},{"damage":14,"enemies":"Spire Growth","floor":44,"turns":3},{"damage":7,"enemies":"3 Darklings","floor":45,"turns":5},{"damage":0,"enemies":"Nemesis","floor":48,"turns":1},{"damage":35,"enemies":"Donu and Deca","floor":50,"turns":5}],"seed_played":"-7412518140611697974","potions_obtained":[{"floor":6,"key":"Dexterity Potion"},{"floor":8,"key":"SpeedPotion"},{"floor":14,"key":"AttackPotion"},{"floor":16,"key":"AttackPotion"},{"floor":18,"key":"Regen Potion"},{"floor":23,"key":"GamblersBrew"},{"floor":28,"key":"Regen Potion"},{"floor":39,"key":"PowerPotion"},{"floor":41,"key":"GamblersBrew"},{"floor":44,"key":"LiquidBronze"}],"is_trial":false,"path_per_floor":["M","?","$","?","?","E","M","E","T","E","$","?","R","M","R","B",null,"M","?","$","M","M","M","M","M","T","R","M","?","R","?","R","B",null,"M","?","?","$","M","R","M","R","T","M","M","$","R","E","R","B",null],"character_chosen":"THE_SILENT","items_purchased":["Poisoned Stab","Bane","Slice","Footwork","Snake Skull","Purity","AttackPotion","Energy Potion","SteroidPotion"],"campfire_rested":6,"item_purchase_floors":[3,3,11,11,20,20,38,38,46],"current_hp_per_floor":[70,63,63,63,63,63,63,40,40,8,8,8,29,27,27,16,70,70,70,70,64,46,29,22,11,11,32,24,24,45,29,50,7,70,57,57,57,57,45,45,42,42,42,28,21,21,42,42,63,28],"gold":127,"neow_bonus":"THREE_ENEMY_KILL","is_prod":false,"is_daily":false,"chose_seed":false,"campfire_upgraded":3,"win_rate":0,"timestamp":1555737091,"path_taken":["M","?","$","?","?","E","M","E","T","E","?","?","R","M","R","BOSS","M","?","$","M","M","M","M","M","T","R","M","?","R","?","R","BOSS","M","?","?","$","M","R","M","R","T","M","?","?","R","E","R","BOSS"],"build_version":"2019-01-23","purchased_purges":1,"victory":true,"max_hp_per_floor":[70,70,70,70,70,70,70,70,70,70,70,70,70,70,70,70,70,70,70,70,70,70,70,70,70,70,70,70,70,70,70,70,70,70,70,70,70,70,70,70,70,70,70,70,70,70,70,70,70,70],"card_choices":[{"not_picked":["Cloak And Dagger","Finisher"],"picked":"Bouncing Flask","floor":1},{"not_picked":["Finisher","Bane","Outmaneuver"],"picked":"SKIP","floor":6},{"not_picked":["Expertise","Blur"],"picked":"Deadly Poison","floor":7},{"not_picked":["Infinite Blades","Flying Knee"],"picked":"A Thousand Cuts","floor":8},{"not_picked":["Distraction","Tactician","Deadly Poison"],"picked":"SKIP","floor":10},{"not_picked":["Setup","Eviscerate"],"picked":"Dodge and Roll","floor":14},{"not_picked":["Burst","Night Terror"],"picked":"Adrenaline","floor":16},{"not_picked":["Heel Hook","Quick Slash"],"picked":"Prepared+1","floor":18},{"not_picked":["Dash","Predator"],"picked":"Deflect","floor":21},{"not_picked":["Blade Dance","Well Laid Plans","Acrobatics+1"],"picked":"SKIP","floor":22},{"not_picked":["Setup","Quick Slash","Deadly Poison+1"],"picked":"SKIP","floor":23},{"not_picked":["Prepared+1","Crippling Poison","Caltrops+1"],"picked":"SKIP","floor":24},{"not_picked":["Setup","Leg Sweep"],"picked":"Slice","floor":25},{"not_picked":["Outmaneuver+1","Bane+1"],"picked":"Skewer+1","floor":28},{"not_picked":["A Thousand Cuts","Burst"],"picked":"Venomology","floor":33},{"not_picked":["All Out Attack","Underhanded Strike"],"picked":"Setup+1","floor":35},{"not_picked":["Acrobatics","Backflip+1"],"picked":"Concentrate+1","floor":39},{"not_picked":["Dash+1","Footwork","Dagger Spray"],"picked":"SKIP","floor":41},{"not_picked":["Dash+1","Footwork","Dagger Spray"],"picked":"SKIP","floor":41},{"not_picked":["Bouncing Flask+1","Dagger Throw+1","Backflip"],"picked":"SKIP","floor":44},{"not_picked":["Deadly Poison+1","Acrobatics+1","Outmaneuver"],"picked":"SKIP","floor":45},{"not_picked":["PiercingWail","Expertise","Backflip"],"picked":"SKIP","floor":48},{"not_picked":["PiercingWail","Backflip"],"picked":"Expertise","floor":48}],"player_experience":953313,"relics_obtained":[{"floor":6,"key":"Sundial"},{"floor":8,"key":"Unceasing Top"},{"floor":9,"key":"Pen Nib"},{"floor":10,"key":"Potion Belt"},{"floor":26,"key":"War Paint"},{"floor":31,"key":"Necronomicon"},{"floor":43,"key":"Anchor"},{"floor":48,"key":"Smiling Mask"}],"event_choices":[{"cards_removed":["Strike_G"],"damage_healed":0,"gold_gain":0,"player_choice":"Card Removal","damage_taken":7,"max_hp_gain":0,"max_hp_loss":0,"event_name":"Golden Wing","floor":2,"gold_loss":0},{"damage_healed":0,"gold_gain":0,"player_choice":"Leave","damage_taken":0,"max_hp_gain":0,"max_hp_loss":0,"event_name":"The Cleric","floor":4,"gold_loss":0},{"damage_healed":0,"gold_gain":0,"player_choice":"Ignored","damage_taken":0,"max_hp_gain":0,"max_hp_loss":0,"event_name":"Liars Game","floor":5,"gold_loss":0},{"damage_healed":0,"gold_gain":0,"player_choice":"Ignored","damage_taken":0,"max_hp_gain":0,"max_hp_loss":0,"event_name":"Shining Light","floor":12,"gold_loss":0},{"damage_healed":0,"gold_gain":99,"player_choice":"Stole From Cult","damage_taken":0,"max_hp_gain":0,"max_hp_loss":0,"event_name":"Nest","floor":19,"gold_loss":0},{"damage_healed":0,"gold_gain":0,"player_choice":"Obtain J.A.X.","damage_taken":0,"max_hp_gain":0,"max_hp_loss":0,"event_name":"Drug Dealer","floor":29,"gold_loss":0,"cards_obtained":["J.A.X."]},{"damage_healed":0,"gold_gain":0,"player_choice":"Obtained Book","damage_taken":16,"max_hp_gain":0,"max_hp_loss":0,"event_name":"Cursed Tome","floor":31,"gold_loss":0},{"damage_healed":0,"gold_gain":0,"player_choice":"Ignored","damage_taken":0,"max_hp_gain":0,"max_hp_loss":0,"event_name":"Tomb of Lord Red Mask","floor":36,"gold_loss":0},{"damage_healed":0,"gold_gain":0,"player_choice":"Copied","damage_taken":0,"max_hp_gain":0,"max_hp_loss":0,"event_name":"Duplicator","floor":37,"gold_loss":0,"cards_obtained":["Adrenaline"]}],"is_beta":false,"boss_relics":[{"not_picked":["Coffee Dripper","Tiny House"],"picked":"HoveringKite"},{"not_picked":["White Beast Statue","Black Star"],"picked":"Philosopher\u0027s Stone"}],"items_purged_floors":[46],"is_endless":false,"potions_floor_spawned":[6,8,14,16,18,23,28,39,41,44,48],"ascension_level":1}