{"gold_per_floor":[210,230,245,256,271,271,304,304,304,304,314,329,354,354,354,454,454,467,486,504,504],"floor_reached":21,"playtime":1859,"items_purged":[],"score":195,"play_id":"47faf235-242b-4880-a2ee-64806da45936","local_time":"20190316172025","is_ascension_mode":false,"campfire_choices":[{"data":"Zap","floor":6,"key":"SMITH"},{"floor":10,"key":"REST"},{"floor":15,"key":"REST"}],"neow_cost":"NONE","seed_source_timestamp":256648972483262,"circlet_count":0,"master_deck":["Strike_B","Strike_B","Strike_B","Strike_B","Defend_B","Defend_B","Defend_B","Defend_B","Zap+1","Dualcast","BootSequence","Gash","Gash","Self Repair","Go for the Eyes","Leap","White Noise","Fission","Tempest","Streamline","Hologram"],"relics":["Cracked Core","Pantograph","Bottled Flame","Frozen Egg 2","Sozu"],"potions_floor_usage":[7,16,21],"damage_taken":[{"damage":2,"enemies":"Small Slimes","floor":1,"turns":4},{"damage":6,"enemies":"Cultist","floor":2,"turns":3},{"damage":1,"enemies":"2 Louse","floor":3,"turns":3},{"damage":7,"enemies":"Large Slime","floor":4,"turns":5},{"damage":9,"enemies":"3 Louse","floor":5,"turns":4},{"damage":27,"enemies":"Lagavulin","floor":7,"turns":8},{"damage":9,"enemies":"Blue Slaver","floor":11,"turns":3},{"damage":12,"enemies":"Gremlin Gang","floor":12,"turns":6},{"damage":22,"enemies":"Gremlin Nob","floor":13,"turns":5},{"damage":45,"enemies":"Slime Boss","floor":16,"turns":11},{"damage":24,"enemies":"Chosen","floor":18,"turns":7},{"damage":32,"enemies":"Spheric Guardian","floor":19,"turns":6},{"damage":32,"enemies":"Snake Plant","floor":20,"turns":5},{"damage":10,"enemies":"Centurion and Healer","floor":21,"turns":2}],"seed_played":"-5663945628532154511","potions_obtained":[{"floor":3,"key":"AttackPotion"},{"floor":7,"key":"Energy Potion"},{"floor":11,"key":"SteroidPotion"},{"floor":13,"key":"Strength Potion"},{"floor":16,"key":"Dexterity Potion"}],"is_trial":false,"path_per_floor":["M","M","M","M","M","R","E","?","T","R","M","M","E","T","R","B",null,"M","M","M","M"],"character_chosen":"DEFECT","items_purchased":[],"campfire_rested":2,"item_purchase_floors":[],"current_hp_per_floor":[73,67,66,59,50,50,30,23,23,45,43,38,23,23,45,32,75,58,33,8,0],"gold":504,"neow_bonus":"HUNDRED_GOLD","is_prod":false,"is_daily":false,"chose_seed":false,"campfire_upgraded":1,"win_rate":0,"timestamp":1552774825,"path_taken":["M","M","M","M","M","R","E","?","T","R","M","?","E","?","R","BOSS","M","M","M","M"],"build_version":"2019-01-23","purchased_purges":0,"victory":false,"max_hp_per_floor":[75,75,75,75,75,75,75,75,75,75,75,75,75,75,75,75,75,75,75,75,75],"card_choices":[{"not_picked":["Leap","Force Field"],"picked":"BootSequence","floor":1},{"not_picked":["Sweeping Beam","Rebound","BootSequence"],"picked":"SKIP","floor":2},{"not_picked":["Heatsinks","Redo"],"picked":"Gash","floor":3},{"not_picked":["Chaos","Rebound"],"picked":"Gash","floor":4},{"not_picked":["Go for the Eyes","Sweeping Beam"],"picked":"Self Repair","floor":5},{"not_picked":["All For One","Rainbow"],"picked":"Go for the Eyes","floor":7},{"not_picked":["Steam","Darkness"],"picked":"Leap","floor":11},{"not_picked":["Barrage","Leap","Amplify"],"picked":"SKIP","floor":12},{"not_picked":["Aggregate","Rebound"],"picked":"White Noise","floor":13},{"not_picked":["Amplify","Biased Cognition+1"],"picked":"Fission","floor":16},{"not_picked":["Stack","Sweeping Beam"],"picked":"Tempest","floor":18},{"not_picked":["Stack","Steam"],"picked":"Streamline","floor":19},{"not_picked":["Cold Snap","Barrage"],"picked":"Hologram","floor":20}],"player_experience":35208,"relics_obtained":[{"floor":7,"key":"Pantograph"},{"floor":9,"key":"Bottled Flame"},{"floor":13,"key":"Frozen Egg 2"}],"event_choices":[{"damage_healed":0,"gold_gain":0,"player_choice":"Damaged","damage_taken":7,"max_hp_gain":0,"max_hp_loss":0,"event_name":"Wheel of Change","floor":8,"gold_loss":0}],"is_beta":false,"boss_relics":[{"not_picked":["Philosopher\u0027s Stone","Runic Pyramid"],"picked":"Sozu"}],"items_purged_floors":[],"is_endless":false,"potions_floor_spawned":[3,7,11,13,16,18,19],"killed_by":"Centurion and Healer","ascension_level":0}