{"gold_per_floor":[111,124,137,148,148,174,191,191,191,93,113,143,68,83,83,183,183,196,471,487,437,448,448,458,468,545,545],"floor_reached":27,"playtime":1758,"items_purged":["Defend_B"],"score":219,"play_id":"4c5df621-b752-4a57-818e-e8da2b94e2f6","local_time":"20190328205135","is_ascension_mode":false,"campfire_choices":[{"floor":8,"key":"REST"},{"floor":15,"key":"RECALL"},{"floor":23,"key":"REST"}],"neow_cost":"PERCENT_DAMAGE","seed_source_timestamp":20454841398274,"circlet_count":0,"master_deck":["Strike_B","Strike_B","Strike_B","Strike_B","Defend_B","Defend_B","Defend_B","Zap","Dualcast","Conserve Battery","Cold Snap","Static Discharge+1","Coolheaded","Electrodynamics","Conserve Battery","Loop","Go for the Eyes","FTL","Barrage","Thunder Strike","Static Discharge","Loop","Rebound","Ball Lightning","Creative AI","Beam Cell","Regret","Auto Shields+1","White Noise","Leap","Rip and Tear"],"relics":["Cracked Core","Ginger","Lantern","Orrery","Pantograph"],"potions_floor_usage":[6,16,16,22,24,27],"damage_taken":[{"damage":0,"enemies":"2 Louse","floor":1,"turns":2},{"damage":2,"enemies":"Small Slimes","floor":2,"turns":3},{"damage":0,"enemies":"Cultist","floor":3,"turns":3},{"damage":5,"enemies":"Blue Slaver","floor":4,"turns":4},{"damage":9,"enemies":"Lagavulin","floor":6,"turns":7},{"damage":6,"enemies":"Red Slaver","floor":7,"turns":3},{"damage":4,"enemies":"Lots of Slimes","floor":11,"turns":3},{"damage":7,"enemies":"3 Louse","floor":14,"turns":2},{"damage":19,"enemies":"Hexaghost","floor":16,"turns":6},{"damage":16,"enemies":"Shell Parasite","floor":18,"turns":4},{"damage":33,"enemies":"2 Thieves","floor":20,"turns":2},{"damage":23,"enemies":"Centurion and Healer","floor":22,"turns":4},{"damage":18,"enemies":"Sentry and Sphere","floor":24,"turns":4},{"damage":15,"enemies":"Cultist and Chosen","floor":25,"turns":6},{"damage":9,"enemies":"Snake Plant","floor":27,"turns":1}],"seed_played":"-2252783670784088749","potions_obtained":[{"floor":1,"key":"FocusPotion"},{"floor":3,"key":"Ancient Potion"},{"floor":7,"key":"LiquidBronze"},{"floor":16,"key":"EssenceOfSteel"},{"floor":22,"key":"Regen Potion"},{"floor":25,"key":"Fire Potion"}],"is_trial":false,"path_per_floor":["?","?","?","M","?","M"],"character_chosen":"DEFECT","items_purchased":["Loop","Go for the Eyes"],"campfire_rested":2,"item_purchase_floors":[10,10],"current_hp_per_floor":[54,52,52,47,47,38,32,54,54,54,50,50,50,43,43,24,75,59,59,26,26,3,25,19,4,4,0],"gold":545,"neow_bonus":"ONE_RARE_RELIC","is_prod":false,"is_daily":false,"chose_seed":false,"campfire_upgraded":0,"win_rate":0,"timestamp":1553820695,"path_taken":["M","M","M","M","?","E","M","R","T","$","M","?","$","M","R","BOSS","M","?","?","?","?","R","M","M","T","M"],"build_version":"2019-01-23","purchased_purges":1,"victory":false,"max_hp_per_floor":[75,75,75,75,75,75,75,75,75,75,75,75,75,75,75,75,75,75,75,75,75,75,75,75,75,75,75],"card_choices":[{"not_picked":["Consume","Heatsinks"],"picked":"Conserve Battery","floor":1},{"not_picked":["Go for the Eyes","Sweeping Beam"],"picked":"Cold Snap","floor":2},{"not_picked":["Rip and Tear","Lockon"],"picked":"Static Discharge","floor":3},{"not_picked":["Rebound","Leap"],"picked":"Coolheaded","floor":4},{"not_picked":["Self Repair","Barrage"],"picked":"Electrodynamics","floor":6},{"not_picked":["Hologram","Leap"],"picked":"Conserve Battery","floor":7},{"not_picked":["Scrape","Gash"],"picked":"FTL","floor":11},{"not_picked":["Hologram","Turbo"],"picked":"Barrage","floor":14},{"not_picked":["All For One","Multi-Cast"],"picked":"Thunder Strike","floor":16},{"not_picked":["BootSequence","Sunder"],"picked":"Static Discharge","floor":17},{"not_picked":["Steam Power","Fusion"],"picked":"Loop","floor":17},{"not_picked":["Steam Power","Steam"],"picked":"Rebound","floor":17},{"not_picked":["Hello World","Cold Snap"],"picked":"Ball Lightning","floor":17},{"not_picked":["BootSequence","Static Discharge"],"picked":"Creative AI","floor":17},{"not_picked":["Coolheaded+1","Consume"],"picked":"Beam Cell","floor":18},{"not_picked":["Undo+1","Sweeping Beam+1"],"picked":"Auto Shields+1","floor":20},{"not_picked":["Rip and Tear","Heatsinks"],"picked":"White Noise","floor":22},{"not_picked":["Static Discharge","Skim"],"picked":"Leap","floor":24},{"not_picked":["Blizzard+1","Heatsinks"],"picked":"Rip and Tear","floor":25}],"player_experience":80475,"relics_obtained":[{"floor":6,"key":"Lantern"},{"floor":26,"key":"Pantograph"}],"event_choices":[{"damage_healed":0,"gold_gain":0,"player_choice":"Grow","damage_taken":0,"max_hp_gain":0,"max_hp_loss":0,"event_name":"Living Wall","floor":5,"gold_loss":0,"cards_upgraded":["Static Discharge"]},{"damage_healed":0,"gold_gain":30,"player_choice":"Searched \u00271\u0027 times","damage_taken":0,"max_hp_gain":0,"max_hp_loss":0,"event_name":"Dead Adventurer","floor":12,"gold_loss":0},{"damage_healed":0,"gold_gain":275,"player_choice":"Desecrate","damage_taken":0,"max_hp_gain":0,"max_hp_loss":0,"event_name":"Golden Shrine","floor":19,"gold_loss":0,"cards_obtained":["Regret"]},{"damage_healed":0,"gold_gain":0,"player_choice":"Bet on Owner","damage_taken":0,"max_hp_gain":0,"max_hp_loss":0,"event_name":"The Joust","floor":21,"gold_loss":50}],"is_beta":false,"boss_relics":[{"not_picked":["Eternal Feather","Velvet Choker"],"picked":"Orrery"}],"items_purged_floors":[13],"is_endless":false,"potions_floor_spawned":[1,3,7,16,22,25],"killed_by":"Snake Plant","ascension_level":0}