{"path_per_floor":["M","M","M","?","?","R","E","M","T","R","M","R","?","E","R","B",null,"M","?","?","$","M","R"],"character_chosen":"IRONCLAD","items_purchased":["Shovel"],"gold_per_floor":[117,135,148,148,148,148,182,201,201,201,218,218,318,343,343,443,443,456,456,371,4,20,20],"floor_reached":24,"campfire_rested":0,"playtime":986,"current_hp_per_floor":[88,84,84,89,89,89,88,70,70,70,78,78,78,73,73,8,99,76,76,76,76,50,50],"items_purged":["Strike_R"],"gold":20,"score":249,"play_id":"694a9523-604f-4a73-a0c1-dbb5287b9e26","is_prod":false,"is_daily":false,"is_ascension_mode":true,"campfire_upgraded":5,"path_taken":["M","M","M","?","?","R","E","M","T","R","?","R","?","E","R","BOSS","M","?","?","$","?","R","M"],"build_version":"2018-02-12-PROD1","purchased_purges":1,"victory":false,"master_deck":["Strike_R","Strike_R","Strike_R","Defend_R","Defend_R","Defend_R","Defend_R","Bash+1","Iron Wave+1","Pommel Strike+1","Heavy Blade","Evolve+1","Limit Break+1","Battle Trance"],"max_hp_per_floor":[88,88,88,93,93,93,95,97,97,97,99,99,99,99,99,99,99,99,99,99,99,101,101],"relics":["Burning Blood","Singing Bowl","Thread and Needle","Bag of Marbles","Runic Pyramid","Blue Candle","Shovel"],"card_choices":[{"not_picked":["Power Through","Perfected Strike"],"picked":"Iron Wave"},{"not_picked":["Burning Pact","Double Tap"],"picked":"Pommel Strike"},{"not_picked":["Armaments","Dropkick"],"picked":"Heavy Blade"},{"not_picked":["Sword Boomerang","Cleave"],"picked":"Evolve"},{"not_picked":["Exhume","Impervious"],"picked":"Limit Break"},{"not_picked":["Clothesline","Perfected Strike"],"picked":"Battle Trance"}],"player_experience":114377,"potions_floor_usage":[7,14,16,16,24,24],"damage_taken":[{"damage":3,"enemies":"2 Louse","floor":1,"turns":3},{"damage":10,"enemies":"Small Slimes","floor":2,"turns":5},{"damage":6,"enemies":"Cultist","floor":3,"turns":3},{"damage":9,"enemies":"3 Sentries","floor":7,"turns":7},{"damage":26,"enemies":"Large Slime","floor":8,"turns":6},{"damage":0,"enemies":"Red Slaver","floor":11,"turns":3},{"damage":11,"enemies":"Gremlin Nob","floor":14,"turns":4},{"damage":86,"enemies":"Hexaghost","floor":16,"turns":10},{"damage":29,"enemies":"3 Byrds","floor":18,"turns":7},{"damage":34,"enemies":"Chosen","floor":22,"turns":5},{"damage":90,"enemies":"3 Cultists","floor":24,"turns":7}],"event_choices":[{"event_name":"Big Fish","player_choice":"Donut","floor":4,"damage_taken":0},{"event_name":"The Lab","player_choice":"Got Potions","floor":5,"damage_taken":0},{"event_name":"Wheel of Change","player_choice":"Gold","floor":13,"damage_taken":0},{"event_name":"Purifier","player_choice":"One Purge","floor":19,"damage_taken":0},{"event_name":"Addict","player_choice":"Obtained Relic","floor":20,"damage_taken":0}],"boss_relics":[{"not_picked":["Eternal Feather","Calling Bell"],"picked":"Runic Pyramid"}],"potions_floor_spawned":[1,11,14,22],"seed_played":"2851666188016449917","killed_by":"3 Cultists","ascension_level":2,"is_trial":false}