{"gold_per_floor":[109,79,97,97,29,39,59,109,158,172,172,184,198,217,217,321,321,341,357,357,357,11,11,11,11,57,57,69,24,41,41,41,41],"floor_reached":33,"playtime":2325,"items_purged":[],"score":264,"play_id":"a6293676-fec6-45e7-80d9-739538fd4ade","local_time":"20190409001214","is_ascension_mode":false,"campfire_choices":[{"data":"Unload","floor":11,"key":"SMITH"},{"floor":15,"key":"REST"},{"floor":23,"key":"REST"},{"floor":25,"key":"REST"},{"data":"RitualDagger","floor":27,"key":"SMITH"},{"floor":32,"key":"REST"}],"neow_cost":"NONE","seed_source_timestamp":352584922780889,"circlet_count":0,"master_deck":["Defend_G+1","Defend_G+1","Defend_G+1","Defend_G+1","Defend_G+1","Strike_G+1","Strike_G+1","Strike_G+1","Strike_G+1","Strike_G+1","Survivor","Neutralize","Infinite Blades","Slice","Unload+1","Slice","Crippling Poison","Dagger Spray","Cloak And Dagger","Slice","Die Die Die","Acrobatics+1","Deflect+1","RitualDagger+1","Eviscerate+1","Slice","Dodge and Roll"],"relics":["Ring of the Snake","Pen Nib","War Paint","Centennial Puzzle","TwistedFunnel","Omamori","Ancient Tea Set"],"potions_floor_usage":[16,16,16,19,30],"damage_taken":[{"damage":0,"enemies":"Small Slimes","floor":1,"turns":4},{"damage":2,"enemies":"Cultist","floor":3,"turns":5},{"damage":0,"enemies":"Jaw Worm","floor":6,"turns":2},{"damage":1,"enemies":"Red Slaver","floor":7,"turns":3},{"damage":0,"enemies":"Exordium Wildlife","floor":10,"turns":4},{"damage":0,"enemies":"Large Slime","floor":12,"turns":5},{"damage":4,"enemies":"Blue Slaver","floor":13,"turns":4},{"damage":0,"enemies":"Looter","floor":14,"turns":3},{"damage":16,"enemies":"Slime Boss","floor":16,"turns":9},{"damage":15,"enemies":"Spheric Guardian","floor":18,"turns":5},{"damage":0,"enemies":"Chosen","floor":19,"turns":5},{"damage":22,"enemies":"Colosseum Slavers","floor":24,"turns":6},{"damage":0,"enemies":"3 Cultists","floor":28,"turns":2},{"damage":2,"enemies":"Snecko","floor":30,"turns":4},{"damage":48,"enemies":"Automaton","floor":33,"turns":8}],"seed_played":"-580498191304491903","potions_obtained":[{"floor":1,"key":"AttackPotion"},{"floor":2,"key":"Ancient Potion"},{"floor":2,"key":"Weak Potion"},{"floor":3,"key":"Block Potion"},{"floor":16,"key":"GhostInAJar"},{"floor":28,"key":"Ancient Potion"}],"is_trial":false,"path_per_floor":["M","?","M","?","$","M","M","T","T","M","R","M","M","M","R","B",null,"M","M","?","?","$","R","?","R","T","R","M","$","M","?","R","B"],"character_chosen":"THE_SILENT","items_purchased":["Unload","TwistedFunnel","Omamori","Slice"],"campfire_rested":4,"item_purchase_floors":[5,22,22,29],"current_hp_per_floor":[70,70,68,68,68,68,67,67,67,67,67,67,63,63,70,54,70,55,55,49,49,49,70,48,69,69,69,69,69,67,67,70,22],"gold":41,"neow_bonus":"RANDOM_COMMON_RELIC","is_prod":false,"is_daily":false,"chose_seed":false,"campfire_upgraded":2,"win_rate":0,"timestamp":1554783134,"path_taken":["M","?","?","?","$","M","?","?","T","M","R","M","M","M","R","BOSS","M","M","?","?","$","R","?","R","T","R","M","?","?","?","R","BOSS"],"build_version":"2019-01-23","purchased_purges":0,"victory":false,"max_hp_per_floor":[70,70,70,70,70,70,70,70,70,70,70,70,70,70,70,70,70,70,70,70,70,70,70,70,70,70,70,70,70,70,70,70,70],"card_choices":[{"not_picked":["Dagger Throw","Deadly Poison"],"picked":"Infinite Blades","floor":1},{"not_picked":["Acrobatics","Dodge and Roll"],"picked":"Slice","floor":3},{"not_picked":["Setup","Underhanded Strike"],"picked":"Slice","floor":6},{"not_picked":["Prepared","Calculated Gamble","Distraction"],"picked":"SKIP","floor":7},{"not_picked":["Setup","Catalyst"],"picked":"Crippling Poison","floor":10},{"not_picked":["Dodge and Roll","Distraction"],"picked":"Dagger Spray","floor":12},{"not_picked":["Blade Dance","Catalyst"],"picked":"Cloak And Dagger","floor":13},{"not_picked":["Masterful Stab","Backstab"],"picked":"Slice","floor":14},{"not_picked":["Wraith Form v2","Envenom"],"picked":"Die Die Die","floor":16},{"not_picked":["Predator","Concentrate+1"],"picked":"Acrobatics+1","floor":18},{"not_picked":["Heel Hook+1","Bane"],"picked":"Deflect+1","floor":19},{"not_picked":["Backstab","Underhanded Strike"],"picked":"Eviscerate+1","floor":28},{"not_picked":["Endless Agony","Deadly Poison"],"picked":"Dodge and Roll","floor":30}],"player_experience":334471,"relics_obtained":[{"floor":8,"key":"War Paint"},{"floor":9,"key":"Centennial Puzzle"},{"floor":26,"key":"Ancient Tea Set"}],"event_choices":[{"damage_healed":0,"gold_gain":0,"player_choice":"Bought 2 Potions","damage_taken":0,"max_hp_gain":0,"max_hp_loss":0,"event_name":"The Woman in Blue","floor":2,"gold_loss":0},{"damage_healed":0,"gold_gain":0,"player_choice":"Ignored","damage_taken":0,"max_hp_gain":0,"max_hp_loss":0,"event_name":"Purifier","floor":4,"gold_loss":0},{"damage_healed":0,"gold_gain":0,"player_choice":"Joined the Cult","damage_taken":6,"max_hp_gain":0,"max_hp_loss":0,"event_name":"Nest","floor":20,"gold_loss":0,"cards_obtained":["RitualDagger"]},{"damage_healed":0,"gold_gain":0,"player_choice":"Simplicity","damage_taken":0,"max_hp_gain":0,"max_hp_loss":0,"event_name":"Back to Basics","floor":21,"gold_loss":0,"cards_upgraded":["Defend_G","Defend_G","Defend_G","Strike_G","Strike_G","Strike_G","Strike_G","Strike_G"]},{"damage_healed":0,"gold_gain":0,"player_choice":"Fight","damage_taken":0,"max_hp_gain":0,"max_hp_loss":0,"event_name":"Colosseum","floor":24,"gold_loss":0},{"damage_healed":0,"gold_gain":0,"player_choice":"Fled From Nobs","damage_taken":0,"max_hp_gain":0,"max_hp_loss":0,"event_name":"Colosseum","floor":24,"gold_loss":0},{"damage_healed":0,"gold_gain":0,"player_choice":"Ignored","damage_taken":0,"max_hp_gain":0,"max_hp_loss":0,"event_name":"Vampires","floor":31,"gold_loss":0}],"is_beta":false,"boss_relics":[{"not_picked":["Empty Cage","Velvet Choker","Philosopher\u0027s Stone"]}],"items_purged_floors":[],"is_endless":false,"potions_floor_spawned":[1,3,6,7,16,24,28],"killed_by":"Automaton","ascension_level":0}