{"gold_per_floor":[109,123,140,157,82,82,107,107,133,58,58],"floor_reached":11,"playtime":251,"items_purged":["Strike_R"],"score":166,"play_id":"0370c0e5-d27c-4fc1-9f07-e3b648367431","local_time":"20190420164519","is_ascension_mode":true,"campfire_choices":[{"data":"Immolate","floor":6.0,"key":"SMITH"},{"data":"Bash","floor":8.0,"key":"SMITH"}],"neow_cost":"TEN_PERCENT_HP_LOSS","seed_source_timestamp":0,"circlet_count":0,"master_deck":["AscendersBane","Strike_R+1","Strike_R","Strike_R","Defend_R","Defend_R","Defend_R","Defend_R","Bash+1","Immolate+1","Clothesline","Anger+1","Reaper","Headbutt"],"special_seed":0,"relics":["Burning Blood","Whetstone"],"potions_floor_usage":[],"damage_taken":[{"damage":7.0,"enemies":"Jaw Worm","floor":1.0,"turns":2.0},{"damage":8.0,"enemies":"2 Louse","floor":2.0,"turns":3.0},{"damage":14.0,"enemies":"Small Slimes","floor":3.0,"turns":3.0},{"damage":2.0,"enemies":"Exordium Wildlife","floor":4.0,"turns":3.0},{"damage":6.0,"enemies":"Gremlin Nob","floor":7.0,"turns":3.0},{"damage":10.0,"enemies":"3 Sentries","floor":11.0,"turns":3.0}],"seed_played":"6458133665599539139","potions_obtained":[{"floor":1.0,"key":"BloodPotion"},{"floor":3.0,"key":"SteroidPotion"}],"is_trial":false,"path_per_floor":["M","M","M","M","?","R","E","R","T","$","E"],"character_chosen":"IRONCLAD","items_purchased":[],"campfire_rested":0,"item_purchase_floors":[],"current_hp_per_floor":[67,65,57,64,64,64,64,64,64,64,60],"gold":58,"neow_bonus":"THREE_RARE_CARDS","is_prod":false,"is_daily":false,"chose_seed":false,"campfire_upgraded":2,"win_rate":0,"timestamp":1555771519,"path_taken":["M","M","M","M","?","R","E","R","T","$","E"],"build_version":"2019-04-04","purchased_purges":1,"victory":false,"max_hp_per_floor":[68,68,68,68,68,68,68,68,68,68,68],"card_choices":[{"not_picked":["Reaper","Brutality"],"picked":"Immolate","floor":0.0},{"not_picked":["Ghostly Armor","Perfected Strike"],"picked":"Clothesline","floor":1.0},{"not_picked":["Heavy Blade","Second Wind"],"picked":"Anger","floor":2.0},{"not_picked":["Entrench","Iron Wave"],"picked":"Reaper","floor":3.0},{"not_picked":["Rupture","Thunderclap"],"picked":"Headbutt","floor":4.0},{"not_picked":["Ghostly Armor","Cleave","Warcry"],"picked":"SKIP","floor":7.0}],"player_experience":1701179,"relics_obtained":[{"floor":7.0,"key":"Whetstone"}],"event_choices":[{"cards_removed":["Strike_R"],"damage_healed":0.0,"max_hp_gain":0.0,"max_hp_loss":0.0,"gold_gain":0.0,"event_name":"The Cleric","player_choice":"Card Removal","floor":5.0,"gold_loss":75.0,"damage_taken":0.0}],"is_beta":true,"boss_relics":[],"items_purged_floors":[10],"is_endless":false,"potions_floor_spawned":[1,3,11],"killed_by":"3 Sentries","ascension_level":20}