{"gold_per_floor":[114,114,129,144,75,105,105,120,145,160,160,160,175,205,205,305,305,320,70,85,10,25,25,25,25,25,40,70,97,109,21,21,121,121,136,136],"floor_reached":36,"playtime":35404,"items_purged":["Doubt","Injury"],"score":394,"play_id":"1867f1eb-d2ea-4212-a854-d31d7be187e5","local_time":"20190405093614","daily_mods":["Cursed Run","ControlledChaos","Terminal"],"is_ascension_mode":false,"campfire_choices":[{"data":"Storm","floor":7,"key":"SMITH"},{"data":"Storm","floor":11,"key":"SMITH"},{"data":"Creative AI","floor":15,"key":"SMITH"},{"data":"Defragment","floor":23,"key":"SMITH"},{"data":"Conserve Battery","floor":25,"key":"SMITH"},{"floor":32,"key":"REST"}],"neow_cost":"","seed_source_timestamp":288359284360850,"circlet_count":0,"master_deck":["Strike_B","Strike_B","Defend_B","Defend_B+1","Defend_B","Defend_B","Zap+1","Dualcast","Sunder","Conserve Battery+1","Fusion","Defragment+1","Storm+1","Storm+1","Rebound","FTL","Creative AI+1","All For One","Lockon+1","Echo Form","Parasite","Go for the Eyes+1","Clumsy","Doubt","Ball Lightning+1"],"special_seed":17991,"relics":["Cursed Key","Darkstone Periapt","Du-Vu Doll","Frozen Eye","Dead Branch","Art of War","Letter Opener","Black Star","Molten Egg 2","Oddly Smooth Stone","Lantern","MawBank","Toxic Egg 2","Inserter"],"potions_floor_usage":[6,14,33,33,35],"damage_taken":[{"damage":0,"enemies":"Cultist","floor":1,"turns":3},{"damage":0,"enemies":"Jaw Worm","floor":3,"turns":3},{"damage":0,"enemies":"Small Slimes","floor":4,"turns":2},{"damage":8,"enemies":"Lagavulin","floor":6,"turns":6},{"damage":0,"enemies":"2 Fungi Beasts","floor":8,"turns":2},{"damage":0,"enemies":"Blue Slaver","floor":10,"turns":3},{"damage":0,"enemies":"Looter","floor":13,"turns":3},{"damage":8,"enemies":"Gremlin Nob","floor":14,"turns":4},{"damage":15,"enemies":"Hexaghost","floor":16,"turns":6},{"damage":0,"enemies":"Chosen","floor":18,"turns":4},{"damage":0,"enemies":"Shell Parasite","floor":20,"turns":5},{"damage":0,"enemies":"Centurion and Healer","floor":22,"turns":3},{"damage":23,"enemies":"Snake Plant","floor":27,"turns":4},{"damage":22,"enemies":"Gremlin Leader","floor":28,"turns":4},{"damage":1,"enemies":"Snecko","floor":29,"turns":4},{"damage":18,"enemies":"Collector","floor":33,"turns":6},{"damage":11,"enemies":"3 Shapes","floor":35,"turns":3},{"damage":59,"enemies":"3 Darklings","floor":36,"turns":3}],"seed_played":"2882055252263797519","potions_obtained":[{"floor":1,"key":"Weak Potion"},{"floor":4,"key":"Ancient Potion"},{"floor":8,"key":"Block Potion"},{"floor":14,"key":"Fire Potion"},{"floor":20,"key":"LiquidBronze"},{"floor":29,"key":"Explosive Potion"},{"floor":35,"key":"FearPotion"}],"is_trial":false,"path_per_floor":["M","?","M","M","$","E","R","M","T","M","R","?","M","E","R","B",null,"M","$","M","$","M","R","?","R","T","M","E","M","T","$","R","B",null,"M","M"],"character_chosen":"DEFECT","items_purchased":["Defragment","Molten Egg 2"],"campfire_rested":1,"item_purchase_floors":[5,19],"current_hp_per_floor":[73,58,58,58,58,50,50,50,56,56,56,56,56,48,48,39,69,68,67,66,65,64,63,62,61,66,43,21,20,26,26,46,34,70,59,0],"gold":136,"neow_bonus":"","is_prod":false,"is_daily":true,"chose_seed":false,"campfire_upgraded":5,"win_rate":0,"timestamp":1554482174,"path_taken":["M","?","M","M","$","E","R","M","T","M","R","?","M","E","R","BOSS","M","$","M","?","M","R","?","R","T","M","E","?","?","$","R","BOSS","M","?"],"build_version":"2019-01-23","purchased_purges":2,"victory":false,"max_hp_per_floor":[73,72,71,70,69,68,67,66,71,70,69,68,67,66,65,70,69,68,67,66,65,64,63,62,61,66,65,64,63,68,67,66,71,70,69,69],"card_choices":[{"not_picked":["Steam Power","Streamline"],"picked":"Sunder","floor":1},{"not_picked":["Streamline","Sweeping Beam"],"picked":"Conserve Battery","floor":3},{"not_picked":["Fission","Stack"],"picked":"Fusion","floor":4},{"not_picked":["Leap","Scrape"],"picked":"Storm","floor":6},{"not_picked":["Stack","Scrape"],"picked":"Storm","floor":8},{"not_picked":["Chill","Sweeping Beam","Stack"],"picked":"SKIP","floor":10},{"not_picked":["Gash","Compile Driver"],"picked":"FTL","floor":13},{"not_picked":["FTL","Stack"],"picked":"Creative AI","floor":14},{"not_picked":["Fission","Rainbow"],"picked":"All For One","floor":16},{"not_picked":["Tempest","Streamline","Sweeping Beam"],"picked":"SKIP","floor":18},{"not_picked":["Beam Cell+1","Steam"],"picked":"Lockon+1","floor":20},{"not_picked":["Cold Snap+1","Sweeping Beam+1"],"picked":"Echo Form","floor":22},{"not_picked":["Undo","Compile Driver+1","Darkness"],"picked":"SKIP","floor":27},{"not_picked":["Hologram","Compile Driver+1"],"picked":"Go for the Eyes+1","floor":28},{"not_picked":["Tempest","Fusion","Redo"],"picked":"SKIP","floor":29},{"not_picked":["Reprogram+1","Compile Driver+1"],"picked":"Ball Lightning+1","floor":35}],"player_experience":1458002,"relics_obtained":[{"floor":6,"key":"Dead Branch"},{"floor":9,"key":"Art of War"},{"floor":14,"key":"Letter Opener"},{"floor":26,"key":"Oddly Smooth Stone"},{"floor":28,"key":"Lantern"},{"floor":28,"key":"MawBank"},{"floor":30,"key":"Toxic Egg 2"}],"event_choices":[{"damage_healed":0,"gold_gain":0,"player_choice":"Entered Light","damage_taken":15,"max_hp_gain":0,"max_hp_loss":0,"event_name":"Shining Light","floor":2,"gold_loss":0,"cards_upgraded":["Defend_B","Zap"]},{"damage_healed":0,"gold_gain":0,"cards_transformed":["Strike_B"],"player_choice":"Transformed","damage_taken":0,"max_hp_gain":0,"max_hp_loss":0,"event_name":"Transmorgrifier","floor":12,"gold_loss":0,"cards_obtained":["Rebound"]},{"cards_removed":["Strike_B"],"damage_healed":0,"gold_gain":0,"player_choice":"Offered Basic","damage_taken":0,"max_hp_gain":0,"max_hp_loss":0,"event_name":"Bonfire Elementals","floor":24,"gold_loss":0}],"is_beta":false,"boss_relics":[{"not_picked":["Fusion Hammer","Sozu"],"picked":"Black Star"},{"not_picked":["Orrery","Eternal Feather"],"picked":"Inserter"}],"items_purged_floors":[21,31],"is_endless":false,"potions_floor_spawned":[1,4,8,14,20,29,35],"killed_by":"3 Darklings","ascension_level":0}