{"gold_per_floor":[112,127,140,158,170,170,198,198,198,198,210,210,210,64,64,64],"floor_reached":16,"playtime":8663,"items_purged":[],"score":112,"play_id":"a4f3820f-c4b2-4715-ae2a-f9e6b50eaa7e","local_time":"20190228175139","is_ascension_mode":true,"campfire_choices":[{"data":"Survivor","floor":6,"key":"SMITH"},{"floor":8,"key":"REST"},{"data":"Leg Sweep","floor":10,"key":"SMITH"},{"data":"Neutralize","floor":12,"key":"SMITH"},{"data":"Concentrate","floor":15,"key":"SMITH"}],"neow_cost":"NONE","seed_source_timestamp":1115335357770080,"circlet_count":0,"master_deck":["Defend_G+1","Defend_G+1","Defend_G","Defend_G","Strike_G","Strike_G","Strike_G","Strike_G","Strike_G","Survivor+1","Neutralize+1","Concentrate+1","Leg Sweep+1","Underhanded Strike","Slice","Outmaneuver","Flying Knee","Tactician+1"],"relics":["Ring of the Snake","Ancient Tea Set","Toxic Egg 2","Boot","War Paint"],"potions_floor_usage":[4,7,16],"damage_taken":[{"damage":0,"enemies":"Cultist","floor":1,"turns":5},{"damage":0,"enemies":"Jaw Worm","floor":2,"turns":5},{"damage":1,"enemies":"2 Louse","floor":3,"turns":3},{"damage":13,"enemies":"Exordium Thugs","floor":4,"turns":5},{"damage":0,"enemies":"Lots of Slimes","floor":5,"turns":5},{"damage":45,"enemies":"3 Sentries","floor":7,"turns":20},{"damage":0,"enemies":"Looter","floor":11,"turns":3},{"damage":35,"enemies":"Hexaghost","floor":16,"turns":15}],"seed_played":"4246677394345565239","potions_obtained":[{"floor":3,"key":"AttackPotion"},{"floor":4,"key":"Swift Potion"},{"floor":7,"key":"EssenceOfSteel"}],"is_trial":false,"path_per_floor":["M","M","M","M","M","R","E","R","T","R","M","R","T","$","R","B"],"character_chosen":"THE_SILENT","items_purchased":["War Paint"],"campfire_rested":1,"item_purchase_floors":[14],"current_hp_per_floor":[70,70,69,56,56,56,11,32,32,32,32,32,32,32,32,0],"gold":64,"neow_bonus":"REMOVE_CARD","is_prod":false,"is_daily":false,"chose_seed":false,"campfire_upgraded":4,"win_rate":0,"timestamp":1551405099,"path_taken":["M","?","M","?","M","R","E","R","T","R","?","R","?","?","R","BOSS"],"build_version":"2019-01-23","purchased_purges":0,"victory":false,"max_hp_per_floor":[70,70,70,70,70,70,70,70,70,70,70,70,70,70,70,70],"card_choices":[{"not_picked":["Dagger Throw","Setup"],"picked":"Concentrate","floor":1},{"not_picked":["Flying Knee","Finisher"],"picked":"Leg Sweep","floor":2},{"not_picked":["Caltrops","Slice"],"picked":"Underhanded Strike","floor":3},{"not_picked":["Finisher","Escape Plan"],"picked":"Slice","floor":4},{"not_picked":["Calculated Gamble","Deadly Poison"],"picked":"Outmaneuver","floor":5},{"not_picked":["Cloak And Dagger","Night Terror"],"picked":"Flying Knee","floor":7},{"not_picked":["Sucker Punch","Outmaneuver+1"],"picked":"Tactician+1","floor":11}],"player_experience":954361,"relics_obtained":[{"floor":7,"key":"Ancient Tea Set"},{"floor":9,"key":"Toxic Egg 2"},{"floor":13,"key":"Boot"}],"event_choices":[],"is_beta":false,"boss_relics":[],"items_purged_floors":[],"is_endless":false,"potions_floor_spawned":[3,4,7],"killed_by":"Hexaghost","ascension_level":2}