{"gold_per_floor":[210,44,57,57,67,67,77,77,102,154,154,119,119,148,148,221,221,232,232,248,64,80,80,90,110,133,133,149,21,21,38,38,38],"floor_reached":33,"playtime":4663,"items_purged":["Strike_B","Strike_B","Strike_B"],"score":494,"play_id":"31e625bf-aeab-4036-8cee-a3baa57dd99a","local_time":"20190108013927","is_ascension_mode":true,"campfire_choices":[{"data":"Defragment","floor":6.0,"key":"SMITH"},{"data":"Lockon","floor":8.0,"key":"SMITH"},{"data":"Dualcast","floor":11.0,"key":"SMITH"},{"data":"Go for the Eyes","floor":13.0,"key":"SMITH"},{"data":"Sweeping Beam","floor":15.0,"key":"SMITH"},{"data":"Creative AI","floor":23.0,"key":"SMITH"},{"data":"Loop","floor":27.0,"key":"SMITH"},{"data":"Defragment","floor":30.0,"key":"SMITH"},{"floor":32,"key":"REST"}],"neow_cost":"NONE","seed_source_timestamp":431805948582086,"circlet_count":0,"master_deck":["AscendersBane","Strike_B","Defend_B","Defend_B","Defend_B","Defend_B","Zap+1","Dualcast+1","FTL","Defragment+1","Steam","Go for the Eyes+1","Lockon+1","Sweeping Beam+1","Seek","Compile Driver+1","Creative AI+1","BootSequence","Loop+1","Heatsinks+1","Coolheaded","Defragment+1","Chaos+1"],"special_seed":0,"relics":["FrozenCore","Smiling Mask","Bag of Preparation","Orichalcum"],"potions_floor_usage":[31],"damage_taken":[{"damage":7.0,"enemies":"Small Slimes","floor":1.0,"turns":3.0},{"damage":7.0,"enemies":"Cultist","floor":3.0,"turns":4.0},{"damage":0.0,"enemies":"2 Louse","floor":5.0,"turns":3.0},{"damage":23.0,"enemies":"Lots of Slimes","floor":7.0,"turns":4.0},{"damage":14.0,"enemies":"Lagavulin","floor":14.0,"turns":4.0},{"damage":2.0,"enemies":"Hexaghost","floor":16.0,"turns":7.0},{"damage":10.0,"enemies":"Spheric Guardian","floor":18.0,"turns":4.0},{"damage":3.0,"enemies":"Chosen","floor":20.0,"turns":6.0},{"damage":6.0,"enemies":"Snecko","floor":22.0,"turns":10.0},{"damage":5.0,"enemies":"Shelled Parasite and Fungi","floor":24.0,"turns":8.0},{"damage":1.0,"enemies":"Snake Plant","floor":25.0,"turns":8.0},{"damage":0.0,"enemies":"Centurion and Healer","floor":28.0,"turns":7.0},{"damage":8,"enemies":"3 Cultists","floor":31,"turns":6},{"damage":52,"enemies":"Automaton","floor":33,"turns":8}],"seed_played":"1449306238054100930","potions_obtained":[{"floor":1.0,"key":"PowerPotion"},{"floor":16.0,"key":"GamblersBrew"},{"floor":24.0,"key":"Ancient Potion"}],"is_trial":false,"path_per_floor":["M","$","M","?","M","R","M","R","T","?","R","?","R","E","R","B",null,"M","?","M","$","M","R","M","M","T","R","M","$","R","M","R","B"],"character_chosen":"DEFECT","items_purchased":["Defragment","PowerPotion","Loop","Explosive Potion","Defragment"],"campfire_rested":1,"item_purchase_floors":[2,2,21,21,29],"current_hp_per_floor":[57,57,50,50,50,50,27,27,27,27,27,44,44,30,30,28,60,50,50,47,47,41,41,36,35,35,35,35,35,35,27,48,0],"gold":38,"neow_bonus":"HUNDRED_GOLD","is_prod":false,"is_daily":false,"chose_seed":false,"campfire_upgraded":8,"win_rate":0,"timestamp":1546907967,"path_taken":["M","$","M","?","M","R","M","R","T","?","R","?","R","E","R","BOSS","M","?","M","$","?","R","?","M","T","R","M","$","R","M","R","BOSS"],"build_version":"2019-01-03v4","purchased_purges":3,"victory":false,"max_hp_per_floor":[71,71,71,71,71,71,71,71,71,71,71,71,71,71,71,71,71,71,71,71,71,71,71,71,71,71,71,71,71,71,71,71,71],"card_choices":[{"not_picked":["Streamline","Ball Lightning"],"picked":"FTL","floor":1.0},{"not_picked":["Gash","Rebound"],"picked":"Steam","floor":3.0},{"not_picked":["Tempest","Stack"],"picked":"Go for the Eyes","floor":5.0},{"not_picked":["Aggregate","Streamline"],"picked":"Lockon","floor":7.0},{"not_picked":["Conserve Battery","Gash"],"picked":"Sweeping Beam","floor":14.0},{"not_picked":["Reboot","Buffer"],"picked":"Seek","floor":16.0},{"not_picked":["Cold Snap","Redo"],"picked":"Compile Driver+1","floor":18.0},{"not_picked":["Barrage","Rebound"],"picked":"BootSequence","floor":20.0},{"not_picked":["Recycle","Leap+1"],"picked":"Heatsinks+1","floor":22.0},{"not_picked":["Storm","Cold Snap","Streamline"],"picked":"SKIP","floor":24.0},{"not_picked":["Heatsinks","Ball Lightning","Sweeping Beam"],"picked":"SKIP","floor":25.0},{"not_picked":["Sweeping Beam","FTL"],"picked":"Coolheaded","floor":28.0},{"not_picked":["Barrage","Streamline"],"picked":"Chaos+1","floor":31}],"player_experience":423734,"relics_obtained":[{"floor":9.0,"key":"Smiling Mask"},{"floor":14.0,"key":"Bag of Preparation"},{"floor":26.0,"key":"Orichalcum"}],"event_choices":[{"damage_healed":0.0,"max_hp_gain":0.0,"max_hp_loss":0.0,"gold_gain":0.0,"event_name":"Living Wall","player_choice":"Grow","floor":4.0,"gold_loss":0.0,"damage_taken":0.0,"cards_upgraded":["Zap"]},{"damage_healed":0.0,"max_hp_gain":0.0,"max_hp_loss":0.0,"gold_gain":52.0,"event_name":"Golden Wing","player_choice":"Gained Gold","floor":10.0,"gold_loss":0.0,"damage_taken":0.0},{"damage_healed":17.0,"max_hp_gain":0.0,"max_hp_loss":0.0,"gold_gain":0.0,"event_name":"The Cleric","player_choice":"Healed","floor":12.0,"gold_loss":35.0,"damage_taken":0.0},{"damage_healed":0.0,"max_hp_gain":0.0,"max_hp_loss":0.0,"gold_gain":0.0,"event_name":"Match and Keep!","player_choice":"1 cards matched","floor":19.0,"gold_loss":0.0,"damage_taken":0.0,"cards_obtained":["Creative AI"]}],"is_beta":false,"boss_relics":[{"not_picked":["Tiny House","Philosopher\u0027s Stone"],"picked":"FrozenCore"}],"items_purged_floors":[2,21,29],"is_endless":false,"potions_floor_spawned":[1,5,16,24],"killed_by":"Automaton","ascension_level":20}