{"gold_per_floor":[361,65,65,85,96,96,108,138,138,165,184,184,204,239,239,335,385,398,411,48,64,64,91,91,124,177,177,210,210,210,221,221,325,325,337,351,401,451,547,572,572,602,602,119,148,163,113,124,124,124],"floor_reached":51,"playtime":16949,"items_purged":["Normality","Defend_B+1"],"score":1047,"play_id":"639d5fbb-5cd9-4741-a121-06adf44551f4","local_time":"20180730000400","is_ascension_mode":true,"campfire_choices":[{"data":"Go for the Eyes","floor":6.0,"key":"SMITH"},{"data":"Zap","floor":12.0,"key":"SMITH"},{"floor":15,"key":"REST"},{"floor":24,"key":"REST"},{"floor":27,"key":"REST"},{"floor":32,"key":"REST"},{"data":"FTL","floor":41,"key":"SMITH"},{"data":"BootSequence","floor":49,"key":"SMITH"}],"neow_cost":"CURSE","seed_source_timestamp":437997191355962,"circlet_count":0,"master_deck":["Strike_B+1","Strike_B+1","Strike_B+1","Strike_B+1","Defend_B+1","Defend_B+1","Defend_B+1","Zap+1","Dualcast+1","Go for the Eyes+1","Steam+1","Regret","Cold Snap+1","Ball Lightning+1","Sweeping Beam+1","Auto Shields+1","Barrage+1","Capacitor+1","Melter+1","Seek+1","Biased Cognition+1","Cold Snap+1","Coolheaded+1","Go for the Eyes+1","Sunder+1","Necronomicurse","Stack+1","Core Surge+1","Chill+1","Electrodynamics+1","Ball Lightning+1","Redo+1","FTL+1","Consume+1","Doom and Gloom+1","Capacitor+1","BootSequence+1","BootSequence+1"],"special_seed":0,"relics":["Cracked Core","Lee\u0027s Waffle","Pantograph","Vajra","The Courier","Oddly Smooth Stone","Mango","Tiny House","Frozen Egg 2","Anchor","Necronomicon","StoneCalendar","Pen Nib","Juzu Bracelet","Question Card","Symbiotic Virus","SsserpentHead","Nuclear Battery","Mark of the Bloom","Prayer Wheel","Molten Egg 2","Regal Pillow","Ornamental Fan","Bottled Lightning","Bag of Preparation","Omamori","Mummified Hand"],"potions_floor_usage":[16,23,25],"damage_taken":[{"damage":7.0,"enemies":"Small Slimes","floor":1.0,"turns":4.0},{"damage":6.0,"enemies":"2 Louse","floor":4.0,"turns":3.0},{"damage":1.0,"enemies":"Cultist","floor":5.0,"turns":3.0},{"damage":19.0,"enemies":"Exordium Wildlife","floor":7.0,"turns":4.0},{"damage":18.0,"enemies":"3 Sentries","floor":8.0,"turns":4.0},{"damage":5.0,"enemies":"Gremlin Nob","floor":10.0,"turns":4.0},{"damage":1.0,"enemies":"Large Slime","floor":11.0,"turns":4.0},{"damage":3.0,"enemies":"Looter","floor":13.0,"turns":3.0},{"damage":12,"enemies":"3 Sentries","floor":14,"turns":5},{"damage":26,"enemies":"Hexaghost","floor":16,"turns":9},{"damage":12,"enemies":"3 Byrds","floor":18,"turns":4},{"damage":3,"enemies":"Chosen","floor":19,"turns":4},{"damage":4,"enemies":"Snecko","floor":21,"turns":4},{"damage":54,"enemies":"Gremlin Leader","floor":23,"turns":8},{"damage":11,"enemies":"Slavers","floor":25,"turns":4},{"damage":28,"enemies":"Gremlin Leader","floor":28,"turns":7},{"damage":2,"enemies":"Cultist and Chosen","floor":31,"turns":6},{"damage":44,"enemies":"Automaton","floor":33,"turns":9},{"damage":0,"enemies":"Orb Walker","floor":35,"turns":2},{"damage":5,"enemies":"3 Darklings","floor":36,"turns":4},{"damage":9,"floor":39,"turns":4},{"damage":2,"enemies":"Nemesis","floor":40,"turns":5},{"damage":8,"enemies":"Giant Head","floor":42,"turns":7},{"damage":0,"enemies":"2 Orb Walkers","floor":45,"turns":2},{"damage":0,"enemies":"Flame Bruiser 2 Orb","floor":46,"turns":3},{"damage":0,"enemies":"Sphere and 2 Shapes","floor":48,"turns":3},{"damage":11,"enemies":"Time Eater","floor":50,"turns":9}],"seed_played":"-7318325677628040976","potions_obtained":[{"floor":5.0,"key":"Explosive Potion"},{"floor":10.0,"key":"Poison Potion"},{"floor":11.0,"key":"Ancient Potion"},{"floor":14,"key":"SteroidPotion"},{"floor":16,"key":"Explosive Potion"},{"floor":17,"key":"GamblersBrew"},{"floor":25,"key":"Fire Potion"},{"floor":28,"key":"Energy Potion"},{"floor":40,"key":"Weak Potion"}],"is_trial":false,"path_per_floor":["M","$","?","M","M","R","M","E","T","E","M","R","M","E","R","B",null,"M","M","$","M","?","E","R","E","T","R","E","?","?","M","R","B",null,"M","M","?","?","?","E","R","E","T","$","E","M","?","M","R","B"],"character_chosen":"DEFECT","items_purchased":["Lee\u0027s Waffle","Steam","Frozen Egg 2","Anchor","Go for the Eyes","Capacitor+1","Bottled Lightning","Bag of Preparation"],"campfire_rested":4,"item_purchase_floors":[2,2,20,20,20,44,44,44],"current_hp_per_floor":[68,82,82,76,75,75,56,38,38,33,32,32,29,31,59,58,101,89,86,86,82,66,12,42,31,31,61,33,33,33,31,61,42,101,101,96,96,96,87,85,85,77,77,77,77,77,77,77,77,66],"gold":124,"neow_bonus":"TWO_FIFTY_GOLD","is_prod":false,"is_daily":false,"chose_seed":false,"campfire_upgraded":4,"win_rate":0,"timestamp":1532873040,"path_taken":["M","$","?","M","M","R","M","E","T","E","?","R","M","E","R","BOSS","M","M","$","M","?","E","R","E","T","R","E","?","?","M","R","BOSS","M","M","?","?","?","E","R","E","T","$","E","M","?","M","R","BOSS"],"build_version":"2018-07-26","purchased_purges":2,"victory":true,"max_hp_per_floor":[75,82,82,82,82,82,82,82,82,82,82,82,82,96,96,96,101,101,101,101,101,101,101,101,101,101,101,101,101,101,101,101,101,101,101,101,101,101,101,101,101,101,101,101,101,101,101,101,101,101],"card_choices":[{"not_picked":["BootSequence","Rebound"],"picked":"Go for the Eyes","floor":1.0},{"not_picked":["Scrape","Steam"],"picked":"Cold Snap","floor":4.0},{"not_picked":["Doom and Gloom","Undo"],"picked":"Ball Lightning","floor":5.0},{"not_picked":["Reprogram","Streamline"],"picked":"Sweeping Beam","floor":7.0},{"not_picked":["Aggregate","Rebound"],"picked":"Auto Shields","floor":8.0},{"not_picked":["Sweeping Beam","Beam Cell"],"picked":"Barrage","floor":10.0},{"not_picked":["Gash","Go for the Eyes"],"picked":"Capacitor","floor":11.0},{"not_picked":["Beam Cell","Blizzard"],"picked":"Melter","floor":13.0},{"not_picked":["Steam","Conserve Battery"],"picked":"Seek","floor":14},{"not_picked":["Rainbow","Buffer"],"picked":"Biased Cognition","floor":16},{"not_picked":["Undo","Stack"],"picked":"Cold Snap","floor":17},{"not_picked":["Reprogram+1","Blizzard"],"picked":"Loop","floor":18},{"not_picked":["Static Discharge+1","Gash"],"picked":"Coolheaded","floor":19},{"not_picked":["Streamline","Beam Cell+1"],"picked":"Sunder","floor":21},{"not_picked":["Beam Cell","Coolheaded"],"picked":"Stack","floor":23},{"not_picked":["Beam Cell","Reprogram"],"picked":"Core Surge","floor":25},{"not_picked":["Genetic Algorithm","Recycle"],"picked":"Chill+1","floor":28},{"not_picked":["Hologram","Storm+1","Cold Snap","Beam Cell"],"picked":"SKIP","floor":31},{"not_picked":["Multi-Cast","Reboot","Creative AI+1"],"picked":"Electrodynamics+1","floor":33},{"not_picked":["Rebound","Go for the Eyes+1","Barrage+1"],"picked":"Ball Lightning+1","floor":35},{"not_picked":["Sweeping Beam","Chill","Heatsinks+1"],"picked":"Redo+1","floor":36},{"not_picked":["Loop+1","Chaos","Leap+1"],"picked":"FTL","floor":39},{"not_picked":["Rebound","Storm+1","Genetic Algorithm"],"picked":"Consume+1","floor":40},{"not_picked":["FTL+1","Go for the Eyes+1","Core Surge+1"],"picked":"Doom and Gloom+1","floor":42},{"not_picked":["Gash+1","Redo+1","Storm+1"],"picked":"BootSequence+1","floor":45},{"not_picked":["Double Energy","Force Field+1","Steam+1"],"picked":"BootSequence","floor":46},{"not_picked":["Hologram+1","Redo","Cold Snap+1","Sweeping Beam+1"],"picked":"SKIP","floor":46},{"not_picked":["Coolheaded","Gash+1","Skim+1","Hologram+1"],"picked":"SKIP","floor":48},{"not_picked":["Turbo","Barrage+1","Go for the Eyes+1","Tempest+1"],"picked":"SKIP","floor":48}],"player_experience":247358,"relics_obtained":[{"floor":8.0,"key":"Vajra"},{"floor":9.0,"key":"The Courier"},{"floor":10.0,"key":"Oddly Smooth Stone"},{"floor":14,"key":"Mango"},{"floor":22,"key":"Necronomicon"},{"floor":23,"key":"StoneCalendar"},{"floor":25,"key":"Pen Nib"},{"floor":26,"key":"Juzu Bracelet"},{"floor":28,"key":"Question Card"},{"floor":39,"key":"Prayer Wheel"},{"floor":40,"key":"Molten Egg 2"},{"floor":42,"key":"Regal Pillow"},{"floor":43,"key":"Ornamental Fan"},{"floor":45,"key":"Omamori"}],"event_choices":[{"event_name":"Big Fish","player_choice":"Box","floor":3.0,"damage_taken":0.0},{"event_name":"Cursed Tome","player_choice":"Obtained Book","floor":22,"damage_taken":0},{"event_name":"Wheel of Change","player_choice":"Relic","floor":29,"damage_taken":0},{"event_name":"FaceTrader","player_choice":"Trade","floor":30,"damage_taken":0},{"event_name":"Falling","player_choice":"Removed Power","floor":37,"damage_taken":0},{"event_name":"MindBloom","player_choice":"Upgrade","floor":38,"damage_taken":0},{"event_name":"Mysterious Sphere","player_choice":"Fight","floor":39,"damage_taken":0},{"event_name":"WeMeetAgain","player_choice":"Gold","floor":47,"damage_taken":0}],"is_beta":false,"boss_relics":[{"not_picked":["Busted Crown","Runic Pyramid"],"picked":"Tiny House"},{"not_picked":["Pandora\u0027s Box","Runic Dome"],"picked":"Nuclear Battery"}],"items_purged_floors":[2,44],"is_endless":false,"potions_floor_spawned":[5,10,11,14,16,25,28,33,40,42,48],"ascension_level":2}