{"gold_per_floor":[116,129,207,217,232,232,242,242,265,280,315,315,315,336,336,462,462,486,586,605,71,96,115,115,129,129,144,144,182,196,214,214,337,337,350,350,350,364,195,195,228,228,302,302,335,335,183,197,197,197],"floor_reached":51,"playtime":4369,"items_purged":["Strike_R","Defend_R"],"score":756,"play_id":"33caae5c-6e4c-4c68-9159-ff674295aec7","local_time":"20181224132758","is_ascension_mode":false,"campfire_choices":[{"data":"Feed","floor":6,"key":"SMITH"},{"data":"Bash","floor":8,"key":"SMITH"},{"floor":15,"key":"REST"},{"floor":24,"key":"REST"},{"data":"Juggernaut","floor":28,"key":"SMITH"},{"floor":32,"key":"REST"},{"data":"Seeing Red","floor":40,"key":"SMITH"},{"data":"Defend_R","floor":42,"key":"SMITH"},{"floor":44,"key":"REST"},{"floor":49,"key":"REST"}],"neow_cost":"NONE","seed_source_timestamp":302576782916929,"circlet_count":0,"master_deck":["Strike_R+1","Strike_R+1","Strike_R","Defend_R+1","Defend_R+1","Bash+1","Feed+1","Iron Wave+1","Ghostly Armor","Infernal Blade+1","Juggernaut+1","Shrug It Off+1","Demon Form","Cleave+1","Dropkick","Armaments","Warcry+1","Second Wind+1","Juggernaut","Battle Trance+1","Heavy Blade+1","Seeing Red+1","Infernal Blade+1"],"relics":["Burning Blood","Orichalcum","Whetstone","Golden Idol","Empty Cage","Toolbox","Bottled Tornado","Prayer Wheel","Pen Nib","Philosopher\u0027s Stone","Centennial Puzzle","Shuriken","Pantograph","Paper Frog","Bag of Preparation"],"potions_floor_usage":[10,11,16,27,29,29,30,33,33,41,48,50],"damage_taken":[{"damage":6,"enemies":"2 Louse","floor":1,"turns":2},{"damage":1,"enemies":"Jaw Worm","floor":2,"turns":3},{"damage":0,"enemies":"Cultist","floor":4,"turns":2},{"damage":5,"enemies":"Exordium Thugs","floor":5,"turns":4},{"damage":5,"enemies":"Looter","floor":7,"turns":3},{"damage":8,"enemies":"Gremlin Gang","floor":10,"turns":6},{"damage":8,"enemies":"Gremlin Nob","floor":11,"turns":5},{"damage":7,"enemies":"Exordium Thugs","floor":14,"turns":4},{"damage":54,"enemies":"The Guardian","floor":16,"turns":14},{"damage":19,"enemies":"Shell Parasite","floor":18,"turns":8},{"damage":13,"enemies":"Spheric Guardian","floor":20,"turns":6},{"damage":20,"enemies":"Snecko","floor":22,"turns":5},{"damage":13,"enemies":"Snake Plant","floor":23,"turns":5},{"damage":23,"enemies":"Sentry and Sphere","floor":25,"turns":6},{"damage":19,"enemies":"3 Cultists","floor":27,"turns":5},{"damage":42,"enemies":"Gremlin Leader","floor":29,"turns":8},{"damage":20,"enemies":"Centurion and Healer","floor":30,"turns":6},{"damage":16,"enemies":"Snecko","floor":31,"turns":5},{"damage":49,"enemies":"Automaton","floor":33,"turns":9},{"damage":6,"enemies":"Orb Walker","floor":35,"turns":3},{"damage":4,"enemies":"3 Shapes","floor":38,"turns":4},{"damage":73,"enemies":"Reptomancer","floor":41,"turns":8},{"damage":36,"enemies":"Giant Head","floor":45,"turns":7},{"damage":19,"enemies":"3 Darklings","floor":48,"turns":4},{"damage":104,"enemies":"Time Eater","floor":50,"turns":10}],"seed_played":"5215710920926434941","potions_obtained":[{"floor":2,"key":"Block Potion"},{"floor":4,"key":"SkillPotion"},{"floor":5,"key":"SteroidPotion"},{"floor":16,"key":"Energy Potion"},{"floor":23,"key":"Block Potion"},{"floor":25,"key":"BloodPotion"},{"floor":29,"key":"BloodPotion"},{"floor":30,"key":"AttackPotion"},{"floor":31,"key":"EssenceOfSteel"},{"floor":33,"key":"Explosive Potion"},{"floor":35,"key":"Regen Potion"},{"floor":48,"key":"EssenceOfSteel"}],"is_trial":false,"path_per_floor":["M","M","?","M","M","R","M","R","T","M","E","?","?","M","R","B",null,"M","?","M","$","M","M","R","M","T","M","R","E","M","M","R","B",null,"M","?","?","M","$","R","E","R","T","R","E","T","$","M","R","B",null],"character_chosen":"IRONCLAD","items_purchased":["Toolbox","Bottled Tornado","Seeing Red","Bag of Preparation"],"campfire_rested":5,"item_purchase_floors":[21,21,39,47],"current_hp_per_floor":[83,86,86,89,92,92,96,96,96,98,96,71,51,54,85,37,104,91,91,88,88,74,67,99,82,82,73,73,48,45,35,68,25,112,112,112,112,116,116,116,63,63,63,97,67,67,67,58,94,21],"gold":197,"neow_bonus":"ONE_RANDOM_RARE_CARD","is_prod":false,"is_daily":false,"chose_seed":false,"campfire_upgraded":5,"win_rate":0,"timestamp":1545686878,"path_taken":["M","M","?","M","M","R","M","R","T","M","E","?","?","M","R","BOSS","M","?","M","$","M","M","R","M","T","M","R","E","M","?","R","BOSS","M","?","?","?","$","R","E","R","T","R","E","?","$","M","R","BOSS"],"build_version":"2018-12-20","purchased_purges":2,"victory":true,"max_hp_per_floor":[83,86,86,89,92,92,96,96,96,100,100,100,100,104,104,104,104,104,104,108,108,108,108,108,108,108,112,112,112,112,112,112,112,112,112,112,112,116,116,116,116,116,116,116,116,116,116,120,120,120],"card_choices":[{"not_picked":["Sword Boomerang","Burning Pact"],"picked":"Iron Wave","floor":1},{"not_picked":["Sever Soul","Perfected Strike","Twin Strike"],"picked":"SKIP","floor":2},{"not_picked":["Heavy Blade","Headbutt","Perfected Strike"],"picked":"SKIP","floor":4},{"not_picked":["Fire Breathing","Twin Strike"],"picked":"Ghostly Armor","floor":5},{"not_picked":["True Grit","Hemokinesis","Feel No Pain"],"picked":"SKIP","floor":7},{"not_picked":["Flex","Uppercut","Heavy Blade"],"picked":"SKIP","floor":10},{"not_picked":["Evolve","Blood for Blood"],"picked":"Infernal Blade","floor":11},{"not_picked":["True Grit","Dark Embrace","Iron Wave"],"picked":"SKIP","floor":14},{"not_picked":["Barricade","Brutality"],"picked":"Juggernaut","floor":16},{"not_picked":["Thunderclap","Carnage"],"picked":"Shrug It Off+1","floor":18},{"not_picked":["Combust","Headbutt+1"],"picked":"Demon Form","floor":20},{"not_picked":["Headbutt","Body Slam","Entrench"],"picked":"SKIP","floor":22},{"not_picked":["Combust","Carnage"],"picked":"Cleave+1","floor":23},{"not_picked":["Burning Pact","Fire Breathing"],"picked":"Dropkick","floor":25},{"not_picked":["Searing Blow","Inflame","True Grit+1"],"picked":"SKIP","floor":27},{"not_picked":["Double Tap","Sword Boomerang","Twin Strike"],"picked":"SKIP","floor":27},{"not_picked":["Headbutt","Intimidate","Pummel"],"picked":"SKIP","floor":29},{"not_picked":["Burning Pact","Whirlwind"],"picked":"Armaments","floor":30},{"not_picked":["Power Through","Twin Strike","Perfected Strike"],"picked":"SKIP","floor":30},{"not_picked":["Headbutt","Metallicize"],"picked":"Warcry+1","floor":31},{"not_picked":["Thunderclap","Corruption+1"],"picked":"Second Wind+1","floor":31},{"not_picked":["Feed","Offering"],"picked":"Juggernaut","floor":33},{"not_picked":["Burning Pact","Spot Weakness"],"picked":"Battle Trance+1","floor":35},{"not_picked":["Headbutt","Flex","Shrug It Off"],"picked":"SKIP","floor":35},{"not_picked":["Body Slam","Clothesline+1"],"picked":"Heavy Blade+1","floor":38},{"not_picked":["Pummel","Sword Boomerang","Thunderclap+1"],"picked":"SKIP","floor":38},{"not_picked":["Shockwave","Berserk","Clothesline+1"],"picked":"SKIP","floor":41},{"not_picked":["Burning Pact","Perfected Strike","Iron Wave"],"picked":"SKIP","floor":45},{"not_picked":["Clash","Anger"],"picked":"Infernal Blade+1","floor":48},{"not_picked":["Evolve","Whirlwind","Pummel+1"],"picked":"SKIP","floor":48}],"player_experience":295378,"relics_obtained":[{"floor":9,"key":"Orichalcum"},{"floor":11,"key":"Whetstone"},{"floor":26,"key":"Prayer Wheel"},{"floor":29,"key":"Pen Nib"},{"floor":41,"key":"Centennial Puzzle"},{"floor":43,"key":"Shuriken"},{"floor":45,"key":"Pantograph"},{"floor":46,"key":"Paper Frog"}],"event_choices":[{"damage_healed":0,"gold_gain":78,"player_choice":"Gained Gold","damage_taken":0,"max_hp_gain":0,"max_hp_loss":0,"event_name":"Golden Wing","floor":3,"gold_loss":0},{"damage_healed":0,"gold_gain":0,"player_choice":"Take Damage","damage_taken":25,"relics_obtained":["Golden Idol"],"max_hp_gain":0,"max_hp_loss":0,"event_name":"Golden Idol","floor":12,"gold_loss":0},{"damage_healed":0,"gold_gain":0,"player_choice":"Entered Light","damage_taken":20,"max_hp_gain":0,"max_hp_loss":0,"event_name":"Shining Light","floor":13,"gold_loss":0,"cards_upgraded":["Defend_R","Strike_R"]},{"damage_healed":0,"gold_gain":100,"player_choice":"Pray","damage_taken":0,"max_hp_gain":0,"max_hp_loss":0,"event_name":"Golden Shrine","floor":19,"gold_loss":0},{"damage_healed":0,"gold_gain":0,"player_choice":"Ignored","damage_taken":0,"max_hp_gain":0,"max_hp_loss":0,"event_name":"Tomb of Lord Red Mask","floor":36,"gold_loss":0},{"damage_healed":0,"gold_gain":0,"player_choice":"Forge","damage_taken":0,"max_hp_gain":0,"max_hp_loss":0,"event_name":"Accursed Blacksmith","floor":37,"gold_loss":0,"cards_upgraded":["Infernal Blade"]}],"is_beta":false,"boss_relics":[{"not_picked":["Tiny House","Fusion Hammer"],"picked":"Empty Cage"},{"not_picked":["Sozu","Runic Pyramid"],"picked":"Philosopher\u0027s Stone"}],"items_purged_floors":[21,39],"is_endless":false,"potions_floor_spawned":[2,4,5,16,23,25,29,30,31,33,35,48],"ascension_level":0}