{"gold_per_floor":[113,130,142,153,170,170,180,180,207,207,233,56,56,84,84,162,162,181,181,246,256,270,270,270],"floor_reached":24,"playtime":1645,"items_purged":["Strike_B"],"score":420,"play_id":"ddf32bb3-92b5-4569-af01-c20bed89da75","local_time":"20190117022452","is_ascension_mode":true,"campfire_choices":[{"data":"Beam Cell","floor":6.0,"key":"SMITH"},{"data":"Zap","floor":8.0,"key":"SMITH"},{"data":"Dualcast","floor":10.0,"key":"SMITH"},{"floor":13.0,"key":"REST"},{"data":"Defragment","floor":15.0,"key":"SMITH"},{"floor":23,"key":"REST"}],"neow_cost":"TEN_PERCENT_HP_LOSS","seed_source_timestamp":567175960231537,"circlet_count":0,"master_deck":["AscendersBane","Strike_B","Defend_B","Defend_B+1","Defend_B","Defend_B","Zap+1","Dualcast+1","Machine Learning","All For One","Steam","BootSequence","Cold Snap","Steam","Beam Cell+1","Gash","Hologram","Glacier+1","FTL","Defragment+1","Core Surge","Sweeping Beam+1"],"special_seed":0,"relics":["Cracked Core","DataDisk","MawBank","War Paint","Inserter","SsserpentHead"],"potions_floor_usage":[16,22,24],"damage_taken":[{"damage":1.0,"enemies":"Cultist","floor":1.0,"turns":3.0},{"damage":1.0,"enemies":"Jaw Worm","floor":2.0,"turns":4.0},{"damage":10.0,"enemies":"Small Slimes","floor":3.0,"turns":3.0},{"damage":1.0,"enemies":"2 Fungi Beasts","floor":4.0,"turns":3.0},{"damage":9.0,"enemies":"Lots of Slimes","floor":5.0,"turns":5.0},{"damage":5.0,"enemies":"Gremlin Gang","floor":7.0,"turns":4.0},{"damage":5.0,"enemies":"Gremlin Nob","floor":11.0,"turns":3.0},{"damage":1.0,"enemies":"3 Sentries","floor":14.0,"turns":7.0},{"damage":26,"enemies":"Slime Boss","floor":16,"turns":11},{"damage":2,"enemies":"Chosen","floor":18,"turns":4},{"damage":0,"enemies":"Shell Parasite","floor":20,"turns":5},{"damage":21,"enemies":"Sentry and Sphere","floor":21,"turns":5},{"damage":17,"enemies":"Cultist and Chosen","floor":22,"turns":6},{"damage":37,"enemies":"Gremlin Leader","floor":24,"turns":2}],"seed_played":"-2224177923816614012","potions_obtained":[{"floor":4.0,"key":"Fire Potion"},{"floor":5.0,"key":"SkillPotion"},{"floor":11.0,"key":"Poison Potion"},{"floor":14.0,"key":"Weak Potion"},{"floor":18,"key":"EssenceOfSteel"}],"is_trial":false,"path_per_floor":["M","M","M","M","M","R","M","R","T","R","E","$","R","E","R","B",null,"M","?","M","M","M","R","E"],"character_chosen":"DEFECT","items_purchased":["Glacier","FTL"],"campfire_rested":2,"item_purchase_floors":[12,12],"current_hp_per_floor":[63,62,52,51,42,42,37,37,37,37,32,32,51,50,50,24,54,52,52,52,31,14,33,0],"gold":270,"neow_bonus":"TRANSFORM_TWO_CARDS","is_prod":false,"is_daily":false,"chose_seed":false,"campfire_upgraded":4,"win_rate":0,"timestamp":1547688292,"path_taken":["M","M","?","M","M","R","M","R","T","R","E","$","R","E","R","BOSS","M","?","?","M","M","R","E"],"build_version":"2019-01-10","purchased_purges":1,"victory":false,"max_hp_per_floor":[64,64,64,64,64,64,64,64,64,64,64,64,64,64,64,64,64,64,64,64,64,64,64,64],"card_choices":[{"not_picked":["Rebound","Sweeping Beam"],"picked":"Steam","floor":1.0},{"not_picked":["Reinforced Body","Darkness"],"picked":"BootSequence","floor":2.0},{"not_picked":["Compile Driver","Aggregate"],"picked":"Cold Snap","floor":3.0},{"not_picked":["Leap","Gash"],"picked":"Steam","floor":4.0},{"not_picked":["Chill","Force Field"],"picked":"Beam Cell","floor":5.0},{"not_picked":["Stack","Hologram"],"picked":"Gash","floor":7.0},{"not_picked":["Ball Lightning","White Noise"],"picked":"Hologram","floor":11.0},{"not_picked":["Turbo","Reprogram"],"picked":"Defragment","floor":14.0},{"not_picked":["Thunder Strike","Rainbow"],"picked":"Core Surge","floor":16},{"not_picked":["Turbo","Skim","Conserve Battery"],"picked":"SKIP","floor":18},{"not_picked":["Cold Snap","Hello World","Rebound"],"picked":"SKIP","floor":20},{"not_picked":["Conserve Battery","Rebound+1"],"picked":"Sweeping Beam+1","floor":21},{"not_picked":["Scrape","Stack","Gash"],"picked":"SKIP","floor":22}],"player_experience":467451,"relics_obtained":[{"floor":9.0,"key":"DataDisk"},{"floor":11.0,"key":"MawBank"},{"floor":14.0,"key":"War Paint"}],"event_choices":[{"damage_healed":0,"gold_gain":0,"player_choice":"Trade","damage_taken":0,"relics_obtained":["SsserpentHead"],"max_hp_gain":0,"max_hp_loss":0,"event_name":"FaceTrader","floor":19,"gold_loss":0}],"is_beta":false,"boss_relics":[{"not_picked":["Empty Cage","Fusion Hammer"],"picked":"Inserter"}],"items_purged_floors":[12],"is_endless":false,"potions_floor_spawned":[4,5,7,11,14,18],"killed_by":"Gremlin Leader","ascension_level":20}