{"path_per_floor":["M","M","$","?","M","E","M","E","T","?","M","$","M","T","R","B"],"character_chosen":"IRONCLAD","items_purchased":["Jack Of All Trades","Reaper","Shrug It Off"],"gold_per_floor":[114,128,22,22,39,65,79,114,114,137,149,33,43,43,43,147],"floor_reached":17,"campfire_rested":0,"playtime":1532,"current_hp_per_floor":[80,80,80,80,80,63,59,64,64,51,41,41,49,49,49,23],"items_purged":[],"gold":147,"score":167,"play_id":"3be4acf7-3b62-4ff7-992f-c04fd89c0398","is_prod":false,"is_daily":false,"is_ascension_mode":false,"campfire_upgraded":1,"path_taken":["M","M","$","?","M","E","M","E","T","?","M","$","M","?","R","BOSS"],"build_version":"2018-02-08-PROD1","purchased_purges":0,"victory":false,"master_deck":["Strike_R","Strike_R","Strike_R","Strike_R","Strike_R","Defend_R","Defend_R","Defend_R","Defend_R","Bash","Combust","Wild Strike","Jack Of All Trades","Infernal Blade+1","Anger","Evolve","Power Through","Shockwave","Shrug It Off","Burning Pact","Brutality+1","Barricade+1","Armaments+1"],"max_hp_per_floor":[80,80,80,80,80,80,80,83,83,83,83,83,83,83,83,83],"relics":["Burning Blood","NeowsBlessing","Toolbox","Gremlin Horn","Kunai","Odd Mushroom","Omamori","Astrolabe"],"card_choices":[{"not_picked":["Heavy Blade","Iron Wave"],"picked":"Combust"},{"not_picked":["Intimidate","Heavy Blade"],"picked":"Wild Strike"},{"not_picked":["Flex","True Grit"],"picked":"Fiend Fire"},{"not_picked":["Bloodletting","Uppercut"],"picked":"Infernal Blade"},{"not_picked":["Sword Boomerang","Fiend Fire"],"picked":"Anger"},{"not_picked":["Cleave","Twin Strike"],"picked":"Evolve"},{"not_picked":["Wild Strike","Whirlwind"],"picked":"Power Through"},{"not_picked":["Body Slam","Perfected Strike"],"picked":"Shockwave"},{"not_picked":["True Grit","Rampage"],"picked":"Burning Pact"},{"not_picked":["Immolate","Offering"],"picked":"Barricade"}],"player_experience":24026,"potions_floor_usage":[11,16,16],"damage_taken":[{"damage":0,"enemies":"Small Slimes","floor":1,"turns":2},{"damage":0,"enemies":"2 Louse","floor":2,"turns":1},{"damage":0,"enemies":"Jaw Worm","floor":5,"turns":1},{"damage":23,"enemies":"3 Sentries","floor":6,"turns":5},{"damage":10,"enemies":"3 Louse","floor":7,"turns":3},{"damage":8,"enemies":"Gremlin Nob","floor":8,"turns":3},{"damage":19,"enemies":"The Mushroom Lair","floor":10,"turns":3},{"damage":16,"enemies":"Large Slime","floor":11,"turns":3},{"damage":4,"enemies":"2 Fungi Beasts","floor":13,"turns":5},{"damage":41,"enemies":"The Guardian","floor":16,"turns":11}],"event_choices":[{"event_name":"The Cleric","player_choice":"Leave","floor":4,"damage_taken":0},{"event_name":"Mushrooms","player_choice":"Fought Mushrooms","floor":10,"damage_taken":0}],"boss_relics":[{"not_picked":["Question Card","Ectoplasm"],"picked":"Astrolabe"}],"potions_floor_spawned":[2,7,8,16],"seed_played":"-5078041357628850304","ascension_level":0,"is_trial":false}