{"gold_per_floor":[119,219,232,248,173,173,201,214,239,0,76,101,129,154,166,275,287,319,350,105,5,25,25,60,60,60,60,71,71,85,104,104,207,207,221,233,89,89,109,139,155,155,155,155,30,46,65,78,78,78],"floor_reached":51,"playtime":19214,"items_purged":["Strike_R","Strike_R","Regret"],"score":907,"play_id":"9eab109d-9e5d-4264-a9db-9c8259105936","local_time":"20190418232613","is_ascension_mode":true,"campfire_choices":[{"data":"Armaments","floor":6,"key":"SMITH"},{"data":"Bash","floor":15,"key":"SMITH"},{"data":"Inflame","floor":23,"key":"SMITH"},{"data":"Flex","floor":27,"key":"SMITH"},{"data":"Clothesline","floor":29,"key":"SMITH"},{"data":"Defend_R","floor":32,"key":"SMITH"},{"data":"Secret Weapon","floor":49,"key":"SMITH"}],"neow_cost":"NONE","seed_source_timestamp":226950357224036,"circlet_count":0,"master_deck":["Strike_R","Strike_R","Defend_R+1","Defend_R","Defend_R","Defend_R+1","Bash+1","Armaments+1","Thunderclap","Inflame+1","Clothesline+1","Cleave","Flex+1","Sword Boomerang+1","Feed+1","Shrug It Off+1","Shrug It Off+1","Battle Trance+1","Metallicize+1","Whirlwind+1","Twin Strike+1","Reckless Charge+1","Reaper+1","Heavy Blade+1","Inflame+1","Secret Weapon+1","Heavy Blade+1","Ghostly Armor+1","Madness","Madness","Flex+1","Sword Boomerang+1","Metallicize+1"],"relics":["Burning Blood","Anchor","Centennial Puzzle","Molten Egg 2","MawBank","Coffee Dripper","Matryoshka","Orichalcum","PreservedInsect","Frozen Egg 2","Cursed Key","War Paint","Bag of Preparation","Paper Frog","Magic Flower"],"potions_floor_usage":[7,16,24,28,33,33,50,50],"damage_taken":[{"damage":0,"enemies":"Small Slimes","floor":1,"turns":3},{"damage":6,"enemies":"Cultist","floor":3,"turns":4},{"damage":12,"enemies":"Jaw Worm","floor":4,"turns":3},{"damage":33,"enemies":"3 Sentries","floor":7,"turns":9},{"damage":15,"enemies":"Exordium Wildlife","floor":8,"turns":5},{"damage":6,"enemies":"Lots of Slimes","floor":13,"turns":2},{"damage":1,"enemies":"Looter","floor":14,"turns":2},{"damage":21,"enemies":"Hexaghost","floor":16,"turns":9},{"damage":7,"enemies":"Shell Parasite","floor":18,"turns":5},{"damage":14,"enemies":"Spheric Guardian","floor":19,"turns":4},{"damage":8,"enemies":"Shelled Parasite and Fungi","floor":22,"turns":5},{"damage":28,"enemies":"Gremlin Leader","floor":24,"turns":6},{"damage":4,"enemies":"Snecko","floor":28,"turns":4},{"damage":8,"enemies":"Snake Plant","floor":30,"turns":4},{"damage":4,"enemies":"Centurion and Healer","floor":31,"turns":5},{"damage":56,"enemies":"Automaton","floor":33,"turns":8},{"damage":42,"enemies":"3 Darklings","floor":35,"turns":4},{"damage":0,"enemies":"Orb Walker","floor":36,"turns":3},{"damage":8,"enemies":"Spire Growth","floor":39,"turns":3},{"damage":15,"enemies":"Reptomancer","floor":40,"turns":3},{"damage":1,"enemies":"Jaw Worm Horde","floor":41,"turns":2},{"damage":8,"enemies":"Writhing Mass","floor":46,"turns":4},{"damage":19,"enemies":"3 Darklings","floor":47,"turns":3},{"damage":0,"enemies":"Jaw Worm Horde","floor":48,"turns":3},{"damage":39,"enemies":"Donu and Deca","floor":50,"turns":7}],"seed_played":"-6520027482147627245","potions_obtained":[{"floor":1,"key":"Weak Potion"},{"floor":8,"key":"EssenceOfSteel"},{"floor":16,"key":"Dexterity Potion"},{"floor":19,"key":"BloodPotion"},{"floor":24,"key":"Explosive Potion"},{"floor":30,"key":"LiquidBronze"},{"floor":39,"key":"Strength Potion"},{"floor":46,"key":"Dexterity Potion"},{"floor":47,"key":"SmokeBomb"}],"is_trial":false,"path_per_floor":["M","?","M","M","$","R","E","M","T","$","?","T","M","M","R","B",null,"M","M","$","$","M","R","E","?","T","R","M","R","M","M","R","B",null,"M","M","$","?","M","E","M","?","T","?","$","M","M","M","R","B",null],"character_chosen":"IRONCLAD","items_purchased":["Molten Egg 2","Matryoshka","War Paint"],"campfire_rested":0,"item_purchase_floors":[10,20,37],"current_hp_per_floor":[78,78,78,72,72,72,45,36,36,36,36,36,36,41,41,26,67,70,66,66,66,68,68,55,55,55,55,57,57,55,61,61,11,75,60,66,66,66,76,87,92,80,80,80,80,81,86,95,95,82],"gold":78,"neow_bonus":"THREE_CARDS","is_prod":false,"is_daily":false,"chose_seed":false,"campfire_upgraded":7,"win_rate":0,"timestamp":1555655173,"path_taken":["M","?","?","M","$","R","E","M","T","?","?","?","?","M","R","BOSS","M","M","?","$","M","R","E","?","T","R","M","R","M","M","R","BOSS","M","M","$","?","M","E","M","?","T","?","$","?","M","M","R","BOSS"],"build_version":"2019-01-23","purchased_purges":3,"victory":true,"max_hp_per_floor":[80,80,80,80,80,80,80,80,80,80,80,80,80,80,80,80,80,84,88,88,88,92,92,92,92,92,92,92,92,92,96,96,96,96,96,96,96,96,96,96,96,96,96,96,96,96,96,96,96,96],"card_choices":[{"not_picked":["True Grit","Clash"],"picked":"Armaments","floor":0},{"not_picked":["Bloodletting","True Grit"],"picked":"Thunderclap","floor":1},{"not_picked":["Armaments","Heavy Blade"],"picked":"Inflame","floor":3},{"not_picked":["Hemokinesis","Blood for Blood"],"picked":"Clothesline","floor":4},{"not_picked":["Headbutt","Disarm"],"picked":"Cleave","floor":7},{"not_picked":["Pommel Strike","Cleave"],"picked":"Flex","floor":8},{"not_picked":["Exhume","Combust","True Grit"],"picked":"SKIP","floor":13},{"not_picked":["Body Slam+1","Clash+1"],"picked":"Sword Boomerang+1","floor":14},{"not_picked":["Limit Break","Double Tap"],"picked":"Feed+1","floor":16},{"not_picked":["Clothesline+1","Cleave+1"],"picked":"Shrug It Off+1","floor":18},{"not_picked":["Cleave+1","Sword Boomerang+1"],"picked":"Shrug It Off+1","floor":19},{"not_picked":["Thunderclap+1","Hemokinesis+1"],"picked":"Battle Trance","floor":22},{"not_picked":["Bludgeon+1","Pommel Strike+1"],"picked":"Metallicize+1","floor":24},{"not_picked":["Iron Wave+1","Havoc"],"picked":"Whirlwind+1","floor":28},{"not_picked":["Brutality+1","Headbutt+1"],"picked":"Twin Strike+1","floor":30},{"not_picked":["Searing Blow+1","Fire Breathing+1"],"picked":"Reckless Charge+1","floor":31},{"not_picked":["Exhume","Bludgeon+1"],"picked":"Reaper+1","floor":33},{"not_picked":["Anger+1","Armaments"],"picked":"Heavy Blade+1","floor":35},{"not_picked":["Thunderclap+1","Shockwave+1"],"picked":"Inflame+1","floor":36},{"not_picked":["The Bomb","Secret Technique"],"picked":"Secret Weapon","floor":38},{"not_picked":["Headbutt+1","Seeing Red"],"picked":"Heavy Blade+1","floor":39},{"not_picked":["Body Slam+1","Clothesline+1","True Grit"],"picked":"SKIP","floor":40},{"not_picked":["Clothesline+1","Clash+1"],"picked":"Ghostly Armor+1","floor":41},{"not_picked":["Rampage+1","Clash+1"],"picked":"Flex+1","floor":46},{"not_picked":["Ghostly Armor","Barricade+1"],"picked":"Sword Boomerang+1","floor":47},{"not_picked":["Shrug It Off","Sword Boomerang+1"],"picked":"Metallicize+1","floor":48}],"player_experience":2170663,"relics_obtained":[{"floor":7,"key":"Anchor"},{"floor":9,"key":"Centennial Puzzle"},{"floor":12,"key":"MawBank"},{"floor":24,"key":"Orichalcum"},{"floor":26,"key":"PreservedInsect"},{"floor":26,"key":"Frozen Egg 2"},{"floor":40,"key":"Bag of Preparation"},{"floor":43,"key":"Paper Frog"},{"floor":43,"key":"Magic Flower"}],"event_choices":[{"damage_healed":0,"gold_gain":100,"player_choice":"Pray","damage_taken":0,"max_hp_gain":0,"max_hp_loss":0,"event_name":"Golden Shrine","floor":2,"gold_loss":0},{"damage_healed":0,"gold_gain":76,"player_choice":"Gained Gold","damage_taken":0,"max_hp_gain":0,"max_hp_loss":0,"event_name":"Golden Wing","floor":11,"gold_loss":0},{"cards_removed":["Strike_R"],"damage_healed":0,"gold_gain":0,"player_choice":"Offered Basic","damage_taken":0,"max_hp_gain":0,"max_hp_loss":0,"event_name":"Bonfire Elementals","floor":25,"gold_loss":0},{"damage_healed":0,"gold_gain":0,"player_choice":"Memory 1","damage_taken":0,"max_hp_gain":0,"max_hp_loss":0,"event_name":"SensoryStone","floor":38,"gold_loss":0},{"damage_healed":0,"gold_gain":0,"player_choice":"Embrace Madness","damage_taken":12,"max_hp_gain":0,"max_hp_loss":0,"event_name":"Winding Halls","floor":42,"gold_loss":0,"cards_obtained":["Madness","Madness"]},{"damage_healed":0,"gold_gain":0,"player_choice":"Ignored","damage_taken":0,"max_hp_gain":0,"max_hp_loss":0,"event_name":"SecretPortal","floor":44,"gold_loss":0}],"is_beta":false,"boss_relics":[{"not_picked":["Runic Pyramid","Runic Dome"],"picked":"Coffee Dripper"},{"not_picked":["Runic Cube","Fusion Hammer"],"picked":"Cursed Key"}],"items_purged_floors":[5,21,45],"is_endless":false,"potions_floor_spawned":[1,8,16,19,24,30,39,46,47],"ascension_level":7}