{"path_per_floor":["M","M","?","?","M","M","R","E","T","R","M","$","?","M","R","B",null,"M","M","M","$","?","R","E","R","T","R","?","M","M","M","R"],"character_chosen":"DEFECT","items_purchased":["Beam Cell"],"gold_per_floor":[112,132,132,132,151,162,162,192,215,215,225,126,95,105,105,208,208,226,246,264,164,79,79,104,104,129,129,129,142,157,167,167,167],"floor_reached":33,"campfire_rested":1,"playtime":1967,"item_purchase_floors":[],"current_hp_per_floor":[59,59,59,52,52,49,49,33,40,40,32,32,32,32,32,24,62,59,58,40,40,40,40,20,42,42,42,42,40,40,34,34,0],"items_purged":["Strike_B","Dualcast"],"gold":167,"score":441,"play_id":"d2c86d41-b522-4940-810a-2d9eb5e3d079","local_time":"20180525181812","is_prod":false,"is_daily":false,"chose_seed":false,"is_ascension_mode":true,"campfire_upgraded":4,"win_rate":0,"timestamp":1527265092,"campfire_choices":[{"data":"Streamline","floor":7.0,"key":"SMITH"},{"data":"Hyperbeam","floor":10.0,"key":"SMITH"},{"data":"Beam Cell","floor":15.0,"key":"SMITH"},{"data":"Machine Learning","floor":23.0,"key":"SMITH"},{"floor":25.0,"key":"REST"},{"data":"Decay","floor":27.0,"key":"PURGE"},{"data":"Defend_B","floor":32,"key":"PURGE"}],"path_taken":["M","M","?","?","M","?","R","E","T","R","M","$","?","M","R","BOSS","M","M","M","$","?","R","E","R","T","R","?","M","M","?","R","BOSS"],"build_version":"2018-05-24","seed_source_timestamp":533996075959052,"purchased_purges":2,"victory":false,"master_deck":["Strike_B","Strike_B","Strike_B","Defend_B","Defend_B","Defend_B","Zap","AscendersBane","Genetic Algorithm","Leap","Streamline+1","Hyperbeam+1","Conserve Battery","Beam Cell+1","Skim","Machine Learning+1","Compile Driver","Rebound+1","Conserve Battery+1","Self Repair","Leap","Steam+1"],"max_hp_per_floor":[68,68,68,68,68,68,68,68,75,75,75,75,75,75,75,75,75,75,75,75,75,75,75,75,75,75,75,75,75,75,75,75,75],"relics":["Cracked Core","Peace Pipe","Oddly Smooth Stone","Vajra","Strawberry","Cursed Key","DataDisk","Ginger","Pen Nib"],"card_choices":[{"not_picked":["Tempest","Leap"],"picked":"Genetic Algorithm","floor":1.0},{"not_picked":["Force Field","Doom and Gloom"],"picked":"Leap","floor":2.0},{"not_picked":["Steam","Leap"],"picked":"Streamline","floor":5.0},{"not_picked":["Double Energy","Rebound","Stack"],"picked":"SKIP","floor":6.0},{"not_picked":["Go for the Eyes","Coolheaded"],"picked":"Hyperbeam","floor":8.0},{"not_picked":["Barrage","Compile Driver"],"picked":"Conserve Battery","floor":11.0},{"not_picked":["Heatsinks","Capacitor"],"picked":"Skim","floor":14.0},{"not_picked":["Fission","Meteor Strike"],"picked":"Machine Learning","floor":16.0},{"not_picked":["White Noise","Stack+1"],"picked":"Compile Driver","floor":18.0},{"not_picked":["Ball Lightning+1","Barrage"],"picked":"Rebound+1","floor":19.0},{"not_picked":["Heatsinks","Ball Lightning"],"picked":"Conserve Battery+1","floor":20.0},{"not_picked":["Go for the Eyes","Fusion"],"picked":"Self Repair","floor":24.0},{"not_picked":["Stack","Fusion"],"picked":"Leap","floor":29},{"not_picked":["Aggregate","Compile Driver","Coolheaded"],"picked":"SKIP","floor":30},{"not_picked":["Redo","Compile Driver"],"picked":"Steam+1","floor":31}],"player_experience":118438,"potions_floor_usage":[29,29],"damage_taken":[{"damage":9.0,"enemies":"Jaw Worm","floor":1.0,"turns":4.0},{"damage":0.0,"enemies":"2 Louse","floor":2.0,"turns":2.0},{"damage":0.0,"enemies":"Small Slimes","floor":5.0,"turns":3.0},{"damage":3.0,"enemies":"Blue Slaver","floor":6.0,"turns":4.0},{"damage":16.0,"enemies":"Gremlin Nob","floor":8.0,"turns":4.0},{"damage":8.0,"enemies":"Red Slaver","floor":11.0,"turns":3.0},{"damage":0.0,"enemies":"Large Slime","floor":14.0,"turns":3.0},{"damage":8.0,"enemies":"The Guardian","floor":16.0,"turns":12.0},{"damage":3.0,"enemies":"Shell Parasite","floor":18.0,"turns":5.0},{"damage":1.0,"enemies":"Spheric Guardian","floor":19.0,"turns":3.0},{"damage":18.0,"enemies":"3 Cultists","floor":20.0,"turns":4.0},{"damage":20.0,"enemies":"Gremlin Leader","floor":24.0,"turns":4.0},{"damage":9,"enemies":"Snecko","floor":29,"turns":4},{"damage":0,"enemies":"Centurion and Healer","floor":30,"turns":1},{"damage":13,"enemies":"Sentry and Sphere","floor":31,"turns":5},{"damage":51,"enemies":"Automaton","floor":33,"turns":6}],"relics_obtained":[{"floor":8.0,"key":"Vajra"},{"floor":9.0,"key":"Strawberry"},{"floor":24.0,"key":"Ginger"},{"floor":26.0,"key":"Pen Nib"}],"event_choices":[{"event_name":"Big Fish","player_choice":"Box","floor":3.0,"damage_taken":0.0},{"event_name":"Golden Wing","player_choice":"Card Removal","floor":4.0,"damage_taken":0.0},{"event_name":"World of Goop","player_choice":"Left","floor":13.0,"damage_taken":0.0},{"event_name":"Addict","player_choice":"Obtained Relic","floor":22.0,"damage_taken":0.0},{"event_name":"Drug Dealer","player_choice":"Ignored","floor":28.0,"damage_taken":0.0}],"boss_relics":[],"items_purged_floors":[],"potions_floor_spawned":[1,11,14,20,24],"seed_played":"7735992023638116518","killed_by":"Automaton","ascension_level":10,"potions_obtained":[{"floor":1.0,"key":"SteroidPotion"},{"floor":11.0,"key":"FearPotion"},{"floor":14.0,"key":"EssenceOfSteel"},{"floor":20.0,"key":"SkillPotion"},{"floor":24.0,"key":"FearPotion"}],"is_trial":false}