{"path_per_floor":["M","M","M","$","M","R","M","E","T","E","?","M","R","M","R","B",null,"M","$","?","M","M","R","E","$","T","R","$","M","?","M","R","B",null,"M","?","M","M","M","R","$","M","T","?","M","M","R","M","R","B"],"character_chosen":"IRONCLAD","items_purchased":["Demon Form","Evolve","Shrug It Off"],"gold_per_floor":[115,131,148,9,26,26,36,68,68,102,102,120,120,140,140,244,244,260,64,64,83,97,97,128,28,51,51,51,65,65,80,80,176,176,192,237,254,268,278,278,153,172,172,172,189,202,202,219,219,219],"floor_reached":51,"campfire_rested":0,"playtime":4095,"current_hp_per_floor":[80,80,80,80,69,69,70,60,60,52,49,55,55,61,61,38,80,79,79,64,70,54,54,39,39,39,39,39,31,31,40,40,22,64,64,48,54,46,57,57,57,35,35,26,33,49,49,67,67,63],"items_purged":["Strike_R","Strike_R","Bite"],"gold":219,"score":511,"play_id":"e2865370-ccb7-4f7f-8675-4381734d1f12","is_prod":false,"is_daily":false,"is_ascension_mode":false,"campfire_upgraded":9,"path_taken":["M","M","M","$","?","R","M","E","T","E","?","?","R","M","R","BOSS","M","$","?","M","M","R","E","?","T","R","$","M","?","M","R","BOSS","M","?","M","M","?","R","?","M","T","?","M","M","R","M","R","BOSS"],"build_version":"2018-02-08-PROD1","purchased_purges":3,"victory":true,"master_deck":["Defend_R","Defend_R","Defend_R","Defend_R","Bash+1","Iron Wave+1","Body Slam+1","Whirlwind+1","Demon Form+1","Shrug It Off+1","Evolve+1","Shrug It Off+1","Shrug It Off+1","Bite","Bite","Bite","Bite","Shockwave+1","Warcry+1","Madness","Madness+1"],"max_hp_per_floor":[80,80,80,80,80,80,80,80,80,80,80,80,80,80,80,80,80,80,80,85,85,85,85,85,85,85,85,85,87,60,62,62,64,64,66,66,68,70,70,70,70,72,72,72,74,76,76,78,78,78],"relics":["Burning Blood","Kunai","Dead Branch","Bronze Scales","Bag of Preparation","Runic Dome","Vajra","Singing Bowl","Velvet Choker","Bird Faced Urn","Torii"],"card_choices":[{"not_picked":["Clash","Feel No Pain"],"picked":"Iron Wave"},{"not_picked":["Iron Wave","Heavy Blade"],"picked":"Body Slam"},{"not_picked":["Flex","Second Wind"],"picked":"Whirlwind"},{"not_picked":["Body Slam","Heavy Blade"],"picked":"Shrug It Off"},{"not_picked":["Combust","Twin Strike"],"picked":"Shrug It Off"},{"not_picked":["Havoc","Heavy Blade"],"picked":"Shockwave"},{"not_picked":["Barricade","Reckless Charge"],"picked":"Warcry"}],"player_experience":88175,"potions_floor_usage":[10,14,16,22,24,24,33,33,42,45,45,46,50],"damage_taken":[{"damage":6,"enemies":"Blue Slaver","floor":1,"turns":5},{"damage":3,"enemies":"Jaw Worm","floor":2,"turns":4},{"damage":1,"enemies":"Cultist","floor":3,"turns":3},{"damage":17,"enemies":"Red Slaver","floor":5,"turns":4},{"damage":5,"enemies":"2 Fungi Beasts","floor":7,"turns":4},{"damage":16,"enemies":"3 Sentries","floor":8,"turns":4},{"damage":14,"enemies":"Gremlin Nob","floor":10,"turns":3},{"damage":0,"enemies":"Exordium Thugs","floor":12,"turns":3},{"damage":0,"enemies":"3 Louse","floor":14,"turns":3},{"damage":29,"enemies":"The Guardian","floor":16,"turns":7},{"damage":7,"enemies":"Chosen","floor":18,"turns":4},{"damage":0,"enemies":"3 Byrds","floor":21,"turns":4},{"damage":22,"enemies":"Centurion and Healer","floor":22,"turns":5},{"damage":21,"enemies":"Gremlin Leader","floor":24,"turns":7},{"damage":16,"enemies":"Sentry and Sphere","floor":29,"turns":5},{"damage":9,"enemies":"3 Cultists","floor":31,"turns":4},{"damage":48,"enemies":"Collector","floor":33,"turns":9},{"damage":22,"enemies":"3 Shapes","floor":35,"turns":4},{"damage":26,"enemies":"Mysterious Sphere","floor":36,"turns":3},{"damage":10,"enemies":"3 Darklings","floor":37,"turns":3},{"damage":28,"enemies":"Sphere and 2 Shapes","floor":38,"turns":4},{"damage":13,"enemies":"Maw","floor":39,"turns":6},{"damage":36,"enemies":"4 Shapes","floor":42,"turns":3},{"damage":15,"enemies":"Sphere and 2 Shapes","floor":45,"turns":6},{"damage":2,"enemies":"3 Darklings","floor":46,"turns":3},{"damage":10,"enemies":"Maw","floor":48,"turns":5},{"damage":36,"enemies":"Donu and Deca","floor":50,"turns":10}],"event_choices":[{"event_name":"Scrap Ooze","player_choice":"success","floor":11,"damage_taken":3},{"event_name":"Forgotten Altar","player_choice":"Shed Blood","floor":20,"damage_taken":0},{"event_name":"Vampires","player_choice":"Became a vampire","floor":30,"damage_taken":0},{"event_name":"Mysterious Sphere","player_choice":"Fight","floor":36,"damage_taken":0},{"event_name":"Winding Halls","player_choice":"Embrace Madness","floor":44,"damage_taken":0}],"boss_relics":[{"not_picked":["Eternal Feather","White Beast Statue"],"picked":"Runic Dome"},{"not_picked":["Orrery","Runic Cube"],"picked":"Velvet Choker"}],"potions_floor_spawned":[3,5,12,14,16,18,22,31,33,35,39,42,45],"seed_played":"3470657331907456738","ascension_level":0,"is_trial":false}