{"path_per_floor":["M","$","?","M","M","R","E","R","T","$","R","?","?","?","R","B",null,"M","?","?","M","?","R"],"character_chosen":"IRONCLAD","items_purchased":["Headbutt","Iron Wave","Offering","Shrug It Off"],"gold_per_floor":[118,43,43,62,72,72,106,106,131,4,4,104,104,104,104,199,199,212,212,212,198,198,198],"floor_reached":24,"campfire_rested":1,"playtime":2431,"current_hp_per_floor":[77,77,70,72,78,78,34,34,34,34,34,34,9,9,33,43,71,71,71,71,54,54,54],"items_purged":[],"gold":198,"score":266,"play_id":"aef0fd94-a501-4484-8f80-f506405d5a3c","is_prod":false,"is_daily":false,"is_ascension_mode":true,"campfire_upgraded":4,"path_taken":["M","$","?","M","M","R","E","R","T","$","R","?","?","?","R","BOSS","M","?","?","?","?","R","E"],"build_version":"2018-02-15-PROD1","purchased_purges":0,"victory":false,"master_deck":["Strike_R+1","Strike_R+1","Strike_R+1","Defend_R+1","Defend_R+1","Defend_R+1","Defend_R+1","Bash","Headbutt","Iron Wave+1","True Grit+1","Headbutt","Disarm+1","Offering","Shrug It Off+1","Barricade","Shrug It Off","Shrug It Off"],"max_hp_per_floor":[80,80,80,80,80,80,80,80,80,80,80,80,80,80,80,80,80,80,80,80,80,80,80],"relics":["Burning Blood","Pantograph","Orichalcum","Dodecahedron","White Beast Statue"],"card_choices":[{"not_picked":["Combust","Clothesline"],"picked":"True Grit"},{"not_picked":["Twin Strike","Feel No Pain"],"picked":"Headbutt"},{"not_picked":["Bloodletting","Cleave"],"picked":"Disarm"},{"not_picked":["Dark Embrace","Juggernaut"],"picked":"Barricade"}],"player_experience":146114,"potions_floor_usage":[21,24],"damage_taken":[{"damage":1.0,"enemies":"2 Louse","floor":1.0,"turns":4.0},{"damage":4.0,"enemies":"Jaw Worm","floor":4.0,"turns":5.0},{"damage":0.0,"enemies":"Small Slimes","floor":5.0,"turns":3.0},{"damage":50.0,"enemies":"Lagavulin","floor":7.0,"turns":6.0},{"damage":36.0,"enemies":"The Guardian","floor":16.0,"turns":15.0},{"damage":6.0,"enemies":"Shell Parasite","floor":18.0,"turns":10.0},{"damage":23,"enemies":"2 Thieves","floor":21,"turns":4},{"damage":80,"enemies":"Slavers","floor":24,"turns":5}],"event_choices":[{"event_name":"Golden Wing","player_choice":"Card Removal","floor":3.0,"damage_taken":0.0},{"event_name":"Wheel of Change","player_choice":"Gold","floor":12.0,"damage_taken":0.0},{"event_name":"Scrap Ooze","player_choice":"success","floor":13.0,"damage_taken":25.0},{"event_name":"Liars Game","player_choice":"disagreed","floor":14.0,"damage_taken":0.0},{"event_name":"The Library","player_choice":"Read","floor":19,"damage_taken":0},{"event_name":"Duplicator","player_choice":"One dupe","floor":20,"damage_taken":0},{"event_name":"Back to Basics","player_choice":"Simplicity","floor":22,"damage_taken":0}],"boss_relics":[],"potions_floor_spawned":[7,18,21],"seed_played":"2277921345513666788","killed_by":"Slavers","ascension_level":8,"is_trial":false}