{"gold_per_floor":[20,20,32,45,45,45,73,73,73,92,92,124,124,141,141,141],"floor_reached":16,"playtime":704,"items_purged":[],"score":220,"play_id":"a78d97cc-acaa-43fb-b3af-fd2f206ddd0e","local_time":"20190117015538","is_ascension_mode":true,"campfire_choices":[{"data":"Chaos","floor":6.0,"key":"SMITH"},{"data":"Zap","floor":8.0,"key":"SMITH"},{"floor":11.0,"key":"REST"},{"data":"Dualcast","floor":13.0,"key":"SMITH"},{"floor":15,"key":"REST"}],"neow_cost":"NO_GOLD","seed_source_timestamp":566361339419875,"circlet_count":0,"master_deck":["AscendersBane","Strike_B","Strike_B","Strike_B+1","Defend_B","Defend_B","Defend_B","Defend_B","Zap+1","Dualcast+1","Ball Lightning","Chaos+1","Compile Driver+1","Storm+1","Heatsinks+1"],"special_seed":0,"relics":["Cracked Core","Nunchaku","Frozen Egg 2","Kunai","Whetstone"],"potions_floor_usage":[14,16,16],"damage_taken":[{"damage":14.0,"enemies":"Small Slimes","floor":1.0,"turns":4.0},{"damage":7.0,"enemies":"Jaw Worm","floor":3.0,"turns":2.0},{"damage":0.0,"enemies":"Cultist","floor":4.0,"turns":2.0},{"damage":11.0,"enemies":"Gremlin Nob","floor":7.0,"turns":3.0},{"damage":6.0,"enemies":"Exordium Wildlife","floor":10.0,"turns":3.0},{"damage":14.0,"enemies":"Lagavulin","floor":12.0,"turns":7.0},{"damage":3,"enemies":"Gremlin Gang","floor":14,"turns":4},{"damage":53,"enemies":"Slime Boss","floor":16,"turns":8}],"seed_played":"8748087334067088478","potions_obtained":[{"floor":1.0,"key":"SpeedPotion"},{"floor":10.0,"key":"FearPotion"},{"floor":12.0,"key":"Strength Potion"},{"floor":14,"key":"Poison Potion"}],"is_trial":false,"path_per_floor":["M","?","M","M","?","R","E","R","T","M","R","E","R","M","R","B"],"character_chosen":"DEFECT","items_purchased":[],"campfire_rested":2,"item_purchase_floors":[],"current_hp_per_floor":[50,50,43,43,43,43,32,32,32,26,47,33,33,30,51,0],"gold":141,"neow_bonus":"ONE_RARE_RELIC","is_prod":false,"is_daily":false,"chose_seed":false,"campfire_upgraded":3,"win_rate":0,"timestamp":1547686538,"path_taken":["M","?","M","M","?","R","E","R","T","M","R","E","R","M","R","BOSS"],"build_version":"2019-01-10","purchased_purges":0,"victory":false,"max_hp_per_floor":[71,71,71,71,71,71,71,71,71,71,71,71,71,71,71,71],"card_choices":[{"not_picked":["Reinforced Body","Go for the Eyes"],"picked":"Ball Lightning","floor":1.0},{"not_picked":["Static Discharge","Chill"],"picked":"Chaos","floor":3.0},{"not_picked":["Chaos","Leap"],"picked":"Compile Driver","floor":4.0},{"not_picked":["Hello World","Melter"],"picked":"Storm","floor":7.0},{"not_picked":["Auto Shields","Sweeping Beam"],"picked":"Heatsinks+1","floor":10.0},{"not_picked":["Aggregate","Double Energy","Rainbow"],"picked":"SKIP","floor":12.0},{"not_picked":["Ball Lightning","Scrape","Compile Driver"],"picked":"SKIP","floor":14}],"player_experience":466747,"relics_obtained":[{"floor":7.0,"key":"Frozen Egg 2"},{"floor":9.0,"key":"Kunai"},{"floor":12.0,"key":"Whetstone"}],"event_choices":[{"damage_healed":0.0,"max_hp_gain":0.0,"max_hp_loss":0.0,"gold_gain":0.0,"event_name":"The Cleric","player_choice":"Leave","floor":2.0,"gold_loss":0.0,"damage_taken":0.0},{"cards_removed":["Strike_B"],"damage_healed":0.0,"max_hp_gain":0.0,"max_hp_loss":0.0,"gold_gain":0.0,"event_name":"Purifier","player_choice":"Purged","floor":5.0,"gold_loss":0.0,"damage_taken":0.0}],"is_beta":false,"boss_relics":[],"items_purged_floors":[],"is_endless":false,"potions_floor_spawned":[1,10,12,14],"killed_by":"Slime Boss","ascension_level":20}