{"gold_per_floor":[118,134,134,209,223,223,256,278,315,327,353,390,413,437,449,560,572,598,610,622,634,646],"floor_reached":22,"playtime":2409,"items_purged":[],"score":211,"play_id":"abbc8c14-6972-42b5-8409-8b58e7f2546d","local_time":"20190323183022","is_ascension_mode":false,"campfire_choices":[{"floor":6,"key":"REST"},{"floor":10,"key":"REST"},{"floor":15,"key":"REST"}],"neow_cost":"NONE","seed_source_timestamp":1269759954909,"circlet_count":0,"master_deck":["Defend_G","Defend_G","Defend_G","Defend_G","Defend_G","Survivor","Neutralize","Phantasmal Killer","Bouncing Flask","Dagger Throw","PiercingWail","Backflip","Envenom","Dagger Spray","Poisoned Stab","Deadly Poison","Crippling Poison","Caltrops","Leg Sweep","Heel Hook","Venomology+1","Riddle With Holes+1","RitualDagger","Bite","Bite","Bite","Bite","Bite"],"relics":["Ring of the Snake","MawBank","Dream Catcher","Odd Mushroom","HoveringKite"],"potions_floor_usage":[16,16,18],"damage_taken":[{"damage":7,"enemies":"Jaw Worm","floor":1,"turns":3},{"damage":6,"enemies":"2 Louse","floor":2,"turns":3},{"damage":0,"enemies":"Cultist","floor":5,"turns":3},{"damage":30,"enemies":"3 Sentries","floor":7,"turns":11},{"damage":7,"enemies":"Blue Slaver","floor":8,"turns":3},{"damage":3,"enemies":"3 Louse","floor":11,"turns":3},{"damage":15,"enemies":"The Mushroom Lair","floor":12,"turns":5},{"damage":15,"enemies":"Lots of Slimes","floor":13,"turns":4},{"damage":7,"enemies":"Blue Slaver","floor":14,"turns":3},{"damage":12,"enemies":"Hexaghost","floor":16,"turns":9},{"damage":1,"enemies":"Chosen","floor":18,"turns":4},{"damage":0,"enemies":"3 Byrds","floor":22,"turns":2}],"seed_played":"5076004801303705921","potions_obtained":[{"floor":1,"key":"LiquidBronze"},{"floor":2,"key":"Weak Potion"},{"floor":7,"key":"Regen Potion"},{"floor":14,"key":"GhostInAJar"}],"is_trial":false,"path_per_floor":["?","?","?","M","M","?","?","?"],"character_chosen":"THE_SILENT","items_purchased":[],"campfire_rested":3,"item_purchase_floors":[],"current_hp_per_floor":[63,57,57,46,46,67,37,30,30,51,48,33,18,11,32,20,70,69,63,49,49,49],"gold":646,"neow_bonus":"ONE_RANDOM_RARE_CARD","is_prod":false,"is_daily":false,"chose_seed":false,"campfire_upgraded":0,"win_rate":0.0,"timestamp":1553380222,"path_taken":["M","M","?","?","M","R","E","M","T","R","M","?","?","?","R","BOSS","M","?","?","?","M"],"build_version":"2019-01-23","purchased_purges":0,"victory":false,"max_hp_per_floor":[70,70,70,70,70,70,70,70,70,70,70,70,70,70,70,70,70,70,70,49,49,49],"card_choices":[{"not_picked":["Eviscerate","Deflect"],"picked":"Bouncing Flask","floor":1},{"not_picked":["Finisher","Dagger Spray"],"picked":"Dagger Throw","floor":2},{"not_picked":["Dagger Spray","Distraction"],"picked":"Backflip","floor":5},{"not_picked":["Catalyst","Backflip"],"picked":"Envenom","floor":7},{"not_picked":["Slice","Sucker Punch"],"picked":"Dagger Spray","floor":8},{"not_picked":["Prepared","Acrobatics"],"picked":"Poisoned Stab","floor":10},{"not_picked":["Slice","Acrobatics"],"picked":"Deadly Poison","floor":11},{"not_picked":["Flying Knee","Escape Plan"],"picked":"Crippling Poison","floor":12},{"not_picked":["Endless Agony","Backflip"],"picked":"Caltrops","floor":13},{"not_picked":["Wraith Form v2","Underhanded Strike"],"picked":"Leg Sweep","floor":14},{"not_picked":["Slice","Masterful Stab"],"picked":"Heel Hook","floor":15},{"not_picked":["Wraith Form v2","Bullet Time"],"picked":"Venomology","floor":16},{"not_picked":["Deadly Poison","All Out Attack"],"picked":"Riddle With Holes+1","floor":18}],"player_experience":24189,"relics_obtained":[{"floor":7,"key":"MawBank"},{"floor":9,"key":"Dream Catcher"},{"floor":12,"key":"Odd Mushroom"}],"event_choices":[{"damage_healed":0,"gold_gain":0,"cards_transformed":["Strike_G"],"player_choice":"Change","damage_taken":0,"max_hp_gain":0,"max_hp_loss":0,"event_name":"Living Wall","floor":3,"gold_loss":0,"cards_obtained":["PiercingWail"]},{"damage_healed":0,"gold_gain":75,"player_choice":"Gather Gold","damage_taken":11,"max_hp_gain":0,"max_hp_loss":0,"event_name":"World of Goop","floor":4,"gold_loss":0},{"damage_healed":0,"gold_gain":0,"player_choice":"Fought Mushrooms","damage_taken":0,"max_hp_gain":0,"max_hp_loss":0,"event_name":"Mushrooms","floor":12,"gold_loss":0},{"damage_healed":0,"gold_gain":0,"player_choice":"Joined the Cult","damage_taken":6,"max_hp_gain":0,"max_hp_loss":0,"event_name":"Nest","floor":19,"gold_loss":0,"cards_obtained":["RitualDagger"]},{"damage_healed":0,"gold_gain":0,"player_choice":"Became a vampire","damage_taken":0,"max_hp_gain":0,"max_hp_loss":21,"event_name":"Vampires","floor":20,"gold_loss":0,"cards_obtained":["Bite","Bite","Bite","Bite","Bite"]},{"damage_healed":0,"gold_gain":0,"player_choice":"Upgraded","damage_taken":0,"max_hp_gain":0,"max_hp_loss":0,"event_name":"Upgrade Shrine","floor":21,"gold_loss":0,"cards_upgraded":["Venomology"]}],"is_beta":false,"boss_relics":[{"not_picked":["Lizard Tail","Empty Cage"],"picked":"HoveringKite"}],"items_purged_floors":[],"is_endless":false,"potions_floor_spawned":[1,2,7,14],"killed_by":"3 Byrds","ascension_level":0}