{"gold_per_floor":[115,115,115,115,127,160,160,195,195,205,155,155,165,165,165,263,263,275,374,393,393,405,405],"floor_reached":23,"playtime":1282,"items_purged":[],"score":318,"play_id":"84b77fd9-ddc4-4bcf-8317-6b6bdd493afe","local_time":"20190420212233","is_ascension_mode":true,"campfire_choices":[{"floor":7,"key":"REST"},{"data":"Uppercut","floor":12,"key":"SMITH"},{"floor":15,"key":"REST"}],"neow_cost":"NONE","seed_source_timestamp":692453921905600,"circlet_count":0,"master_deck":["AscendersBane","Strike_R","Strike_R","Strike_R","Defend_R","Defend_R","Defend_R","Defend_R","Bash","Offering","Armaments+1","Spot Weakness","Exhume","Uppercut+1","Disarm","Shockwave","Demon Form","True Grit+1"],"relics":["Burning Blood","Mercury Hourglass","Du-Vu Doll","Bottled Flame","Runic Dome"],"potions_floor_usage":[13,22,23],"damage_taken":[{"damage":2,"enemies":"2 Louse","floor":1,"turns":4},{"damage":9,"enemies":"Small Slimes","floor":5,"turns":8},{"damage":49,"enemies":"Lagavulin","floor":6,"turns":10},{"damage":37,"enemies":"Gremlin Nob","floor":8,"turns":4},{"damage":4,"enemies":"Jaw Worm","floor":10,"turns":3},{"damage":12,"enemies":"Lots of Slimes","floor":13,"turns":3},{"damage":24,"enemies":"The Guardian","floor":16,"turns":11},{"damage":32,"enemies":"3 Byrds","floor":18,"turns":5},{"damage":31,"enemies":"Spheric Guardian","floor":20,"turns":6},{"damage":1,"enemies":"Snecko","floor":22,"turns":6},{"damage":25,"enemies":"Slavers","floor":23,"turns":1}],"seed_played":"2931984438076757284","potions_obtained":[{"floor":8,"key":"GamblersBrew"},{"floor":16,"key":"Energy Potion"},{"floor":22,"key":"Strength Potion"}],"is_trial":false,"path_per_floor":["M","?","?","?","M","E","R","E","T","M","?","R","M","?","R","B",null,"M","?","M","?","M","E"],"character_chosen":"IRONCLAD","items_purchased":[],"campfire_rested":2,"item_purchase_floors":[],"current_hp_per_floor":[76,76,76,69,66,23,47,16,16,18,18,18,12,12,36,18,65,39,39,14,14,19,0],"gold":405,"neow_bonus":"ONE_RANDOM_RARE_CARD","is_prod":false,"is_daily":false,"chose_seed":false,"campfire_upgraded":1,"win_rate":0,"timestamp":1555788153,"path_taken":["M","?","?","?","M","E","R","E","T","M","?","R","M","?","R","BOSS","M","?","M","?","M","E"],"build_version":"2019-01-23","purchased_purges":0,"victory":false,"max_hp_per_floor":[80,80,80,80,80,80,80,80,80,80,80,80,80,80,80,80,80,80,80,80,80,80,80],"card_choices":[{"not_picked":["Cleave","Body Slam"],"picked":"Armaments","floor":1},{"not_picked":["Body Slam","Pommel Strike"],"picked":"Spot Weakness","floor":5},{"not_picked":["Twin Strike","Bloodletting"],"picked":"Exhume","floor":6},{"not_picked":["Anger","Heavy Blade"],"picked":"Uppercut","floor":8},{"not_picked":["Combust","Corruption"],"picked":"Disarm","floor":10},{"not_picked":["Flex","Pommel Strike"],"picked":"Shockwave","floor":13},{"not_picked":["Bludgeon","Double Tap"],"picked":"Demon Form","floor":16},{"not_picked":["Shockwave","Body Slam"],"picked":"True Grit","floor":18},{"not_picked":["True Grit","Power Through","Warcry"],"picked":"SKIP","floor":20},{"not_picked":["Clothesline","Seeing Red","Thunderclap+1"],"picked":"SKIP","floor":22}],"player_experience":230964,"relics_obtained":[{"floor":6,"key":"Mercury Hourglass"},{"floor":8,"key":"Du-Vu Doll"},{"floor":9,"key":"Bottled Flame"}],"event_choices":[{"damage_healed":0,"gold_gain":0,"player_choice":"Ignored","damage_taken":0,"max_hp_gain":0,"max_hp_loss":0,"event_name":"Liars Game","floor":2,"gold_loss":0},{"damage_healed":0,"gold_gain":0,"player_choice":"Grow","damage_taken":0,"max_hp_gain":0,"max_hp_loss":0,"event_name":"Living Wall","floor":3,"gold_loss":0,"cards_upgraded":["Armaments"]},{"cards_removed":["Strike_R"],"damage_healed":0,"gold_gain":0,"player_choice":"Card Removal","damage_taken":7,"max_hp_gain":0,"max_hp_loss":0,"event_name":"Golden Wing","floor":4,"gold_loss":0},{"cards_removed":["Strike_R"],"damage_healed":0,"gold_gain":0,"player_choice":"Card Removal","damage_taken":0,"max_hp_gain":0,"max_hp_loss":0,"event_name":"The Cleric","floor":11,"gold_loss":50},{"damage_healed":0,"gold_gain":0,"player_choice":"Ignored","damage_taken":0,"max_hp_gain":0,"max_hp_loss":0,"event_name":"Shining Light","floor":14,"gold_loss":0},{"damage_healed":0,"gold_gain":99,"player_choice":"Stole From Cult","damage_taken":0,"max_hp_gain":0,"max_hp_loss":0,"event_name":"Nest","floor":19,"gold_loss":0},{"damage_healed":0,"gold_gain":0,"player_choice":"Upgraded","damage_taken":0,"max_hp_gain":0,"max_hp_loss":0,"event_name":"Upgrade Shrine","floor":21,"gold_loss":0,"cards_upgraded":["True Grit"]}],"is_beta":false,"boss_relics":[{"not_picked":["Eternal Feather","Calling Bell"],"picked":"Runic Dome"}],"items_purged_floors":[],"is_endless":false,"potions_floor_spawned":[8,16,22],"killed_by":"Slavers","ascension_level":12}