{"gold_per_floor":[112,126,126,137,137,169,169,169,243,254,29,44,44,63,63,63],"floor_reached":16,"playtime":933,"items_purged":["Static Discharge"],"score":102,"play_id":"8805e728-708e-44d3-8135-f4232338c956","local_time":"20190329221928","is_ascension_mode":false,"campfire_choices":[{"data":"Neutralize","floor":8,"key":"SMITH"},{"floor":15,"key":"RECALL"}],"neow_cost":"NONE","seed_source_timestamp":2574316634971,"circlet_count":0,"master_deck":["Defend_G","Defend_G","Defend_G","Defend_G","Defend_G","Strike_G","Strike_G","Strike_G","Strike_G","Survivor","Neutralize+1","Dodge and Roll","Acrobatics","Flying Knee","Dagger Spray","Quick Slash"],"relics":["Coffee Dripper","Ginger","Thread and Needle","Pear","Vajra"],"potions_floor_usage":[],"damage_taken":[{"damage":0,"enemies":"2 Louse","floor":1,"turns":4},{"damage":0,"enemies":"Cultist","floor":2,"turns":5},{"damage":2,"enemies":"Jaw Worm","floor":4,"turns":6},{"damage":23,"enemies":"3 Sentries","floor":6,"turns":13},{"damage":0,"enemies":"Blue Slaver","floor":10,"turns":4},{"damage":1,"enemies":"Lots of Slimes","floor":12,"turns":3},{"damage":0,"enemies":"2 Fungi Beasts","floor":14,"turns":2},{"damage":51,"enemies":"Hexaghost","floor":16,"turns":16}],"seed_played":"5783422733383574187","potions_obtained":[{"floor":1,"key":"FearPotion"},{"floor":12,"key":"FearPotion"}],"is_trial":false,"path_per_floor":["?","M","?","T","M","?"],"character_chosen":"THE_SILENT","items_purchased":["Vajra"],"campfire_rested":0,"item_purchase_floors":[11],"current_hp_per_floor":[70,70,70,68,68,45,45,45,55,55,55,54,47,47,47,0],"gold":63,"neow_bonus":"BOSS_RELIC","is_prod":false,"is_daily":false,"chose_seed":false,"campfire_upgraded":1,"win_rate":0,"timestamp":1553912368,"path_taken":["M","M","?","?","?","E","?","R","T","?","$","M","?","M","R","BOSS"],"build_version":"2019-01-23","purchased_purges":1,"victory":false,"max_hp_per_floor":[70,70,70,70,70,70,70,70,80,80,80,80,80,80,80,80],"card_choices":[{"not_picked":["Tactician","Bane"],"picked":"Dodge and Roll","floor":1},{"not_picked":["PiercingWail","Acrobatics"],"picked":"Well Laid Plans","floor":2},{"not_picked":["Outmaneuver","Phantasmal Killer"],"picked":"Acrobatics","floor":4},{"not_picked":["Infinite Blades","Escape Plan"],"picked":"Flying Knee","floor":6},{"not_picked":["Sucker Punch","Expertise"],"picked":"Dagger Spray","floor":10},{"not_picked":["Blade Dance","Deadly Poison"],"picked":"Quick Slash","floor":12},{"not_picked":["Prepared","Accuracy","Reflex"],"picked":"SKIP","floor":14}],"player_experience":85841,"relics_obtained":[{"floor":6,"key":"Ginger"},{"floor":7,"key":"Thread and Needle"},{"floor":9,"key":"Pear"}],"event_choices":[{"cards_removed":["Well Laid Plans"],"damage_healed":0,"gold_gain":0,"player_choice":"Took Card","damage_taken":0,"max_hp_gain":0,"max_hp_loss":0,"event_name":"NoteForYourself","floor":3,"gold_loss":0,"cards_obtained":["Static Discharge"]},{"damage_healed":0,"gold_gain":0,"player_choice":"Fled","damage_taken":0,"max_hp_gain":0,"max_hp_loss":0,"event_name":"Scrap Ooze","floor":5,"gold_loss":0},{"cards_removed":["Strike_G"],"damage_healed":0,"gold_gain":0,"player_choice":"Card Removal","damage_taken":7,"max_hp_gain":0,"max_hp_loss":0,"event_name":"Golden Wing","floor":13,"gold_loss":0}],"is_beta":false,"boss_relics":[],"items_purged_floors":[11],"is_endless":false,"potions_floor_spawned":[1,12],"killed_by":"Hexaghost","ascension_level":0}