{"gold_per_floor":[117,132,132,59,59,59,97,97,97,120,139,159,159,190,190,310,310,329,329,329,342,356,381,381,393,417,417,332,153,184,202,202,299,299,316,216,227,227,242,242,267,267,290,300,300,300,333,345,345,345],"floor_reached":51,"playtime":3970,"items_purged":["Defend_B","Defend_B"],"score":919,"play_id":"066460b8-8499-42d8-9158-e7edad7d6d52","local_time":"20190218210505","is_ascension_mode":true,"campfire_choices":[{"data":"Dualcast","floor":6.0,"key":"SMITH"},{"data":"Cold Snap","floor":8.0,"key":"SMITH"},{"floor":15.0,"key":"REST"},{"floor":24.0,"key":"REST"},{"data":"Darkness","floor":27.0,"key":"SMITH"},{"floor":32.0,"key":"REST"},{"data":"Meteor Strike","floor":40,"key":"SMITH"},{"data":"Capacitor","floor":46,"key":"SMITH"},{"floor":49,"key":"REST"}],"neow_cost":"NONE","seed_source_timestamp":0,"circlet_count":0,"master_deck":["Strike_B+1","Defend_B+1","Zap+1","Dualcast+1","Leap","Compile Driver+1","Chill+1","Cold Snap+1","Fusion+1","Darkness+1","Capacitor+1","Conserve Battery","Sunder+1","Meteor Strike+1","Glacier+1","Finesse","Panacea","Coolheaded+1"],"special_seed":0,"relics":["Cracked Core","Bloody Idol","War Paint","Happy Flower","Centennial Puzzle","Runic Pyramid","Bag of Preparation","Whetstone","Cables","Question Card","Empty Cage","Mercury Hourglass","Regal Pillow","Singing Bowl"],"potions_floor_usage":[39,41,50],"damage_taken":[{"damage":0.0,"enemies":"2 Louse","floor":1.0,"turns":3.0},{"damage":2.0,"enemies":"Jaw Worm","floor":2.0,"turns":3.0},{"damage":9.0,"enemies":"3 Sentries","floor":7.0,"turns":9.0},{"damage":0.0,"enemies":"Small Slimes","floor":10.0,"turns":2.0},{"damage":0.0,"enemies":"Exordium Wildlife","floor":11.0,"turns":4.0},{"damage":0.0,"enemies":"Exordium Thugs","floor":12.0,"turns":4.0},{"damage":0.0,"enemies":"Gremlin Nob","floor":14.0,"turns":3.0},{"damage":0.0,"enemies":"Slime Boss","floor":16.0,"turns":6.0},{"damage":0.0,"enemies":"Chosen","floor":18.0,"turns":4.0},{"damage":0.0,"enemies":"3 Byrds","floor":21.0,"turns":4.0},{"damage":0.0,"enemies":"Centurion and Healer","floor":22.0,"turns":5.0},{"damage":48.0,"enemies":"Gremlin Leader","floor":23.0,"turns":11.0},{"damage":4.0,"enemies":"Snake Plant","floor":25.0,"turns":4.0},{"damage":14.0,"enemies":"Book of Stabbing","floor":30.0,"turns":5.0},{"damage":0.0,"enemies":"Cultist and Chosen","floor":31.0,"turns":6.0},{"damage":18.0,"enemies":"Champ","floor":33.0,"turns":8.0},{"damage":2.0,"enemies":"Orb Walker","floor":35.0,"turns":3.0},{"damage":9,"enemies":"3 Darklings","floor":37,"turns":4},{"damage":4,"enemies":"4 Shapes","floor":39,"turns":4},{"damage":5,"enemies":"Reptomancer","floor":41,"turns":6},{"damage":0,"enemies":"Writhing Mass","floor":44,"turns":4},{"damage":15,"enemies":"Giant Head","floor":47,"turns":6},{"damage":7,"enemies":"Spire Growth","floor":48,"turns":4},{"damage":35,"enemies":"Time Eater","floor":50,"turns":11}],"seed_played":"-1507730731007318014","potions_obtained":[{"floor":1.0,"key":"FocusPotion"},{"floor":2.0,"key":"SkillPotion"},{"floor":11.0,"key":"PowerPotion"},{"floor":16.0,"key":"Explosive Potion"},{"floor":18.0,"key":"PowerPotion"},{"floor":21.0,"key":"SkillPotion"},{"floor":33.0,"key":"Strength Potion"},{"floor":37,"key":"Poison Potion"},{"floor":44,"key":"FearPotion"},{"floor":48,"key":"Block Potion"}],"is_trial":false,"path_per_floor":["M","M","?","$","?","R","E","R","T","M","M","M","?","E","R","B",null,"M","$","?","M","M","E","R","M","T","R","?","$","E","M","R","B",null,"M","$","M","?","M","R","E","?","T","M","?","R","E","M","R","B",null],"character_chosen":"DEFECT","items_purchased":["Chill","Capacitor","Conserve Battery"],"campfire_rested":4,"item_purchase_floors":[4,29,29],"current_hp_per_floor":[75,73,58,58,58,58,49,49,49,49,49,49,49,49,69,69,69,69,69,69,69,69,26,46,47,52,52,52,52,43,48,68,55,69,69,69,65,65,66,66,66,56,61,66,66,66,58,56,71,36],"gold":345,"neow_bonus":"TRANSFORM_CARD","is_prod":false,"is_daily":false,"chose_seed":false,"campfire_upgraded":5,"win_rate":0,"timestamp":1550541905,"path_taken":["M","M","?","$","?","R","E","R","T","M","?","M","?","E","R","BOSS","M","$","?","M","M","E","R","M","T","R","?","?","E","?","R","BOSS","M","$","M","?","M","R","E","?","T","M","?","R","E","M","R","BOSS"],"build_version":"2019-01-23","purchased_purges":2,"victory":true,"max_hp_per_floor":[75,75,75,75,69,69,69,69,69,69,69,69,69,69,69,69,69,69,69,69,69,69,69,69,69,69,69,69,69,69,69,69,69,69,69,69,69,69,69,69,69,69,69,69,69,69,71,71,71,71],"card_choices":[{"not_picked":["Darkness","Gash","Leap"],"picked":"SKIP","floor":1.0},{"not_picked":["Turbo","Cold Snap"],"picked":"Compile Driver","floor":2.0},{"not_picked":["Sweeping Beam","Genetic Algorithm"],"picked":"Cold Snap","floor":7.0},{"not_picked":["Gash","Steam","Sunder"],"picked":"SKIP","floor":10.0},{"not_picked":["Rebound","Compile Driver","Coolheaded"],"picked":"SKIP","floor":11.0},{"not_picked":["Streamline","Rip and Tear"],"picked":"Fusion","floor":12.0},{"not_picked":["Self Repair","Steam"],"picked":"Darkness","floor":14.0},{"not_picked":["Beam Cell","Stack+1","Storm"],"picked":"SKIP","floor":18.0},{"not_picked":["Ball Lightning","Hologram","BootSequence"],"picked":"SKIP","floor":21.0},{"not_picked":["Conserve Battery","Skim+1","Auto Shields"],"picked":"SKIP","floor":22.0},{"not_picked":["Conserve Battery","Skim+1","Auto Shields"],"picked":"SKIP","floor":22.0},{"not_picked":["Gash","Stack","Aggregate+1"],"picked":"SKIP","floor":23.0},{"not_picked":["Steam","Barrage+1","Buffer"],"picked":"SKIP","floor":25.0},{"not_picked":["Conserve Battery+1","Go for the Eyes"],"picked":"Sunder+1","floor":30.0},{"not_picked":["Go for the Eyes","Hologram+1","Steam+1","Cold Snap"],"picked":"SKIP","floor":31.0},{"not_picked":["Multi-Cast","All For One","Creative AI"],"picked":"Meteor Strike","floor":33.0},{"not_picked":["Cold Snap+1","Streamline+1","Steam","Force Field+1"],"picked":"SKIP","floor":35.0},{"not_picked":["Stack+1","Turbo+1","Sunder","Rebound+1"],"picked":"SKIP","floor":37},{"not_picked":["Ball Lightning","Biased Cognition","Rebound"],"picked":"Glacier+1","floor":39},{"not_picked":["Lockon+1","Conserve Battery+1","Beam Cell+1","Redo+1"],"picked":"SKIP","floor":41},{"not_picked":["Trip","Impatience","Mayhem"],"picked":"Finesse","floor":42},{"not_picked":["Mind Blast","Discovery","The Bomb"],"picked":"Panacea","floor":42},{"not_picked":["Static Discharge+1","Sunder+1","Hologram","Stack"],"picked":"SKIP","floor":44},{"not_picked":["Go for the Eyes+1","Cold Snap","Sunder+1","Consume+1"],"picked":"Singing Bowl","floor":47},{"not_picked":["Rebound","Self Repair","Gash+1"],"picked":"Coolheaded+1","floor":48}],"player_experience":808565,"relics_obtained":[{"floor":7.0,"key":"War Paint"},{"floor":9.0,"key":"Happy Flower"},{"floor":14.0,"key":"Centennial Puzzle"},{"floor":23.0,"key":"Bag of Preparation"},{"floor":26.0,"key":"Whetstone"},{"floor":30.0,"key":"Question Card"},{"floor":41,"key":"Mercury Hourglass"},{"floor":43,"key":"Regal Pillow"},{"floor":47,"key":"Singing Bowl"}],"event_choices":[{"damage_healed":0.0,"max_hp_gain":0.0,"max_hp_loss":0.0,"gold_gain":0.0,"event_name":"Shining Light","player_choice":"Entered Light","floor":3.0,"gold_loss":0.0,"damage_taken":15.0,"cards_upgraded":["Compile Driver","Zap"]},{"damage_healed":0.0,"max_hp_gain":0.0,"max_hp_loss":6.0,"gold_gain":0.0,"event_name":"Golden Idol","player_choice":"Lose Max HP","floor":5.0,"gold_loss":0.0,"damage_taken":0.0,"relics_obtained":["Golden Idol"]},{"damage_healed":0.0,"max_hp_gain":0.0,"max_hp_loss":0.0,"gold_gain":0.0,"event_name":"Living Wall","player_choice":"Grow","floor":13.0,"gold_loss":0.0,"damage_taken":0.0,"cards_upgraded":["Fusion"]},{"damage_healed":0.0,"max_hp_gain":0.0,"max_hp_loss":0.0,"gold_gain":0.0,"event_name":"Forgotten Altar","player_choice":"Gave Idol","floor":20.0,"relics_lost":["Golden Idol"],"gold_loss":0.0,"damage_taken":0.0,"relics_obtained":["Bloody Idol"]},{"damage_healed":0.0,"max_hp_gain":0.0,"max_hp_loss":0.0,"gold_gain":0.0,"event_name":"Addict","player_choice":"Obtained Relic","floor":28.0,"gold_loss":85.0,"damage_taken":0.0,"relics_obtained":["Cables"]},{"damage_healed":0,"gold_gain":0,"player_choice":"Ignored","damage_taken":0,"max_hp_gain":0,"max_hp_loss":0,"event_name":"Tomb of Lord Red Mask","floor":38,"gold_loss":0},{"damage_healed":0,"gold_gain":0,"player_choice":"Memory 3","damage_taken":10,"max_hp_gain":0,"max_hp_loss":0,"event_name":"SensoryStone","floor":42,"gold_loss":0},{"cards_removed":["Strike_B"],"damage_healed":0,"gold_gain":0,"player_choice":"Removed Attack","damage_taken":0,"max_hp_gain":0,"max_hp_loss":0,"event_name":"Falling","floor":45,"gold_loss":0}],"is_beta":false,"boss_relics":[{"not_picked":["Velvet Choker","White Beast Statue"],"picked":"Runic Pyramid"},{"not_picked":["Eternal Feather","Philosopher\u0027s Stone"],"picked":"Empty Cage"}],"items_purged_floors":[29,36],"is_endless":false,"potions_floor_spawned":[1,2,11,16,18,21,33,37,44,48],"ascension_level":1}