{"gold_per_floor":[111,126,146,156,156,181,181,191,191,191,209,134,309,344,344,344],"floor_reached":16,"playtime":1068,"items_purged":["Defend_R"],"score":112,"play_id":"586592ab-d544-4347-875d-c11970bafa72","local_time":"20190322230055","is_ascension_mode":false,"campfire_choices":[{"data":"Armaments","floor":7,"key":"SMITH"},{"data":"True Grit","floor":10,"key":"SMITH"},{"floor":15,"key":"REST"}],"neow_cost":"NONE","seed_source_timestamp":261468754640668,"circlet_count":0,"master_deck":["Strike_R","Strike_R","Strike_R","Strike_R","Defend_R","Defend_R","Defend_R","Bash","Disarm","True Grit+1","Feel No Pain+1","Spot Weakness","Pummel","Armaments+1","Disarm","Uppercut","Doubt","Limit Break","Carnage"],"relics":["Burning Blood","Dream Catcher","Thread and Needle","Shuriken"],"potions_floor_usage":[6,14,16],"damage_taken":[{"damage":8,"enemies":"Cultist","floor":1,"turns":5},{"damage":7,"enemies":"Jaw Worm","floor":2,"turns":7},{"damage":0,"enemies":"Small Slimes","floor":3,"turns":4},{"damage":11,"enemies":"Looter","floor":4,"turns":3},{"damage":9,"enemies":"3 Sentries","floor":6,"turns":13},{"damage":14,"enemies":"Blue Slaver","floor":8,"turns":5},{"damage":4,"enemies":"Red Slaver","floor":11,"turns":2},{"damage":44,"enemies":"Gremlin Nob","floor":14,"turns":5},{"damage":54,"enemies":"Slime Boss","floor":16,"turns":10}],"seed_played":"-4672563458927417405","potions_obtained":[{"floor":1,"key":"EssenceOfSteel"},{"floor":2,"key":"Ancient Potion"},{"floor":4,"key":"FearPotion"},{"floor":11,"key":"SmokeBomb"}],"is_trial":false,"path_per_floor":["M","M","M","M","?","E","R","M","T","R","M","$","?","E","R","B"],"character_chosen":"IRONCLAD","items_purchased":[],"campfire_rested":1,"item_purchase_floors":[],"current_hp_per_floor":[78,77,80,75,75,72,72,64,64,64,66,66,66,28,52,0],"gold":344,"neow_bonus":"TRANSFORM_CARD","is_prod":false,"is_daily":false,"chose_seed":false,"campfire_upgraded":2,"win_rate":0,"timestamp":1553313655,"path_taken":["M","M","?","M","?","E","R","M","T","R","M","$","?","E","R","BOSS"],"build_version":"2019-01-23","purchased_purges":1,"victory":false,"max_hp_per_floor":[80,80,80,80,80,80,80,80,80,80,80,80,80,80,80,80],"card_choices":[{"not_picked":["Shockwave","Iron Wave"],"picked":"True Grit","floor":1},{"not_picked":["Metallicize","Iron Wave"],"picked":"Feel No Pain","floor":2},{"not_picked":["Twin Strike","Body Slam"],"picked":"Spot Weakness","floor":3},{"not_picked":["Cleave","Reckless Charge"],"picked":"Pummel","floor":4},{"not_picked":["Flex","Burning Pact"],"picked":"Armaments","floor":6},{"not_picked":["Evolve","Rupture"],"picked":"Disarm","floor":8},{"not_picked":["Iron Wave","Clothesline"],"picked":"Uppercut","floor":11},{"not_picked":["Pummel","Seeing Red"],"picked":"Limit Break","floor":14},{"not_picked":["Sword Boomerang","Hemokinesis"],"picked":"Carnage","floor":15}],"player_experience":108215,"relics_obtained":[{"floor":6,"key":"Dream Catcher"},{"floor":9,"key":"Thread and Needle"},{"floor":14,"key":"Shuriken"}],"event_choices":[{"damage_healed":0,"gold_gain":0,"player_choice":"Grow","damage_taken":0,"max_hp_gain":0,"max_hp_loss":0,"event_name":"Living Wall","floor":5,"gold_loss":0,"cards_upgraded":["Feel No Pain"]},{"damage_healed":0,"gold_gain":175,"player_choice":"AGREE","damage_taken":0,"max_hp_gain":0,"max_hp_loss":0,"event_name":"Liars Game","floor":13,"gold_loss":0,"cards_obtained":["Doubt"]}],"is_beta":false,"boss_relics":[],"items_purged_floors":[12],"is_endless":false,"potions_floor_spawned":[1,2,4,11],"killed_by":"Slime Boss","ascension_level":0}