{"gold_per_floor":[111,111,122,136,147,172,172,199,252,252,252,279,298,5,5,76,126,143,159,0,17,36,36,46,46,46,2,2,16,36,86,86,162,162,178,98,98,98,108,108,141,141,141,168,168,58,78,89,89,89],"floor_reached":50,"playtime":2710,"items_purged":["Strike_B"],"score":1044,"play_id":"a7064252-1ac5-42b3-94ac-1c7a3880f335","local_time":"20190118170334","is_ascension_mode":true,"campfire_choices":[{"data":"Barrage","floor":7.0,"key":"SMITH"},{"floor":15.0,"key":"REST"},{"floor":28.0,"key":"REST"},{"floor":32,"key":"REST"},{"floor":40,"key":"REST"},{"floor":42,"key":"REST"},{"floor":45,"key":"RECALL"},{"floor":49,"key":"REST"}],"neow_cost":"NONE","seed_source_timestamp":705311955318897,"circlet_count":0,"master_deck":["AscendersBane","Strike_B+1","Strike_B","Defend_B+1","Defend_B","Defend_B","Zap+1","Dualcast+1","Ball Lightning","Barrage+1","Ball Lightning","Defragment","Defragment+1","Seek","Cold Snap","Conserve Battery","Coolheaded","Thunder Strike","Glacier","Hologram+1","Steam","Loop","Loop+1","Force Field","Electrodynamics","Capacitor","Chaos+1","Skim+1","Go for the Eyes+1","Force Field","Coolheaded"],"special_seed":0,"relics":["Cracked Core","Vajra","Regal Pillow","Tiny Chest","DataDisk","PreservedInsect","Tiny House","Mummified Hand","Fusion Hammer","Blood Vial","Frozen Egg 2","Bird Faced Urn"],"potions_floor_usage":[41,50,50],"damage_taken":[{"damage":0.0,"enemies":"Small Slimes","floor":1.0,"turns":2.0},{"damage":1.0,"enemies":"Cultist","floor":3.0,"turns":3.0},{"damage":9.0,"enemies":"2 Louse","floor":4.0,"turns":2.0},{"damage":12.0,"enemies":"2 Fungi Beasts","floor":5.0,"turns":3.0},{"damage":5.0,"enemies":"3 Sentries","floor":6.0,"turns":3.0},{"damage":8.0,"enemies":"Gremlin Nob","floor":8.0,"turns":3.0},{"damage":17.0,"enemies":"3 Sentries","floor":12.0,"turns":4.0},{"damage":3.0,"enemies":"3 Louse","floor":13.0,"turns":2.0},{"damage":1.0,"enemies":"The Guardian","floor":16.0,"turns":8.0},{"damage":19.0,"enemies":"Shell Parasite","floor":18.0,"turns":5.0},{"damage":18.0,"enemies":"2 Thieves","floor":19.0,"turns":4.0},{"damage":0.0,"enemies":"Snecko","floor":21.0,"turns":5.0},{"damage":28.0,"enemies":"Centurion and Healer","floor":22.0,"turns":7.0},{"damage":3.0,"enemies":"Snake Plant","floor":24.0,"turns":4.0},{"damage":0.0,"enemies":"Snecko","floor":29.0,"turns":6.0},{"damage":0,"enemies":"Centurion and Healer","floor":30,"turns":7},{"damage":67,"enemies":"Collector","floor":33,"turns":10},{"damage":19,"enemies":"3 Darklings","floor":35,"turns":3},{"damage":11,"enemies":"Orb Walker","floor":39,"turns":4},{"damage":14,"enemies":"Giant Head","floor":41,"turns":7},{"damage":8,"enemies":"Nemesis","floor":44,"turns":7},{"damage":0,"enemies":"Maw","floor":47,"turns":5},{"damage":0,"enemies":"Sphere and 2 Shapes","floor":48,"turns":3},{"damage":95,"enemies":"Awakened One","floor":50,"turns":8}],"seed_played":"4823467921020329863","potions_obtained":[{"floor":3.0,"key":"PowerPotion"},{"floor":5.0,"key":"Strength Potion"},{"floor":8.0,"key":"Strength Potion"},{"floor":12.0,"key":"FocusPotion"},{"floor":17.0,"key":"PowerPotion"},{"floor":18.0,"key":"Weak Potion"},{"floor":21.0,"key":"Fire Potion"},{"floor":29.0,"key":"SmokeBomb"},{"floor":33,"key":"AttackPotion"},{"floor":41,"key":"SkillPotion"}],"is_trial":false,"path_per_floor":["M","?","M","M","M","E","R","E","T","?","?","E","M","$","R","B",null,"M","M","?","M","M","?","M","$","T","$","R","M","M","?","R","B",null,"M","$","?","$","M","R","E","R","T","E","R","?","M","M","R","B"],"character_chosen":"DEFECT","items_purchased":["Coolheaded","PreservedInsect","Loop","Capacitor"],"campfire_rested":6,"item_purchase_floors":[14,14,27,36],"current_hp_per_floor":[64,64,63,54,42,37,37,29,29,52,31,14,11,11,47,46,70,51,33,33,33,5,5,2,2,2,2,39,39,39,39,76,9,59,40,40,40,40,29,66,52,76,76,68,68,68,76,76,76,0],"gold":89,"neow_bonus":"THREE_CARDS","is_prod":false,"is_daily":false,"chose_seed":false,"campfire_upgraded":1,"win_rate":0,"timestamp":1547827414,"path_taken":["M","?","M","?","M","E","R","E","T","?","?","E","M","$","R","BOSS","M","M","?","M","M","?","M","?","T","?","R","?","M","?","R","BOSS","M","$","?","$","M","R","E","R","T","E","R","?","?","M","R","BOSS"],"build_version":"2019-01-16","purchased_purges":1,"victory":false,"max_hp_per_floor":[71,71,71,71,71,71,71,71,71,71,71,71,71,71,71,71,76,76,76,76,76,76,76,76,76,76,76,76,76,76,76,76,76,76,76,76,76,76,76,76,76,76,76,76,76,76,76,76,76,76],"card_choices":[{"not_picked":["Barrage","Rebound"],"picked":"Ball Lightning","floor":0.0},{"not_picked":["Gash","Doom and Gloom"],"picked":"Barrage","floor":1.0},{"not_picked":["Rebound","Conserve Battery"],"picked":"Ball Lightning","floor":3.0},{"not_picked":["Chaos","Blizzard","Consume"],"picked":"SKIP","floor":4.0},{"not_picked":["Chaos","Capacitor"],"picked":"Defragment","floor":5.0},{"not_picked":["Coolheaded","Consume"],"picked":"Defragment","floor":6.0},{"not_picked":["Heatsinks","Redo"],"picked":"Seek","floor":8.0},{"not_picked":["Sweeping Beam","Self Repair"],"picked":"Cold Snap","floor":12.0},{"not_picked":["Redo","Go for the Eyes"],"picked":"Conserve Battery","floor":13.0},{"not_picked":["Amplify","Hyperbeam"],"picked":"Thunder Strike","floor":16.0},{"not_picked":["Reprogram","Stack"],"picked":"Glacier","floor":17.0},{"not_picked":["Sweeping Beam","Steam Power"],"picked":"Hologram+1","floor":18.0},{"not_picked":["Undo","Doom and Gloom","Gash"],"picked":"SKIP","floor":19.0},{"not_picked":["Rebound","Undo","Sweeping Beam"],"picked":"SKIP","floor":21.0},{"not_picked":["Barrage","Streamline","Darkness"],"picked":"SKIP","floor":22.0},{"not_picked":["Turbo","Gash"],"picked":"Steam","floor":24.0},{"not_picked":["Storm","Scrape"],"picked":"Loop+1","floor":29.0},{"not_picked":["Gash","Genetic Algorithm"],"picked":"Force Field","floor":30},{"not_picked":["Thunder Strike","Core Surge"],"picked":"Electrodynamics","floor":33},{"not_picked":["Rip and Tear","Auto Shields","Sweeping Beam"],"picked":"SKIP","floor":35},{"not_picked":["Streamline","Reprogram"],"picked":"Chaos+1","floor":39},{"not_picked":["Ball Lightning","Rebound+1"],"picked":"Skim+1","floor":41},{"not_picked":["Compile Driver","Turbo"],"picked":"Go for the Eyes+1","floor":44},{"not_picked":["Redo","Lockon"],"picked":"Force Field","floor":47},{"not_picked":["Beam Cell","Streamline"],"picked":"Coolheaded","floor":48}],"player_experience":500552,"relics_obtained":[{"floor":6.0,"key":"Vajra"},{"floor":8.0,"key":"Regal Pillow"},{"floor":9.0,"key":"Tiny Chest"},{"floor":12.0,"key":"DataDisk"},{"floor":26.0,"key":"Mummified Hand"},{"floor":41,"key":"Blood Vial"},{"floor":43,"key":"Frozen Egg 2"},{"floor":44,"key":"Bird Faced Urn"}],"event_choices":[{"damage_healed":0.0,"max_hp_gain":0.0,"max_hp_loss":0.0,"gold_gain":0.0,"event_name":"Upgrade Shrine","player_choice":"Upgraded","floor":2.0,"gold_loss":0.0,"damage_taken":0.0,"cards_upgraded":["Zap"]},{"damage_healed":23.0,"max_hp_gain":0.0,"max_hp_loss":0.0,"gold_gain":0.0,"event_name":"Big Fish","player_choice":"Banana","floor":10.0,"gold_loss":0.0,"damage_taken":0.0},{"damage_healed":0.0,"max_hp_gain":0.0,"max_hp_loss":0.0,"gold_gain":0.0,"event_name":"Shining Light","player_choice":"Entered Light","floor":11.0,"gold_loss":0.0,"damage_taken":21.0,"cards_upgraded":["Defragment","Defend_B"]},{"damage_healed":0.0,"max_hp_gain":0.0,"max_hp_loss":0.0,"gold_gain":0.0,"event_name":"Masked Bandits","player_choice":"Paid Fearfully","floor":20.0,"gold_loss":159.0,"damage_taken":0.0},{"damage_healed":0.0,"max_hp_gain":0.0,"max_hp_loss":0.0,"gold_gain":0.0,"event_name":"Beggar","player_choice":"Ignored","floor":23.0,"gold_loss":0.0,"damage_taken":0.0},{"damage_healed":0,"gold_gain":50,"player_choice":"Stole From Cult","damage_taken":0,"max_hp_gain":0,"max_hp_loss":0,"event_name":"Nest","floor":31,"gold_loss":0},{"cards_removed":["Defend_B"],"damage_healed":0,"gold_gain":0,"player_choice":"Removed Skill","damage_taken":0,"max_hp_gain":0,"max_hp_loss":0,"event_name":"Falling","floor":37,"gold_loss":0},{"cards_removed":["Strike_B"],"damage_healed":0,"gold_gain":0,"player_choice":"Upgrade and Remove","damage_taken":0,"max_hp_gain":0,"max_hp_loss":0,"event_name":"Designer","floor":46,"gold_loss":110,"cards_upgraded":["Strike_B"]}],"is_beta":true,"boss_relics":[{"not_picked":["FrozenCore","Coffee Dripper"],"picked":"Tiny House"},{"not_picked":["Astrolabe","Calling Bell"],"picked":"Fusion Hammer"}],"items_purged_floors":[14],"is_endless":false,"potions_floor_spawned":[3,5,8,12,18,21,22,29,33,39,41,48],"killed_by":"Awakened One","ascension_level":20}