{"gold_per_floor":[117,117,135,135,12,12,31,53,53,86,101,101,101,111,111,208,208,222,237,237,2,2,2,19,39,114,126,126],"floor_reached":28,"playtime":926,"items_purged":[],"score":256,"play_id":"27a6eb0c-6ded-443a-9324-44c0a10a6a17","local_time":"20181211210933","is_ascension_mode":true,"campfire_choices":[{"data":"Zap","floor":6,"key":"SMITH"},{"floor":15,"key":"REST"},{"floor":23,"key":"REST"}],"neow_cost":"NONE","seed_source_timestamp":6139759705735,"circlet_count":0,"master_deck":["Strike_B+1","Strike_B+1","Defend_B+1","Defend_B+1","Defend_B+1","Defend_B+1","Zap+1","Dualcast","Melter","Streamline","Beam Cell","Stack","Sunder","Buffer","Ball Lightning","Storm","Conserve Battery+1","Ball Lightning","Seek","Hologram","Leap+1","Cold Snap","Beam Cell","Stack+1","BootSequence"],"relics":["Cracked Core","Letter Opener","Odd Mushroom","Dead Branch","FossilizedHelix","Pear","Empty Cage","Runic Capacitor","Darkstone Periapt"],"potions_floor_usage":[16,16,24],"damage_taken":[{"damage":8,"enemies":"2 Louse","floor":1,"turns":2},{"damage":6,"enemies":"Jaw Worm","floor":3,"turns":2},{"damage":2,"enemies":"Small Slimes","floor":7,"turns":2},{"damage":13,"enemies":"The Mushroom Lair","floor":8,"turns":3},{"damage":14,"enemies":"Gremlin Nob","floor":10,"turns":4},{"damage":0,"enemies":"Looter","floor":11,"turns":3},{"damage":7,"enemies":"3 Louse","floor":14,"turns":3},{"damage":43,"enemies":"Hexaghost","floor":16,"turns":8},{"damage":32,"enemies":"Shell Parasite","floor":18,"turns":6},{"damage":20,"enemies":"2 Thieves","floor":19,"turns":4},{"damage":18,"enemies":"Shelled Parasite and Fungi","floor":24,"turns":5},{"damage":26,"enemies":"Snecko","floor":25,"turns":6},{"damage":10,"enemies":"Cultist and Chosen","floor":27,"turns":6},{"damage":17,"enemies":"Snake Plant","floor":28,"turns":4}],"seed_played":"-1340343822552022537","potions_obtained":[{"floor":3,"key":"FearPotion"},{"floor":8,"key":"FocusPotion"},{"floor":16,"key":"SpeedPotion"},{"floor":18,"key":"Dexterity Potion"},{"floor":22,"key":"Fruit Juice"},{"floor":22,"key":"Regen Potion"},{"floor":22,"key":"FocusPotion"},{"floor":24,"key":"EssenceOfSteel"}],"is_trial":false,"path_per_floor":["M","?","M","T","$","R","M","?","T","E","M","T","?","M","R","B",null,"M","M","?","$","?","R","M","M","T","M","M"],"character_chosen":"DEFECT","items_purchased":["Stack","Sunder","Runic Capacitor","Cold Snap"],"campfire_rested":2,"item_purchase_floors":[5,5,21,21],"current_hp_per_floor":[67,72,66,66,66,66,64,51,51,37,37,47,29,22,49,6,90,58,38,38,38,38,65,52,26,26,16,0],"gold":126,"neow_bonus":"THREE_CARDS","is_prod":false,"is_daily":false,"chose_seed":false,"campfire_upgraded":1,"win_rate":0,"timestamp":1544584173,"path_taken":["M","?","M","?","$","R","M","?","T","E","M","?","?","M","R","BOSS","M","M","?","$","?","R","M","?","T","M","M"],"build_version":"2018-12-06","purchased_purges":0,"victory":false,"max_hp_per_floor":[75,80,80,80,80,80,80,80,80,80,80,90,90,90,90,90,90,90,90,90,90,90,90,95,95,95,95,95],"card_choices":[{"not_picked":["Steam","Lockon"],"picked":"Melter","floor":0},{"not_picked":["Double Energy","Turbo"],"picked":"Streamline","floor":1},{"not_picked":["Turbo","Recycle"],"picked":"Beam Cell","floor":3},{"not_picked":["Gash","Barrage"],"picked":"Buffer","floor":7},{"not_picked":["Compile Driver","Auto Shields"],"picked":"Ball Lightning","floor":8},{"not_picked":["Aggregate","Gash"],"picked":"Storm","floor":10},{"not_picked":["Skim","Self Repair"],"picked":"Conserve Battery","floor":11},{"not_picked":["Aggregate","Leap"],"picked":"Ball Lightning","floor":14},{"not_picked":["Biased Cognition","Electrodynamics"],"picked":"Seek","floor":16},{"not_picked":["Stack","Barrage+1"],"picked":"Hologram","floor":18},{"not_picked":["Streamline","Sweeping Beam"],"picked":"Leap+1","floor":19},{"not_picked":["Hologram+1","Barrage"],"picked":"Beam Cell","floor":24},{"not_picked":["Barrage","Reinforced Body"],"picked":"Stack+1","floor":25},{"not_picked":["Genetic Algorithm+1","Stack+1"],"picked":"BootSequence","floor":27}],"player_experience":121047,"relics_obtained":[{"floor":4,"key":"Letter Opener"},{"floor":8,"key":"Odd Mushroom"},{"floor":9,"key":"Dead Branch"},{"floor":10,"key":"FossilizedHelix"},{"floor":12,"key":"Pear"},{"floor":26,"key":"Darkstone Periapt"}],"event_choices":[{"damage_healed":0,"gold_gain":0,"player_choice":"Donut","damage_taken":0,"max_hp_gain":5,"max_hp_loss":0,"event_name":"Big Fish","floor":2,"gold_loss":0},{"damage_healed":0,"gold_gain":0,"player_choice":"Fought Mushrooms","damage_taken":0,"max_hp_gain":0,"max_hp_loss":0,"event_name":"Mushrooms","floor":8,"gold_loss":0},{"damage_healed":0,"gold_gain":0,"player_choice":"Entered Light","damage_taken":18,"max_hp_gain":0,"max_hp_loss":0,"event_name":"Shining Light","floor":13,"gold_loss":0,"cards_upgraded":["Conserve Battery","Defend_B"]},{"damage_healed":0,"gold_gain":0,"player_choice":"Simplicity","damage_taken":0,"max_hp_gain":0,"max_hp_loss":0,"event_name":"Back to Basics","floor":20,"gold_loss":0,"cards_upgraded":["Strike_B","Strike_B","Defend_B","Defend_B","Defend_B"]},{"damage_healed":0,"gold_gain":0,"player_choice":"Got Potions","damage_taken":0,"max_hp_gain":0,"max_hp_loss":0,"event_name":"Lab","floor":22,"gold_loss":0}],"is_beta":false,"boss_relics":[{"not_picked":["Runic Pyramid","Philosopher\u0027s Stone"],"picked":"Empty Cage"}],"items_purged_floors":[],"is_endless":false,"potions_floor_spawned":[3,8,16,18,24,27],"killed_by":"Snake Plant","ascension_level":1}