{"gold_per_floor":[114,114,129,144,159,159,159,159,159,173,192,117,117,136,136,261,261,280,30,30,49,49,49,68,68,68,68,168,168,168,30,30,30],"floor_reached":33,"playtime":11013,"items_purged":["Defend_G","Strike_G","Strike_G"],"score":233,"play_id":"95ce39e8-f7cc-437b-8079-be24ac32e9c6","local_time":"20190309130518","daily_mods":["Allstar","Flight","Night Terrors"],"is_ascension_mode":false,"campfire_choices":[{"data":"Mind Blast","floor":6,"key":"SMITH"},{"data":"Noxious Fumes","floor":8,"key":"SMITH"},{"floor":13,"key":"REST"},{"data":"Mayhem","floor":15,"key":"SMITH"},{"data":"Setup","floor":23,"key":"SMITH"},{"data":"Metamorphosis","floor":25,"key":"SMITH"},{"data":"Glass Knife","floor":30,"key":"SMITH"},{"data":"Noxious Fumes","floor":32,"key":"SMITH"}],"neow_cost":"","seed_source_timestamp":0,"circlet_count":0,"master_deck":["Defend_G","Defend_G","Defend_G","Defend_G","Strike_G","Strike_G","Strike_G","Survivor","Neutralize","Metamorphosis+1","Finesse","Dark Shackles","Mayhem+1","Mind Blast+1","Noxious Fumes+1","Noxious Fumes+1","All Out Attack","Deflect","Glass Knife+1","Slice","Corpse Explosion","Dash","Setup+1","Dash","Dagger Spray","Flying Knee","Escape Plan+1","Outmaneuver+1","Flying Knee","Backstab+1"],"special_seed":17964,"relics":["Ring of the Snake","CultistMask","Bloody Idol","Pen Nib","Odd Mushroom","Orrery","Membership Card","Gremlin Horn","Torii","Molten Egg 2","Nilry\u0027s Codex","Blood Vial"],"potions_floor_usage":[16,16,18,21,28,28,33],"damage_taken":[{"damage":7,"enemies":"Small Slimes","floor":1,"turns":4},{"damage":0,"enemies":"Cultist","floor":3,"turns":4},{"damage":6,"enemies":"2 Louse","floor":4,"turns":3},{"damage":0,"enemies":"Looter","floor":5,"turns":3},{"damage":18,"enemies":"The Mushroom Lair","floor":10,"turns":4},{"damage":3,"enemies":"3 Louse","floor":11,"turns":2},{"damage":0,"enemies":"Exordium Thugs","floor":14,"turns":4},{"damage":43,"enemies":"The Guardian","floor":16,"turns":7},{"damage":0,"enemies":"Spheric Guardian","floor":18,"turns":3},{"damage":6,"enemies":"2 Thieves","floor":21,"turns":4},{"damage":0,"enemies":"Snecko","floor":24,"turns":5},{"damage":20,"enemies":"Colosseum Slavers","floor":28,"turns":5},{"damage":7,"enemies":"Colosseum Nobs","floor":28,"turns":6},{"damage":30,"enemies":"Automaton","floor":33,"turns":6}],"seed_played":"-1382854420231312037","potions_obtained":[{"floor":1,"key":"SteroidPotion"},{"floor":4,"key":"AttackPotion"},{"floor":10,"key":"PowerPotion"},{"floor":16,"key":"Strength Potion"},{"floor":18,"key":"AttackPotion"},{"floor":22,"key":"EssenceOfSteel"},{"floor":22,"key":"Weak Potion"}],"is_trial":false,"path_per_floor":["M","?","M","M","M","R","?","R","T","?","M","$","R","M","R","B",null,"M","$","?","M","?","R","M","R","T","?","?","?","R","$","R","B"],"character_chosen":"THE_SILENT","items_purchased":["Membership Card","Blood Vial"],"campfire_rested":1,"item_purchase_floors":[19,31],"current_hp_per_floor":[63,63,63,57,57,57,40,40,40,22,19,19,65,65,65,22,65,65,65,65,59,59,59,59,59,59,59,37,21,21,21,21,0],"gold":30,"neow_bonus":"","is_prod":false,"is_daily":true,"chose_seed":false,"campfire_upgraded":7,"win_rate":0,"timestamp":1552165518,"path_taken":["M","?","?","?","?","R","?","R","T","?","M","$","R","M","R","BOSS","M","$","?","M","?","R","?","R","T","?","?","?","R","$","R","BOSS"],"build_version":"2019-01-23","purchased_purges":3,"victory":false,"max_hp_per_floor":[70,70,70,70,70,70,70,70,70,70,70,70,65,65,65,65,65,65,65,65,65,65,65,65,65,65,65,65,65,65,65,65,65],"card_choices":[{"not_picked":["Infinite Blades","Skewer"],"picked":"Noxious Fumes","floor":1},{"not_picked":["Endless Agony","Deadly Poison"],"picked":"Noxious Fumes","floor":3},{"not_picked":["Dodge and Roll","Tactician"],"picked":"All Out Attack","floor":4},{"not_picked":["Acrobatics","Endless Agony"],"picked":"Deflect","floor":5},{"not_picked":["Dagger Throw","Quick Slash"],"picked":"Glass Knife","floor":10},{"not_picked":["Deflect","Cloak And Dagger"],"picked":"Slice","floor":11},{"not_picked":["Terror","Acrobatics","Underhanded Strike"],"picked":"SKIP","floor":14},{"not_picked":["Doppelganger","Storm of Steel"],"picked":"Corpse Explosion","floor":16},{"not_picked":["Blur","Choke"],"picked":"Dash","floor":17},{"not_picked":["Deflect","Sucker Punch"],"picked":"Setup","floor":17},{"not_picked":["Prepared","Accuracy"],"picked":"Dash","floor":17},{"not_picked":["Cloak And Dagger","Dagger Throw"],"picked":"Dagger Spray","floor":17},{"not_picked":["Accuracy","Cloak And Dagger"],"picked":"Flying Knee","floor":17},{"not_picked":["Setup+1","Dagger Spray"],"picked":"Escape Plan+1","floor":18},{"not_picked":["Heel Hook","Unload"],"picked":"Outmaneuver+1","floor":21},{"not_picked":["Blade Dance+1","Deflect"],"picked":"Flying Knee","floor":24},{"not_picked":["Blur+1","Deflect"],"picked":"Backstab+1","floor":28}],"player_experience":1130598,"relics_obtained":[{"floor":9,"key":"Pen Nib"},{"floor":10,"key":"Odd Mushroom"},{"floor":26,"key":"Gremlin Horn"},{"floor":28,"key":"Torii"},{"floor":28,"key":"Molten Egg 2"},{"floor":29,"key":"Nilry\u0027s Codex"}],"event_choices":[{"damage_healed":0,"gold_gain":0,"player_choice":"Trade","damage_taken":0,"relics_obtained":["CultistMask"],"max_hp_gain":0,"max_hp_loss":0,"event_name":"FaceTrader","floor":2,"gold_loss":0},{"damage_healed":0,"gold_gain":0,"player_choice":"Take Damage","damage_taken":17,"relics_obtained":["Golden Idol"],"max_hp_gain":0,"max_hp_loss":0,"event_name":"Golden Idol","floor":7,"gold_loss":0},{"damage_healed":0,"gold_gain":0,"player_choice":"Fought Mushrooms","damage_taken":0,"max_hp_gain":0,"max_hp_loss":0,"event_name":"Mushrooms","floor":10,"gold_loss":0},{"damage_healed":0,"gold_gain":0,"player_choice":"Ignored","damage_taken":0,"max_hp_gain":0,"max_hp_loss":0,"event_name":"Vampires","floor":20,"gold_loss":0},{"damage_healed":0,"gold_gain":0,"player_choice":"Got Potions","damage_taken":0,"max_hp_gain":0,"max_hp_loss":0,"event_name":"Lab","floor":22,"gold_loss":0},{"damage_healed":0,"gold_gain":0,"player_choice":"Gave Idol","damage_taken":0,"relics_obtained":["Bloody Idol"],"max_hp_gain":0,"max_hp_loss":0,"event_name":"Forgotten Altar","floor":27,"relics_lost":["Golden Idol"],"gold_loss":0},{"damage_healed":0,"gold_gain":0,"player_choice":"Fight","damage_taken":0,"max_hp_gain":0,"max_hp_loss":0,"event_name":"Colosseum","floor":28,"gold_loss":0},{"damage_healed":0,"gold_gain":0,"player_choice":"Fought Nobs","damage_taken":0,"max_hp_gain":0,"max_hp_loss":0,"event_name":"Colosseum","floor":28,"gold_loss":0},{"damage_healed":0,"gold_gain":0,"player_choice":"Obtained Book","damage_taken":16,"max_hp_gain":0,"max_hp_loss":0,"event_name":"Cursed Tome","floor":29,"gold_loss":0}],"is_beta":false,"boss_relics":[{"not_picked":["Black Star","Runic Dome"],"picked":"Orrery"}],"items_purged_floors":[12,19,31],"is_endless":false,"potions_floor_spawned":[1,4,10,14,16,18,28],"killed_by":"Automaton","ascension_level":0}