{"gold_per_floor":[109,184,194,205,225,225,225,252,279,279,299,299,342,361,361,486,486,464,464],"floor_reached":19,"playtime":1510,"items_purged":[],"score":188,"play_id":"062754bc-d97a-4a51-a795-a8d9fea2c60b","local_time":"20181216005828","is_ascension_mode":true,"campfire_choices":[{"data":"Body Slam","floor":6,"key":"SMITH"},{"data":"Body Slam","floor":12,"key":"SMITH"},{"data":"Body Slam","floor":15,"key":"SMITH"}],"neow_cost":"NONE","seed_source_timestamp":43568400320257,"circlet_count":0,"master_deck":["Strike_R","Strike_R","Strike_R","Strike_R","Strike_R","Defend_R","Defend_R","Defend_R+1","Defend_R","Bash","Panacea+1","Body Slam+1","Sword Boomerang","Shrug It Off","Battle Trance+1","Feed","Body Slam+1","Body Slam+1","Iron Wave","Juggernaut"],"relics":["Burning Blood","Lantern","Golden Idol","War Paint","Runic Pyramid"],"potions_floor_usage":[5,8,16,19],"damage_taken":[{"damage":3,"enemies":"2 Louse","floor":1,"turns":3},{"damage":20,"enemies":"Jaw Worm","floor":3,"turns":5},{"damage":0,"enemies":"Small Slimes","floor":4,"turns":3},{"damage":20,"enemies":"Gremlin Gang","floor":5,"turns":6},{"damage":3,"enemies":"Gremlin Nob","floor":8,"turns":3},{"damage":8,"enemies":"2 Fungi Beasts","floor":11,"turns":3},{"damage":12,"enemies":"3 Sentries","floor":13,"turns":10},{"damage":2,"enemies":"3 Louse","floor":14,"turns":3},{"damage":20,"enemies":"Slime Boss","floor":16,"turns":11},{"damage":20,"enemies":"2 Thieves","floor":18,"turns":5},{"damage":19,"enemies":"Colosseum Slavers","floor":19,"turns":4},{"damage":65,"enemies":"Colosseum Nobs","floor":19,"turns":3}],"seed_played":"-1830308060248094088","potions_obtained":[{"floor":1,"key":"FearPotion"},{"floor":4,"key":"Energy Potion"},{"floor":8,"key":"Explosive Potion"},{"floor":18,"key":"AttackPotion"}],"is_trial":false,"path_per_floor":["M","?","M","M","M","R","?","E","T","?","M","R","E","M","R","B",null,"M","?"],"character_chosen":"IRONCLAD","items_purchased":[],"campfire_rested":0,"item_purchase_floors":[],"current_hp_per_floor":[80,69,55,61,47,47,47,50,50,50,51,51,48,55,55,41,83,72,0],"gold":464,"neow_bonus":"RANDOM_COLORLESS","is_prod":false,"is_daily":false,"chose_seed":false,"campfire_upgraded":3,"win_rate":0,"timestamp":1544939908,"path_taken":["M","?","M","M","M","R","?","E","T","?","?","R","E","M","R","BOSS","M","?"],"build_version":"2018-12-13","purchased_purges":0,"victory":false,"max_hp_per_floor":[80,80,80,80,80,80,80,80,80,74,77,77,80,83,83,83,83,86,89],"card_choices":[{"not_picked":["Wild Strike","Shockwave"],"picked":"Body Slam","floor":1},{"not_picked":["Perfected Strike","Wild Strike"],"picked":"Sword Boomerang","floor":3},{"not_picked":["Shockwave","Intimidate"],"picked":"Shrug It Off","floor":4},{"not_picked":["Clothesline","Sever Soul"],"picked":"Battle Trance","floor":5},{"not_picked":["Heavy Blade","Armaments"],"picked":"Feed","floor":8},{"not_picked":["Perfected Strike","Armaments"],"picked":"Body Slam","floor":11},{"not_picked":["Sword Boomerang","Flex"],"picked":"Body Slam","floor":13},{"not_picked":["Anger","Twin Strike"],"picked":"Iron Wave","floor":14},{"not_picked":["Exhume","Bludgeon"],"picked":"Juggernaut","floor":16},{"not_picked":["Armaments","Dual Wield","Sword Boomerang"],"picked":"SKIP","floor":18}],"player_experience":531109,"relics_obtained":[{"floor":8,"key":"Lantern"},{"floor":13,"key":"War Paint"}],"event_choices":[{"damage_healed":0,"gold_gain":75,"player_choice":"Gather Gold","damage_taken":11,"max_hp_gain":0,"max_hp_loss":0,"event_name":"World of Goop","floor":2,"gold_loss":0},{"damage_healed":0,"gold_gain":0,"player_choice":"Grow","damage_taken":0,"max_hp_gain":0,"max_hp_loss":0,"event_name":"Living Wall","floor":7,"gold_loss":0,"cards_upgraded":["Panacea"]},{"damage_healed":0,"gold_gain":0,"player_choice":"Lose Max HP","damage_taken":0,"relics_obtained":["Golden Idol"],"max_hp_gain":0,"max_hp_loss":6,"event_name":"Golden Idol","floor":10,"gold_loss":0},{"damage_healed":0,"gold_gain":0,"player_choice":"Fight","damage_taken":0,"max_hp_gain":0,"max_hp_loss":0,"event_name":"Colosseum","floor":19,"gold_loss":0},{"damage_healed":0,"gold_gain":0,"player_choice":"Fought Nobs","damage_taken":0,"max_hp_gain":0,"max_hp_loss":0,"event_name":"Colosseum","floor":19,"gold_loss":0}],"is_beta":false,"boss_relics":[{"not_picked":["Fusion Hammer","Astrolabe"],"picked":"Runic Pyramid"}],"items_purged_floors":[],"is_endless":false,"potions_floor_spawned":[1,4,8,18],"killed_by":"Colosseum Nobs","ascension_level":1}