{"gold_per_floor":[109,109,120,135,155,155,189,189,189,99,99,111,136,55,55,150,150,164,164,79,9,109,136,136,167,167,92,118,134,134,150,150,248,248,268,268,280,290,121,140,171,171,223,78,88,0,0,16,16,16],"floor_reached":50,"playtime":3314,"items_purged":["Defend_R","Strike_R"],"score":644,"play_id":"48bae9de-15f1-4ccb-bba5-5d35b723445d","local_time":"20190324191607","is_ascension_mode":true,"campfire_choices":[{"data":"Armaments","floor":6,"key":"SMITH"},{"data":"Flame Barrier","floor":8,"key":"SMITH"},{"data":"Power Through","floor":11,"key":"SMITH"},{"data":"Whirlwind","floor":15,"key":"SMITH"},{"data":"Intimidate","floor":24,"key":"SMITH"},{"data":"Flame Barrier","floor":30,"key":"SMITH"},{"data":"Exhume","floor":32,"key":"SMITH"},{"data":"Limit Break","floor":42,"key":"SMITH"},{"data":"Heavy Blade","floor":47,"key":"SMITH"},{"data":"Body Slam","floor":49,"key":"SMITH"}],"neow_cost":"NONE","seed_source_timestamp":418532486837740,"circlet_count":0,"master_deck":["Strike_R","Defend_R","Defend_R","Bash+1","Warcry","Flame Barrier+1","Spot Weakness","Armaments+1","Power Through+1","Whirlwind+1","Heavy Blade+1","Inflame","Exhume+1","True Grit","Body Slam+1","Inflame","Flame Barrier+1","True Grit","Intimidate+1","Intimidate","Iron Wave","Twin Strike+1","Limit Break+1","Thunderclap","Finesse","Body Slam+1","Rage+1","Feel No Pain+1","Shrug It Off+1","Offering+1","Clothesline+1"],"relics":["Burning Blood","Ornamental Fan","Pear","Torii","Dream Catcher","Coffee Dripper","Frozen Egg 2","Ice Cream","Bottled Flame","Anchor","Strawberry","Shuriken","Vajra","Empty Cage","Toxic Egg 2","Pen Nib","Bag of Preparation","Red Mask"],"potions_floor_usage":[13,16,22,22,25,25,33,33,40,41,50,50],"damage_taken":[{"damage":4,"enemies":"Small Slimes","floor":1,"turns":5},{"damage":1,"enemies":"Cultist","floor":3,"turns":3},{"damage":6,"enemies":"2 Louse","floor":4,"turns":3},{"damage":23,"enemies":"Exordium Thugs","floor":5,"turns":4},{"damage":13,"enemies":"Lagavulin","floor":7,"turns":9},{"damage":2,"enemies":"2 Fungi Beasts","floor":12,"turns":5},{"damage":55,"enemies":"Gremlin Nob","floor":13,"turns":6},{"damage":5,"enemies":"Hexaghost","floor":16,"turns":9},{"damage":28,"enemies":"Chosen","floor":18,"turns":6},{"damage":7,"enemies":"Colosseum Slavers","floor":22,"turns":4},{"damage":14,"enemies":"Colosseum Nobs","floor":22,"turns":3},{"damage":21,"enemies":"Book of Stabbing","floor":23,"turns":6},{"damage":19,"enemies":"Slavers","floor":25,"turns":6},{"damage":1,"enemies":"Gremlin Leader","floor":28,"turns":8},{"damage":2,"enemies":"3 Byrds","floor":29,"turns":4},{"damage":1,"enemies":"3 Cultists","floor":31,"turns":4},{"damage":41,"enemies":"Automaton","floor":33,"turns":10},{"damage":14,"enemies":"3 Shapes","floor":35,"turns":7},{"damage":0,"enemies":"Orb Walker","floor":37,"turns":4},{"damage":32,"enemies":"Sphere and 2 Shapes","floor":38,"turns":4},{"damage":14,"enemies":"Maw","floor":40,"turns":7},{"damage":22,"enemies":"Giant Head","floor":41,"turns":8},{"damage":15,"enemies":"4 Shapes","floor":45,"turns":7},{"damage":18,"enemies":"Sphere and 2 Shapes","floor":48,"turns":6},{"damage":55,"enemies":"Awakened One","floor":50,"turns":10}],"seed_played":"-5674341039219698680","potions_obtained":[{"floor":1,"key":"EssenceOfSteel"},{"floor":12,"key":"PowerPotion"},{"floor":13,"key":"SteroidPotion"},{"floor":16,"key":"FearPotion"},{"floor":18,"key":"Swift Potion"},{"floor":22,"key":"Fire Potion"},{"floor":28,"key":"LiquidBronze"},{"floor":31,"key":"Fire Potion"},{"floor":33,"key":"Weak Potion"},{"floor":37,"key":"Strength Potion"},{"floor":41,"key":"GamblersBrew"},{"floor":48,"key":"Regen Potion"}],"is_trial":false,"path_per_floor":["M","?","M","M","M","R","E","R","T","?","R","M","E","$","R","B",null,"M","?","?","$","?","E","R","E","T","$","E","M","R","M","R","B",null,"M","?","M","M","$","M","E","R","T","$","M","?","R","M","R","B"],"character_chosen":"IRONCLAD","items_purchased":["Inflame","Flame Barrier","Feel No Pain+1","Bag of Preparation"],"campfire_rested":0,"item_purchase_floors":[14,21,39,44],"current_hp_per_floor":[88,88,88,88,71,71,64,64,74,74,74,78,29,29,29,30,98,76,76,76,76,67,52,52,46,46,46,51,55,55,60,60,25,105,97,97,103,77,77,69,53,53,53,53,44,44,44,32,32,0],"gold":16,"neow_bonus":"TEN_PERCENT_HP_BONUS","is_prod":false,"is_daily":false,"chose_seed":false,"campfire_upgraded":10,"win_rate":0,"timestamp":1553472967,"path_taken":["M","?","?","M","M","R","E","R","T","?","R","M","E","$","R","BOSS","M","?","?","$","?","E","R","E","T","$","E","?","R","?","R","BOSS","M","?","M","M","$","M","E","R","T","?","?","?","R","M","R","BOSS"],"build_version":"2019-01-23","purchased_purges":2,"victory":false,"max_hp_per_floor":[88,88,88,88,88,88,88,88,98,98,98,98,98,98,98,98,98,98,98,98,98,98,98,98,105,105,105,105,105,105,105,105,105,105,105,105,105,105,105,105,105,105,105,105,105,105,105,105,105,105],"card_choices":[{"not_picked":["Infernal Blade","Body Slam"],"picked":"Warcry","floor":1},{"not_picked":["Power Through","Cleave"],"picked":"Flame Barrier","floor":3},{"not_picked":["Warcry","Thunderclap"],"picked":"Spot Weakness","floor":4},{"not_picked":["Sword Boomerang","Iron Wave"],"picked":"Armaments","floor":5},{"not_picked":["Cleave","Body Slam"],"picked":"Power Through","floor":7},{"not_picked":["Spot Weakness","Barricade"],"picked":"Whirlwind","floor":12},{"not_picked":["Twin Strike","Havoc"],"picked":"Heavy Blade","floor":13},{"not_picked":["Berserk","Immolate"],"picked":"Exhume","floor":16},{"not_picked":["Blood for Blood+1","Headbutt"],"picked":"True Grit","floor":18},{"not_picked":["Spot Weakness","Uppercut"],"picked":"True Grit","floor":22},{"not_picked":["Sentinel+1","Armaments+1"],"picked":"Intimidate","floor":23},{"not_picked":["Sentinel","Pummel"],"picked":"Intimidate","floor":25},{"not_picked":["Armaments","Sentinel"],"picked":"Iron Wave","floor":28},{"not_picked":["Armaments","True Grit","Twin Strike"],"picked":"SKIP","floor":29},{"not_picked":["Uppercut","Iron Wave"],"picked":"Twin Strike+1","floor":31},{"not_picked":["Berserk+1","Reaper"],"picked":"Limit Break","floor":33},{"not_picked":["Power Through","Carnage+1"],"picked":"Thunderclap","floor":35},{"not_picked":["Madness","Mind Blast"],"picked":"Finesse","floor":36},{"not_picked":["Rupture+1","Havoc+1"],"picked":"Body Slam+1","floor":37},{"not_picked":["Anger+1","Thunderclap"],"picked":"Rage+1","floor":38},{"not_picked":["Pummel","Cleave+1"],"picked":"Shrug It Off+1","floor":40},{"not_picked":["Uppercut+1","Thunderclap+1"],"picked":"Offering","floor":41},{"not_picked":["Body Slam","Havoc+1"],"picked":"Clothesline+1","floor":45},{"not_picked":["Thunderclap","Anger+1","Wild Strike+1"],"picked":"SKIP","floor":48}],"player_experience":122151,"relics_obtained":[{"floor":7,"key":"Ornamental Fan"},{"floor":9,"key":"Pear"},{"floor":13,"key":"Dream Catcher"},{"floor":22,"key":"Ice Cream"},{"floor":22,"key":"Bottled Flame"},{"floor":23,"key":"Anchor"},{"floor":25,"key":"Strawberry"},{"floor":26,"key":"Shuriken"},{"floor":28,"key":"Vajra"},{"floor":41,"key":"Toxic Egg 2"},{"floor":43,"key":"Pen Nib"}],"event_choices":[{"damage_healed":0,"gold_gain":0,"player_choice":"Upgraded","damage_taken":0,"max_hp_gain":0,"max_hp_loss":0,"event_name":"Upgrade Shrine","floor":2,"gold_loss":0,"cards_upgraded":["Bash"]},{"damage_healed":0,"gold_gain":0,"player_choice":"Paid Gold","damage_taken":0,"relics_obtained":["Torii"],"max_hp_gain":0,"max_hp_loss":0,"event_name":"WeMeetAgain","floor":10,"gold_loss":90},{"damage_healed":0,"gold_gain":0,"cards_transformed":["Strike_R","Strike_R"],"player_choice":"Became Test Subject","damage_taken":0,"max_hp_gain":0,"max_hp_loss":0,"event_name":"Drug Dealer","floor":19,"gold_loss":0,"cards_obtained":["Body Slam","Inflame"]},{"damage_healed":0,"gold_gain":0,"player_choice":"Obtained Relic","damage_taken":0,"relics_obtained":["Frozen Egg 2"],"max_hp_gain":0,"max_hp_loss":0,"event_name":"Addict","floor":20,"gold_loss":85},{"damage_healed":0,"gold_gain":0,"player_choice":"Fight","damage_taken":0,"max_hp_gain":0,"max_hp_loss":0,"event_name":"Colosseum","floor":22,"gold_loss":0},{"damage_healed":0,"gold_gain":0,"player_choice":"Fought Nobs","damage_taken":0,"max_hp_gain":0,"max_hp_loss":0,"event_name":"Colosseum","floor":22,"gold_loss":0},{"damage_healed":0,"gold_gain":0,"player_choice":"Memory 1","damage_taken":0,"max_hp_gain":0,"max_hp_loss":0,"event_name":"SensoryStone","floor":36,"gold_loss":0},{"damage_healed":0,"gold_gain":0,"player_choice":"Paid","damage_taken":0,"relics_obtained":["Red Mask"],"max_hp_gain":0,"max_hp_loss":0,"event_name":"Tomb of Lord Red Mask","floor":46,"gold_loss":88}],"is_beta":false,"boss_relics":[{"not_picked":["Eternal Feather","Astrolabe"],"picked":"Coffee Dripper"},{"not_picked":["Orrery","Busted Crown"],"picked":"Empty Cage"}],"items_purged_floors":[27,39],"is_endless":false,"potions_floor_spawned":[1,12,13,16,18,22,22,28,31,33,37,41,48],"killed_by":"Awakened One","ascension_level":2}