{"gold_per_floor":[118,2,2,17,17,55,69,93,93,93,136,196,216,230,230,358,358,377,377,377,50,50,81,105,121,169,183,221,236,252,179,179,298,298,318,393,408,426,280,280],"floor_reached":40,"playtime":2119,"items_purged":["Injury"],"score":465,"play_id":"c122face-4fb0-4fbc-871c-5e3b4f5a224f","local_time":"20190421053451","is_ascension_mode":false,"campfire_choices":[{"data":"Shrug It Off","floor":10,"key":"SMITH"},{"floor":15,"key":"REST"},{"data":"Perfected Strike","floor":32,"key":"SMITH"}],"neow_cost":"NONE","seed_source_timestamp":10081987895667,"circlet_count":0,"master_deck":["Strike_R","Strike_R","Strike_R","Strike_R","Defend_R","Defend_R","Defend_R","Bash","Uppercut","Armaments","Disarm","Metallicize","Thunderclap","Shrug It Off+1","Twin Strike","Reaper","Sword Boomerang","Burning Pact","True Grit","Impervious","Anger","RitualDagger","Mayhem+1","Battle Trance","Anger","Perfected Strike+1","Seeing Red"],"relics":["Burning Blood","Golden Idol","Ice Cream","FossilizedHelix","Mango","Busted Crown","Ornamental Fan","Dodecahedron","Bag of Marbles","Bird Faced Urn","Eternal Feather","Vajra"],"potions_floor_usage":[11,16,24,25,27,27,28],"damage_taken":[{"damage":3,"enemies":"Jaw Worm","floor":1,"turns":3},{"damage":1,"enemies":"Cultist","floor":4,"turns":4},{"damage":49,"enemies":"3 Sentries","floor":6,"turns":12},{"damage":0,"enemies":"Small Slimes","floor":7,"turns":3},{"damage":4,"enemies":"3 Louse","floor":8,"turns":4},{"damage":24,"enemies":"Gremlin Nob","floor":11,"turns":6},{"damage":0,"enemies":"Large Slime","floor":13,"turns":8},{"damage":8,"enemies":"2 Fungi Beasts","floor":14,"turns":4},{"damage":47,"enemies":"The Guardian","floor":16,"turns":17},{"damage":0,"enemies":"3 Byrds","floor":18,"turns":5},{"damage":13,"enemies":"Book of Stabbing","floor":23,"turns":7},{"damage":10,"enemies":"Spheric Guardian","floor":24,"turns":4},{"damage":1,"enemies":"Shelled Parasite and Fungi","floor":25,"turns":6},{"damage":5,"enemies":"Snake Plant","floor":27,"turns":5},{"damage":0,"enemies":"Slavers","floor":28,"turns":7},{"damage":9,"enemies":"Centurion and Healer","floor":29,"turns":6},{"damage":12,"enemies":"Shelled Parasite and Fungi","floor":30,"turns":7},{"damage":66,"enemies":"Automaton","floor":33,"turns":12},{"damage":0,"enemies":"3 Shapes","floor":35,"turns":4},{"damage":8,"enemies":"Orb Walker","floor":37,"turns":3},{"damage":45,"enemies":"4 Shapes","floor":38,"turns":8},{"damage":76,"enemies":"Reptomancer","floor":40,"turns":6}],"seed_played":"-6385148114993831281","potions_obtained":[{"floor":6,"key":"Energy Potion"},{"floor":7,"key":"Block Potion"},{"floor":13,"key":"Poison Potion"},{"floor":16,"key":"Energy Potion"},{"floor":23,"key":"AttackPotion"},{"floor":25,"key":"Explosive Potion"},{"floor":27,"key":"EssenceOfSteel"}],"is_trial":false,"path_per_floor":["M","$","?","M","?","E","M","M","T","R","E","?","M","M","R","B",null,"M","?","?","$","?","E","M","M","T","M","E","M","M","$","R","B",null,"M","?","M","M","$","E"],"character_chosen":"IRONCLAD","items_purchased":["Disarm","Metallicize","Mayhem","Battle Trance","Seeing Red","Vajra"],"campfire_rested":1,"item_purchase_floors":[2,2,21,21,31,39],"current_hp_per_floor":[80,80,80,80,80,37,43,45,45,45,45,45,55,57,85,48,94,94,88,88,88,88,85,81,91,91,94,94,93,94,94,94,44,94,94,85,89,66,66,0],"gold":280,"neow_bonus":"TRANSFORM_CARD","is_prod":false,"is_daily":false,"chose_seed":false,"campfire_upgraded":2,"win_rate":0.0,"timestamp":1555796091,"path_taken":["M","$","?","?","?","E","M","M","T","R","E","?","M","M","R","BOSS","M","?","?","$","?","E","M","M","T","M","E","M","?","?","R","BOSS","M","?","?","M","$","E"],"build_version":"2019-01-23","purchased_purges":1,"victory":false,"max_hp_per_floor":[80,80,80,80,80,80,80,80,80,80,94,94,94,94,94,94,94,94,94,94,94,94,94,94,94,94,94,94,94,94,94,94,94,94,94,94,94,94,94,94],"card_choices":[{"not_picked":["Flex","Warcry"],"picked":"Armaments","floor":1},{"not_picked":["Reckless Charge","Second Wind"],"picked":"Thunderclap","floor":4},{"not_picked":["Iron Wave","Headbutt"],"picked":"Shrug It Off","floor":6},{"not_picked":["Corruption","Cleave"],"picked":"Twin Strike","floor":7},{"not_picked":["Heavy Blade","Perfected Strike"],"picked":"Reaper","floor":8},{"not_picked":["Clothesline","Shockwave"],"picked":"Sword Boomerang","floor":11},{"not_picked":["Havoc","Sword Boomerang"],"picked":"Burning Pact","floor":13},{"not_picked":["Perfected Strike","Shockwave"],"picked":"True Grit","floor":14},{"not_picked":["Fiend Fire","Berserk"],"picked":"Impervious","floor":16},{"not_picked":[],"picked":"Anger","floor":18},{"not_picked":[],"picked":"Anger","floor":23},{"not_picked":["Anger"],"picked":"SKIP","floor":24},{"not_picked":["Power Through+1"],"picked":"SKIP","floor":25},{"not_picked":["Anger"],"picked":"SKIP","floor":27},{"not_picked":["Fire Breathing"],"picked":"SKIP","floor":28},{"not_picked":["Intimidate"],"picked":"SKIP","floor":29},{"not_picked":[],"picked":"Perfected Strike","floor":30},{"not_picked":["Heavy Blade"],"picked":"SKIP","floor":35},{"not_picked":["Clothesline+1"],"picked":"SKIP","floor":37},{"not_picked":["Anger+1"],"picked":"SKIP","floor":38}],"player_experience":145095,"relics_obtained":[{"floor":6,"key":"Ice Cream"},{"floor":9,"key":"FossilizedHelix"},{"floor":11,"key":"Mango"},{"floor":23,"key":"Dodecahedron"},{"floor":26,"key":"Bag of Marbles"},{"floor":28,"key":"Bird Faced Urn"}],"event_choices":[{"cards_removed":["Strike_R"],"damage_healed":0,"gold_gain":0,"player_choice":"Purged","damage_taken":0,"max_hp_gain":0,"max_hp_loss":0,"event_name":"Purifier","floor":3,"gold_loss":0},{"damage_healed":0,"gold_gain":0,"player_choice":"Take Wound","damage_taken":0,"relics_obtained":["Golden Idol"],"max_hp_gain":0,"max_hp_loss":0,"event_name":"Golden Idol","floor":5,"gold_loss":0,"cards_obtained":["Injury"]},{"damage_healed":0,"gold_gain":60,"player_choice":"Gained Gold","damage_taken":0,"max_hp_gain":0,"max_hp_loss":0,"event_name":"Golden Wing","floor":12,"gold_loss":0},{"damage_healed":0,"gold_gain":0,"player_choice":"Joined the Cult","damage_taken":6,"max_hp_gain":0,"max_hp_loss":0,"event_name":"Nest","floor":19,"gold_loss":0,"cards_obtained":["RitualDagger"]},{"damage_healed":0,"gold_gain":0,"player_choice":"Opened","damage_taken":0,"relics_obtained":["Ornamental Fan"],"max_hp_gain":0,"max_hp_loss":0,"event_name":"The Mausoleum","floor":20,"gold_loss":0},{"damage_healed":0,"gold_gain":0,"player_choice":"Upgraded","damage_taken":0,"max_hp_gain":0,"max_hp_loss":0,"event_name":"Upgrade Shrine","floor":22,"gold_loss":0,"cards_upgraded":["Mayhem"]},{"damage_healed":0,"gold_gain":75,"player_choice":"Touch","damage_taken":9,"max_hp_gain":0,"max_hp_loss":0,"event_name":"FaceTrader","floor":36,"gold_loss":0}],"is_beta":false,"boss_relics":[{"not_picked":["Philosopher\u0027s Stone","Empty Cage"],"picked":"Busted Crown"},{"not_picked":["Black Blood","Sozu"],"picked":"Eternal Feather"}],"items_purged_floors":[21],"is_endless":false,"potions_floor_spawned":[6,7,13,16,23,25,27],"killed_by":"Reptomancer","ascension_level":0}