{"gold_per_floor":[117,131,131,147,72,72,105,280,335,335,235,235,278,353,353,476,476,495,291,291,61,0],"floor_reached":22,"playtime":1633,"items_purged":["Strike_R","Doubt","Regret"],"score":197,"play_id":"1ffbd087-bb9f-4f2b-9cd3-c90d2c494296","local_time":"20190217003030","is_ascension_mode":true,"campfire_choices":[{"data":"True Grit","floor":6,"key":"SMITH"},{"data":"Feel No Pain","floor":10,"key":"SMITH"},{"floor":12,"key":"REST"},{"floor":15,"key":"REST"}],"neow_cost":"NONE","seed_source_timestamp":662536957185810,"circlet_count":0,"master_deck":["Strike_R","Strike_R","Strike_R+1","Strike_R","Defend_R","Defend_R","Defend_R","Defend_R","Bash+1","Barricade","True Grit+1","Feel No Pain+1","True Grit","Flame Barrier","Offering","Injury","Chrysalis","Shrug It Off","Entrench","Metallicize+1"],"relics":["Burning Blood","Golden Idol","Whetstone","Frozen Egg 2","Calling Bell","Omamori","Mummified Hand","Charon\u0027s Ashes"],"potions_floor_usage":[7,16,22],"damage_taken":[{"damage":6,"enemies":"Jaw Worm","floor":1,"turns":3},{"damage":0,"enemies":"Small Slimes","floor":2,"turns":4},{"damage":6,"enemies":"Cultist","floor":4,"turns":4},{"damage":52,"enemies":"Lagavulin","floor":7,"turns":9},{"damage":15,"enemies":"3 Sentries","floor":13,"turns":15},{"damage":33,"enemies":"The Guardian","floor":16,"turns":19},{"damage":73,"enemies":"Shell Parasite","floor":18,"turns":22},{"damage":10,"enemies":"2 Thieves","floor":22,"turns":3}],"seed_played":"-3618715157259695368","potions_obtained":[{"floor":2,"key":"PowerPotion"},{"floor":13,"key":"EssenceOfSteel"},{"floor":18,"key":"Block Potion"}],"is_trial":false,"path_per_floor":["M","M","?","M","$","R","E","?","T","R","$","R","E","?","R","B",null,"M","$","?","$","M"],"character_chosen":"IRONCLAD","items_purchased":["Chrysalis","Shrug It Off","Entrench","Metallicize+1"],"campfire_rested":2,"item_purchase_floors":[19,19,21,21],"current_hp_per_floor":[80,80,74,74,74,74,28,28,28,28,28,50,41,30,52,25,74,7,7,7,7,0],"gold":0,"neow_bonus":"ONE_RANDOM_RARE_CARD","is_prod":false,"is_daily":false,"chose_seed":false,"campfire_upgraded":2,"win_rate":0,"timestamp":1550381430,"path_taken":["M","M","?","M","$","R","E","?","T","R","?","R","E","?","R","BOSS","M","$","?","$","?"],"build_version":"2019-01-23","purchased_purges":3,"victory":false,"max_hp_per_floor":[80,80,74,74,74,74,74,74,74,74,74,74,74,74,74,74,74,74,74,74,74,74],"card_choices":[{"not_picked":["Iron Wave","Burning Pact"],"picked":"True Grit","floor":1},{"not_picked":["Cleave","Anger","Havoc"],"picked":"SKIP","floor":2},{"not_picked":["Rage","Warcry"],"picked":"Feel No Pain","floor":4},{"not_picked":["Headbutt","Iron Wave"],"picked":"True Grit","floor":7},{"not_picked":["Power Through","Sword Boomerang"],"picked":"Flame Barrier","floor":13},{"not_picked":["Limit Break","Fiend Fire"],"picked":"Offering","floor":16},{"not_picked":["Clothesline","Thunderclap","Infernal Blade"],"picked":"SKIP","floor":18}],"player_experience":799956,"relics_obtained":[{"floor":7,"key":"Whetstone"},{"floor":13,"key":"Frozen Egg 2"},{"floor":17,"key":"Omamori"},{"floor":17,"key":"Mummified Hand"},{"floor":17,"key":"Charon\u0027s Ashes"}],"event_choices":[{"damage_healed":0,"gold_gain":0,"player_choice":"Lose Max HP","damage_taken":0,"relics_obtained":["Golden Idol"],"max_hp_gain":0,"max_hp_loss":6,"event_name":"Golden Idol","floor":3,"gold_loss":0},{"damage_healed":0,"gold_gain":175,"player_choice":"AGREE","damage_taken":0,"max_hp_gain":0,"max_hp_loss":0,"event_name":"Liars Game","floor":8,"gold_loss":0,"cards_obtained":["Doubt"]},{"damage_healed":0,"gold_gain":75,"player_choice":"Gather Gold","damage_taken":11,"max_hp_gain":0,"max_hp_loss":0,"event_name":"World of Goop","floor":14,"gold_loss":0},{"cards_removed":["Pain"],"damage_healed":0,"gold_gain":0,"player_choice":"Card Removal","damage_taken":0,"max_hp_gain":0,"max_hp_loss":0,"event_name":"Wheel of Change","floor":20,"gold_loss":0}],"is_beta":false,"boss_relics":[{"not_picked":["Busted Crown","Runic Dome"],"picked":"Calling Bell"}],"items_purged_floors":[5,11,21],"is_endless":false,"potions_floor_spawned":[2,13,18],"killed_by":"2 Thieves","ascension_level":1}