{"gold_per_floor":[115,131,149,149,163,191,191,204,204,204,204,204,217,229,229,229],"floor_reached":16,"playtime":1216,"items_purged":[],"score":203,"play_id":"938a238d-527c-4569-b42a-5ce06aecc2a4","local_time":"20190115001950","is_ascension_mode":true,"campfire_choices":[{"data":"Go for the Eyes","floor":7,"key":"SMITH"},{"data":"Zap","floor":10,"key":"SMITH"},{"data":"Barrage","floor":12,"key":"SMITH"},{"data":"Fission","floor":15,"key":"SMITH"}],"neow_cost":"TEN_PERCENT_HP_LOSS","seed_source_timestamp":387394786833920,"circlet_count":0,"master_deck":["AscendersBane","Strike_B","Strike_B","Strike_B","Strike_B","Defend_B","Defend_B","Defend_B","Defend_B","Zap+1","Dualcast","Echo Form","Compile Driver","Go for the Eyes+1","Barrage+1","Leap","FTL","Fission+1","Compile Driver"],"relics":["Cracked Core","Dodecahedron","The Courier"],"potions_floor_usage":[16,16],"damage_taken":[{"damage":2,"enemies":"Jaw Worm","floor":1,"turns":3},{"damage":11,"enemies":"2 Louse","floor":2,"turns":3},{"damage":7,"enemies":"Small Slimes","floor":3,"turns":3},{"damage":7,"enemies":"3 Louse","floor":5,"turns":3},{"damage":15,"enemies":"Lagavulin","floor":6,"turns":7},{"damage":5,"enemies":"Large Slime","floor":8,"turns":6},{"damage":0,"enemies":"2 Fungi Beasts","floor":13,"turns":3},{"damage":0,"enemies":"Blue Slaver","floor":14,"turns":4},{"damage":60,"enemies":"Slime Boss","floor":16,"turns":9}],"seed_played":"-2590383911447891739","potions_obtained":[{"floor":3,"key":"SpeedPotion"},{"floor":8,"key":"Regen Potion"}],"is_trial":false,"path_per_floor":["M","M","M","?","M","E","R","M","T","R","?","R","M","M","R","B"],"character_chosen":"DEFECT","items_purchased":[],"campfire_rested":0,"item_purchase_floors":[],"current_hp_per_floor":[62,51,44,44,37,22,22,17,17,17,38,38,38,38,38,0],"gold":229,"neow_bonus":"THREE_RARE_CARDS","is_prod":false,"is_daily":false,"chose_seed":false,"campfire_upgraded":4,"win_rate":0,"timestamp":1547507990,"path_taken":["M","M","M","?","M","E","R","M","T","R","?","R","M","M","R","BOSS"],"build_version":"2019-01-10","purchased_purges":0,"victory":false,"max_hp_per_floor":[64,64,64,64,64,64,64,64,64,64,64,64,64,64,64,64],"card_choices":[{"not_picked":["Reboot","Creative AI"],"picked":"Echo Form","floor":0},{"not_picked":["Streamline","Gash"],"picked":"Compile Driver","floor":1},{"not_picked":["Leap","Streamline"],"picked":"Go for the Eyes","floor":2},{"not_picked":["Stack","Rebound"],"picked":"Barrage","floor":3},{"not_picked":["White Noise","Rebound","Barrage"],"picked":"SKIP","floor":5},{"not_picked":["Scrape","Skim"],"picked":"Leap","floor":6},{"not_picked":["Storm","Hello World"],"picked":"FTL","floor":8},{"not_picked":["Sweeping Beam","Barrage"],"picked":"Fission","floor":13},{"not_picked":["Redo","FTL"],"picked":"Compile Driver","floor":14}],"player_experience":428397,"relics_obtained":[{"floor":6,"key":"Dodecahedron"},{"floor":9,"key":"The Courier"}],"event_choices":[{"damage_healed":0,"gold_gain":0,"player_choice":"Ignored","damage_taken":0,"max_hp_gain":0,"max_hp_loss":0,"event_name":"Shining Light","floor":4,"gold_loss":0},{"damage_healed":21,"gold_gain":0,"player_choice":"Banana","damage_taken":0,"max_hp_gain":0,"max_hp_loss":0,"event_name":"Big Fish","floor":11,"gold_loss":0}],"is_beta":false,"boss_relics":[],"items_purged_floors":[],"is_endless":false,"potions_floor_spawned":[3,8,13],"killed_by":"Slime Boss","ascension_level":19}