{"path_per_floor":["M","M","M","?","$","R","M","R","T","R","M","$","M","E","R"],"character_chosen":"DEFECT","items_purchased":["Coolheaded","Darkness","FocusPotion"],"gold_per_floor":[116,135,146,146,122,122,137,137,189,189,207,24,45,86,86,86],"floor_reached":16,"campfire_rested":1,"playtime":1077,"item_purchase_floors":[5,12,12],"current_hp_per_floor":[60,60,48,30,30,30,22,22,22,22,22,22,17,17,39,0],"items_purged":["Strike_B"],"gold":86,"score":203,"play_id":"711c518d-f0d6-4343-96ec-00432ee32059","local_time":"20180527010429","is_prod":false,"is_daily":false,"chose_seed":false,"is_ascension_mode":true,"campfire_upgraded":3,"win_rate":0,"timestamp":1527375869,"campfire_choices":[{"data":"Loop","floor":6,"key":"SMITH"},{"data":"Chill","floor":8,"key":"SMITH"},{"data":"Dualcast","floor":10,"key":"SMITH"},{"floor":15,"key":"REST"}],"path_taken":["M","M","M","?","$","R","M","R","T","R","?","$","M","E","R","BOSS"],"build_version":"2018-05-25","seed_source_timestamp":645758446107114,"purchased_purges":1,"victory":false,"master_deck":["Strike_B","Strike_B","Strike_B","Defend_B","Defend_B","Defend_B","Defend_B","Zap","Dualcast+1","AscendersBane","Coolheaded","Steam","Loop+1","Coolheaded","Chill+1","Darkness","Undo","Capacitor"],"max_hp_per_floor":[75,75,75,75,75,75,75,75,75,75,75,75,75,75,75,75],"relics":["Cracked Core","Pen Nib","Golden Idol","Bag of Marbles","Boot"],"card_choices":[{"not_picked":["Redo","Hologram"],"picked":"Coolheaded","floor":1},{"not_picked":["Leap","White Noise"],"picked":"Steam","floor":2},{"not_picked":["Reinforced Body","Streamline"],"picked":"Loop","floor":3},{"not_picked":["Storm","Doom and Gloom"],"picked":"Chill","floor":7},{"not_picked":["Coolheaded","Leap","Stack"],"picked":"SKIP","floor":11},{"not_picked":["Compile Driver","Reboot"],"picked":"Undo","floor":13},{"not_picked":["White Noise","Scrape"],"picked":"Capacitor","floor":14}],"player_experience":141971,"potions_floor_usage":[14,16,16],"damage_taken":[{"damage":8,"enemies":"Jaw Worm","floor":1,"turns":4},{"damage":0,"enemies":"Cultist","floor":2,"turns":4},{"damage":12,"enemies":"2 Louse","floor":3,"turns":3},{"damage":8,"enemies":"Looter","floor":7,"turns":4},{"damage":0,"enemies":"3 Louse","floor":11,"turns":4},{"damage":5,"enemies":"Large Slime","floor":13,"turns":5},{"damage":0,"enemies":"3 Sentries","floor":14,"turns":10},{"damage":43,"enemies":"Slime Boss","floor":16,"turns":9}],"relics_obtained":[{"floor":9,"key":"Bag of Marbles"},{"floor":14,"key":"Boot"}],"event_choices":[{"event_name":"Golden Idol","player_choice":"Take Damage","floor":4,"damage_taken":0}],"boss_relics":[],"items_purged_floors":[12],"potions_floor_spawned":[7,11,13],"seed_played":"6321112381992995040","killed_by":"Slime Boss","ascension_level":12,"potions_obtained":[{"floor":7,"key":"Swift Potion"},{"floor":11,"key":"Energy Potion"},{"floor":13,"key":"Dexterity Potion"}],"is_trial":false}