{"gold_per_floor":[214,12,30,105,30,59,59,24,49,49,49,49,79,93,93,193,193,205,60,80,98,98,98,98,108,134,59,59,74,87,87,99,211,223,253,108,108,208,227,227,275,118,118,118,129,180,180,193,193,193],"floor_reached":51,"playtime":3297,"items_purged":["Strike_R","Strike_R"],"score":732,"play_id":"86ba55c7-eb6a-4b79-aa61-e8c118015249","local_time":"20190209225056","is_ascension_mode":true,"campfire_choices":[{"data":"Dagger Spray","floor":7,"key":"SMITH"},{"data":"Dodge and Roll","floor":11,"key":"SMITH"},{"floor":15,"key":"REST"},{"data":"Flex","floor":23,"key":"SMITH"},{"data":"J.A.X.","floor":28,"key":"SMITH"},{"floor":32,"key":"REST"},{"data":"Heavy Blade","floor":40,"key":"SMITH"},{"data":"Cloak And Dagger","floor":44,"key":"SMITH"},{"data":"Flying Knee","floor":47,"key":"SMITH"},{"floor":49,"key":"REST"}],"neow_cost":"NONE","seed_source_timestamp":32074806380258,"circlet_count":0,"master_deck":["Strike_R","Strike_R","Defend_R+1","Defend_R","Defend_R","Bash+1","Twin Strike","Dagger Spray+1","Dodge and Roll+1","Cloak And Dagger+1","Flex+1","Cold Snap","J.A.X.+1","Flying Knee+1","Heavy Blade+1","Coolheaded+1","Cloak And Dagger+1"],"relics":["Burning Blood","PrismaticShard","Oddly Smooth Stone","Orichalcum","Ancient Tea Set","Lizard Tail","Blood Vial","MawBank","Runic Pyramid","Red Skull","Gambling Chip","Ginger","Vajra","Pear","Lantern"],"potions_floor_usage":[16,16,18,20,29,29,33,50,50],"damage_taken":[{"damage":11,"enemies":"Jaw Worm","floor":1,"turns":5},{"damage":9,"enemies":"Small Slimes","floor":3,"turns":4},{"damage":29,"enemies":"3 Sentries","floor":6,"turns":8},{"damage":15,"enemies":"Lagavulin","floor":13,"turns":7},{"damage":0,"enemies":"2 Louse","floor":14,"turns":2},{"damage":42,"enemies":"Hexaghost","floor":16,"turns":11},{"damage":4,"enemies":"Chosen","floor":18,"turns":5},{"damage":3,"enemies":"2 Thieves","floor":20,"turns":4},{"damage":35,"enemies":"Cultist and Chosen","floor":21,"turns":9},{"damage":16,"enemies":"Snake Plant","floor":25,"turns":5},{"damage":10,"enemies":"Snecko","floor":29,"turns":4},{"damage":5,"enemies":"Chosen and Byrds","floor":30,"turns":4},{"damage":63,"enemies":"Automaton","floor":33,"turns":9},{"damage":11,"enemies":"Orb Walker","floor":35,"turns":4},{"damage":28,"enemies":"Mind Bloom Boss Battle","floor":38,"turns":6},{"damage":3,"enemies":"3 Shapes","floor":39,"turns":3},{"damage":25,"enemies":"2 Orb Walkers","floor":41,"turns":3},{"damage":14,"enemies":"Sphere and 2 Shapes","floor":45,"turns":3},{"damage":38,"enemies":"Transient","floor":48,"turns":5},{"damage":87,"enemies":"Time Eater","floor":50,"turns":8}],"seed_played":"-8760284782387160920","potions_obtained":[{"floor":13,"key":"SkillPotion"},{"floor":14,"key":"SpeedPotion"},{"floor":16,"key":"Block Potion"},{"floor":18,"key":"Explosive Potion"},{"floor":21,"key":"SpeedPotion"},{"floor":25,"key":"Swift Potion"},{"floor":29,"key":"BloodPotion"},{"floor":35,"key":"GamblersBrew"},{"floor":48,"key":"Fire Potion"}],"is_trial":false,"path_per_floor":["M","$","M","?","$","E","R","?","T","?","R","?","E","M","R","B",null,"M","$","M","M","?","R","?","M","T","?","R","M","M","T","R","B",null,"M","$","?","?","M","R","?","$","T","R","M","T","R","M","R","B",null],"character_chosen":"IRONCLAD","items_purchased":["PrismaticShard","Flex","Red Skull","Vajra"],"campfire_rested":3,"item_purchase_floors":[2,19,36,42],"current_hp_per_floor":[75,75,72,61,61,38,38,58,58,42,42,42,33,39,63,27,80,80,80,80,51,51,51,51,41,41,41,41,39,42,42,66,19,80,75,75,75,55,60,60,43,43,53,53,47,47,47,17,44,14],"gold":193,"neow_bonus":"HUNDRED_GOLD","is_prod":false,"is_daily":false,"chose_seed":false,"campfire_upgraded":7,"win_rate":0,"timestamp":1549770656,"path_taken":["M","$","M","?","$","E","R","?","T","?","R","?","E","M","R","BOSS","M","$","M","M","?","R","?","M","T","?","R","M","M","?","R","BOSS","M","$","?","?","M","R","?","$","T","R","M","?","R","M","R","BOSS"],"build_version":"2019-01-23","purchased_purges":2,"victory":true,"max_hp_per_floor":[80,80,80,80,80,80,80,80,80,80,80,80,80,80,80,80,80,80,80,80,80,80,80,80,80,80,80,80,80,80,80,80,80,80,80,80,80,80,80,80,80,80,90,90,90,90,90,90,90,90],"card_choices":[{"not_picked":["Sword Boomerang","Ghostly Armor"],"picked":"Twin Strike","floor":1},{"not_picked":["Streamline","Capacitor"],"picked":"Dagger Spray","floor":3},{"not_picked":["Blind","Armaments"],"picked":"Dodge and Roll","floor":6},{"not_picked":["Reboot","All Out Attack","Crippling Poison"],"picked":"SKIP","floor":13},{"not_picked":["Poisoned Stab","Genetic Algorithm","Stack"],"picked":"SKIP","floor":14},{"not_picked":["Deadly Poison","Rage"],"picked":"Cloak And Dagger","floor":18},{"not_picked":["Burning Pact","Hello World","Discovery"],"picked":"SKIP","floor":20},{"not_picked":["Reflex+1","Shockwave"],"picked":"Cold Snap","floor":21},{"not_picked":["Conserve Battery","Mind Blast"],"picked":"Flying Knee","floor":25},{"not_picked":["Poisoned Stab","Self Repair"],"picked":"Heavy Blade","floor":29},{"not_picked":["Deflect+1","PiercingWail"],"picked":"Coolheaded+1","floor":30},{"not_picked":["Backflip+1","Stack+1"],"picked":"Cloak And Dagger+1","floor":35},{"not_picked":["Noxious Fumes+1","Bane+1","Forethought+1"],"picked":"SKIP","floor":39},{"not_picked":["Streamline","Catalyst+1","Good Instincts+1"],"picked":"SKIP","floor":45},{"not_picked":["Corruption","PanicButton+1","Poisoned Stab"],"picked":"SKIP","floor":48}],"player_experience":769957,"relics_obtained":[{"floor":6,"key":"Oddly Smooth Stone"},{"floor":9,"key":"Orichalcum"},{"floor":13,"key":"Ancient Tea Set"},{"floor":26,"key":"Blood Vial"},{"floor":31,"key":"MawBank"},{"floor":38,"key":"Gambling Chip"},{"floor":41,"key":"Ginger"},{"floor":43,"key":"Pear"},{"floor":46,"key":"Lantern"}],"event_choices":[{"damage_healed":0,"gold_gain":75,"player_choice":"Gather Gold","damage_taken":11,"max_hp_gain":0,"max_hp_loss":0,"event_name":"World of Goop","floor":4,"gold_loss":0},{"damage_healed":20,"gold_gain":0,"player_choice":"Healed","damage_taken":0,"max_hp_gain":0,"max_hp_loss":0,"event_name":"The Cleric","floor":8,"gold_loss":35},{"damage_healed":0,"gold_gain":0,"player_choice":"Entered Light","damage_taken":16,"max_hp_gain":0,"max_hp_loss":0,"event_name":"Shining Light","floor":10,"gold_loss":0,"cards_upgraded":["Defend_R","Bash"]},{"cards_removed":["Defend_R"],"damage_healed":0,"gold_gain":0,"player_choice":"Forget","damage_taken":0,"max_hp_gain":0,"max_hp_loss":0,"event_name":"Living Wall","floor":12,"gold_loss":0},{"damage_healed":0,"gold_gain":0,"player_choice":"Obtain J.A.X.","damage_taken":0,"max_hp_gain":0,"max_hp_loss":0,"event_name":"Drug Dealer","floor":22,"gold_loss":0,"cards_obtained":["J.A.X."]},{"damage_healed":0,"gold_gain":0,"player_choice":"Ignored","damage_taken":0,"max_hp_gain":0,"max_hp_loss":0,"event_name":"Ghosts","floor":24,"gold_loss":0},{"cards_removed":["Strike_R"],"damage_healed":0,"gold_gain":0,"player_choice":"Gave Gold","damage_taken":0,"max_hp_gain":0,"max_hp_loss":0,"event_name":"Beggar","floor":27,"gold_loss":75},{"damage_healed":0,"gold_gain":0,"player_choice":"Memory 1","damage_taken":0,"max_hp_gain":0,"max_hp_loss":0,"event_name":"SensoryStone","floor":37,"gold_loss":0},{"damage_healed":0,"gold_gain":0,"player_choice":"Fight","damage_taken":0,"max_hp_gain":0,"max_hp_loss":0,"event_name":"MindBloom","floor":38,"gold_loss":0},{"damage_healed":0,"gold_gain":0,"player_choice":"Fight","damage_taken":0,"max_hp_gain":0,"max_hp_loss":0,"event_name":"Mysterious Sphere","floor":41,"gold_loss":0}],"is_beta":false,"boss_relics":[{"not_picked":["Runic Dome","Snecko Eye"],"picked":"Lizard Tail"},{"not_picked":["Black Star","Calling Bell"],"picked":"Runic Pyramid"}],"items_purged_floors":[5,19],"is_endless":false,"potions_floor_spawned":[13,14,16,18,21,25,29,35,48],"ascension_level":1}