{"gold_per_floor":[114,114,132,207,217,217,35,62,111,127,145,170,187,204,204,301,301,281,156,156,167,167,167,193,206,206,206,234,251,266,286,286,381,381,391,461,471,471,485,517,532,532,532,548,548],"floor_reached":45,"playtime":5610,"items_purged":["Defend_G"],"score":591,"play_id":"9e91a165-bab5-4afe-9edf-fdb0839d82ea","local_time":"20180723232330","is_ascension_mode":false,"campfire_choices":[{"data":"Prepared","floor":6,"key":"SMITH"},{"data":"Venomology","floor":15,"key":"SMITH"},{"floor":23,"key":"REST"},{"floor":27,"key":"REST"},{"floor":32,"key":"REST"},{"floor":42,"key":"REST"}],"neow_cost":"NONE","seed_source_timestamp":1013875079293484,"circlet_count":0,"master_deck":["Defend_G","Defend_G","Defend_G","Defend_G","Strike_G","Strike_G","Strike_G","Strike_G+1","Strike_G","Survivor","Neutralize","Prepared+1","Underhanded Strike","Glass Knife","Dagger Throw","Prepared","Finisher+1","Dagger Throw","Venomology+1","Expertise","Prepared","Tools of the Trade","Slice","Slice","Writhe","Underhanded Strike","Underhanded Strike+1","Distraction","Endless Agony+1","Acrobatics+1","Backstab","A Thousand Cuts","Deflect+1","Prepared+1","Quick Slash+1","Underhanded Strike+1","Heel Hook+1"],"relics":["Ring of the Snake","Regal Pillow","Odd Mushroom","Potion Belt","Whetstone","Lizard Tail","Mango","Nilry\u0027s Codex","Meat on the Bone","Ancient Tea Set","Centennial Puzzle","Philosopher\u0027s Stone","Bottled Tornado","Blood Vial","Toxic Egg 2"],"potions_floor_usage":[8,10,12,16,16,16,16,18,24,24,25,25,28,28,29,31,33,33,33,33,39,40,40,41,41,45],"damage_taken":[{"damage":0,"enemies":"Small Slimes","floor":1,"turns":3},{"damage":0,"enemies":"Cultist","floor":3,"turns":3},{"damage":0,"enemies":"2 Louse","floor":5,"turns":2},{"damage":0,"floor":8,"turns":3},{"damage":3,"enemies":"Lots of Slimes","floor":10,"turns":3},{"damage":0,"enemies":"Looter","floor":11,"turns":2},{"damage":0,"enemies":"Gremlin Nob","floor":12,"turns":3},{"damage":13,"enemies":"Blue Slaver","floor":13,"turns":3},{"damage":12,"enemies":"3 Louse","floor":14,"turns":3},{"damage":11,"enemies":"Slime Boss","floor":16,"turns":11},{"damage":25,"enemies":"2 Thieves","floor":18,"turns":4},{"damage":0,"enemies":"Spheric Guardian","floor":21,"turns":1},{"damage":39,"enemies":"Slavers","floor":24,"turns":5},{"damage":15,"enemies":"Snecko","floor":25,"turns":4},{"damage":39,"enemies":"Book of Stabbing","floor":28,"turns":4},{"damage":3,"enemies":"3 Cultists","floor":29,"turns":4},{"damage":18,"enemies":"Cultist and Chosen","floor":30,"turns":4},{"damage":12,"enemies":"Slaver and Parasite","floor":31,"turns":2},{"damage":97,"enemies":"Champ","floor":33,"turns":14},{"damage":37,"enemies":"3 Darklings","floor":35,"turns":5},{"damage":26,"enemies":"Flame Bruiser 1 Orb","floor":37,"turns":5},{"damage":39,"enemies":"Transient","floor":39,"turns":5},{"damage":43,"enemies":"Giant Head","floor":40,"turns":6},{"damage":11,"enemies":"3 Darklings","floor":41,"turns":3},{"damage":50,"enemies":"Maw","floor":44,"turns":6},{"damage":34,"enemies":"Spire Growth","floor":45,"turns":2}],"seed_played":"-2236551757095393664","potions_obtained":[{"floor":3,"key":"GhostInAJar"},{"floor":5,"key":"AttackPotion"},{"floor":11,"key":"Block Potion"},{"floor":14,"key":"EssenceOfSteel"},{"floor":21,"key":"PowerPotion"},{"floor":29,"key":"Explosive Potion"},{"floor":30,"key":"Dexterity Potion"},{"floor":31,"key":"SkillPotion"},{"floor":33,"key":"SpeedPotion"},{"floor":39,"key":"Explosive Potion"},{"floor":40,"key":"GhostInAJar"}],"is_trial":false,"path_per_floor":["M","?","M","?","M","R","$","?","T","M","M","E","M","M","R","B",null,"M","$","?","M","?","R","E","M","T","R","E","M","M","M","R","B",null,"M","T","M","?","M","E","M","R","T","M"],"character_chosen":"THE_SILENT","items_purchased":["Finisher","Regal Pillow","Slice"],"campfire_rested":4,"item_purchase_floors":[7,7,19],"current_hp_per_floor":[70,70,70,59,59,59,59,59,59,56,56,56,43,31,31,20,70,45,45,59,59,43,83,44,41,41,81,54,63,45,45,84,43,84,47,47,33,73,46,15,18,54,54,18,0],"gold":548,"neow_bonus":"THREE_CARDS","is_prod":false,"is_daily":false,"chose_seed":false,"campfire_upgraded":2,"win_rate":0,"timestamp":1532352210,"path_taken":["M","?","?","?","M","R","$","?","T","M","M","E","M","M","R","BOSS","M","$","?","M","?","R","E","M","T","R","E","?","M","M","R","BOSS","M","?","?","?","?","E","M","R","T","M","M"],"build_version":"2018-07-19v2","purchased_purges":1,"victory":false,"max_hp_per_floor":[70,70,70,70,70,70,70,70,70,70,70,70,70,70,70,70,70,70,70,84,84,84,84,84,84,84,84,84,84,84,84,84,84,84,84,84,84,73,73,73,73,73,73,73,73],"card_choices":[{"not_picked":["Quick Slash","Acrobatics"],"picked":"Prepared","floor":0},{"not_picked":["Poisoned Stab","Blade Dance"],"picked":"Underhanded Strike","floor":1},{"not_picked":["Flying Knee","Bane"],"picked":"Dagger Throw","floor":3},{"not_picked":["Reflex","Dagger Spray"],"picked":"Prepared","floor":5},{"not_picked":["Backflip","Dodge and Roll"],"picked":"Dagger Throw","floor":8},{"not_picked":["Crippling Poison","Flying Knee","PiercingWail"],"picked":"SKIP","floor":10},{"not_picked":["Deflect","Poisoned Stab"],"picked":"Venomology","floor":11},{"not_picked":["Malaise","Riddle With Holes"],"picked":"Expertise","floor":12},{"not_picked":["Dagger Throw","Quick Slash","Flechettes"],"picked":"SKIP","floor":13},{"not_picked":["Noxious Fumes","Deflect"],"picked":"Prepared","floor":14},{"not_picked":["Glass Knife","Venomology"],"picked":"Tools of the Trade","floor":16},{"not_picked":["Distraction","Poisoned Stab+1"],"picked":"Slice","floor":18},{"not_picked":["Heel Hook+1","Distraction"],"picked":"Underhanded Strike","floor":21},{"not_picked":["Wraith Form v2","Infinite Blades"],"picked":"Underhanded Strike+1","floor":24},{"not_picked":["Predator","Flying Knee"],"picked":"Distraction","floor":25},{"not_picked":["Underhanded Strike","Dash","Backflip"],"picked":"SKIP","floor":28},{"not_picked":["Distraction","Leg Sweep"],"picked":"Endless Agony+1","floor":29},{"not_picked":["Skewer","Dagger Throw"],"picked":"Acrobatics+1","floor":30},{"not_picked":["Well Laid Plans+1","Blade Dance"],"picked":"Backstab","floor":31},{"not_picked":["Burst","Unload"],"picked":"A Thousand Cuts","floor":33},{"not_picked":["Deadly Poison+1","Dodge and Roll"],"picked":"Deflect+1","floor":35},{"not_picked":["PiercingWail+1","Catalyst","Leg Sweep"],"picked":"SKIP","floor":37},{"not_picked":["Bouncing Flask","Terror+1"],"picked":"Prepared+1","floor":39},{"not_picked":["Outmaneuver","Blur"],"picked":"Quick Slash+1","floor":40},{"not_picked":["Deadly Poison+1","Calculated Gamble+1"],"picked":"Underhanded Strike+1","floor":41},{"not_picked":["Deadly Poison+1","Underhanded Strike"],"picked":"Heel Hook+1","floor":44}],"player_experience":35771,"relics_obtained":[{"floor":8,"key":"Odd Mushroom"},{"floor":9,"key":"Potion Belt"},{"floor":12,"key":"Whetstone"},{"floor":22,"key":"Nilry\u0027s Codex"},{"floor":24,"key":"Meat on the Bone"},{"floor":26,"key":"Ancient Tea Set"},{"floor":28,"key":"Centennial Puzzle"},{"floor":36,"key":"Bottled Tornado"},{"floor":40,"key":"Blood Vial"},{"floor":43,"key":"Toxic Egg 2"}],"event_choices":[{"event_name":"Match and Keep!","player_choice":"1 cards matched","floor":2,"damage_taken":0},{"event_name":"World of Goop","player_choice":"Gather Gold","floor":4,"damage_taken":0},{"event_name":"Mushrooms","player_choice":"Fought Mushrooms","floor":8,"damage_taken":0},{"event_name":"The Mausoleum","player_choice":"Yes","floor":20,"damage_taken":0},{"event_name":"Cursed Tome","player_choice":"Obtained Book","floor":22,"damage_taken":0},{"event_name":"The Moai Head","player_choice":"Heal","floor":38,"damage_taken":0}],"is_beta":false,"boss_relics":[{"not_picked":["Runic Dome","Sozu"],"picked":"Lizard Tail"},{"not_picked":["Astrolabe","Eternal Feather"],"picked":"Philosopher\u0027s Stone"}],"items_purged_floors":[19],"is_endless":false,"potions_floor_spawned":[3,5,11,14,21,29,30,31,33,39,40],"killed_by":"Spire Growth","ascension_level":0}