{"gold_per_floor":[112,128,140,151,167,167,180,194,194,194,219,239,239,259,259,361,361,374,385,404,704,340,357,357,357,357,370,389,389,405,405,405,502,502,517,534,534,547,56,56,71,71,94,94],"floor_reached":44,"playtime":56138,"items_purged":["Writhe"],"score":525,"play_id":"a107dfdb-3258-4bb2-bf13-bbd6f64bf2a9","local_time":"20190211113658","is_ascension_mode":true,"campfire_choices":[{"data":"Uppercut","floor":6,"key":"SMITH"},{"data":"Spot Weakness","floor":10,"key":"SMITH"},{"floor":15,"key":"REST"},{"data":"Shrug It Off","floor":25,"key":"SMITH"},{"floor":29,"key":"REST"},{"floor":32,"key":"REST"},{"floor":40,"key":"REST"},{"floor":42,"key":"RECALL"}],"neow_cost":"NONE","seed_source_timestamp":276151338270001,"circlet_count":0,"master_deck":["Strike_R","Strike_R","Strike_R","Strike_R","Strike_R","Defend_R+1","Defend_R","Defend_R","Defend_R","Bash","Spot Weakness+1","Clash","Uppercut+1","Battle Trance","Sword Boomerang","Cleave","Limit Break+1","Discovery","Perfected Strike","Flex","Berserk","Rampage+1","Shrug It Off+1","Feed+1","Rampage+1","Inflame+1","Metallicize+1","Double Tap","Clash","Inflame+1","Anger+1","Parasite"],"relics":["Black Blood","Bronze Scales","Happy Flower","Runic Cube","Old Coin","Anchor","Frozen Egg 2","Boot","FaceOfCleric","Molten Egg 2","War Paint","Orichalcum"],"potions_floor_usage":[16,19,19,20,27,28,33,41,44,44],"damage_taken":[{"damage":1,"enemies":"Cultist","floor":1,"turns":4},{"damage":7,"enemies":"2 Louse","floor":2,"turns":3},{"damage":7,"enemies":"Small Slimes","floor":3,"turns":4},{"damage":12,"enemies":"Looter","floor":4,"turns":3},{"damage":9,"enemies":"Red Slaver","floor":5,"turns":3},{"damage":12,"enemies":"Exordium Thugs","floor":7,"turns":4},{"damage":24,"enemies":"Gremlin Gang","floor":8,"turns":4},{"damage":10,"enemies":"3 Sentries","floor":11,"turns":4},{"damage":16,"enemies":"Large Slime","floor":12,"turns":5},{"damage":0,"enemies":"Exordium Thugs","floor":14,"turns":3},{"damage":20,"enemies":"Hexaghost","floor":16,"turns":6},{"damage":16,"enemies":"Spheric Guardian","floor":18,"turns":3},{"damage":0,"enemies":"3 Byrds","floor":19,"turns":1},{"damage":24,"enemies":"Centurion and Healer","floor":20,"turns":3},{"damage":27,"enemies":"Snecko","floor":23,"turns":5},{"damage":27,"enemies":"Sentry and Sphere","floor":27,"turns":5},{"damage":13,"enemies":"Shelled Parasite and Fungi","floor":28,"turns":3},{"damage":3,"enemies":"Snake Plant","floor":30,"turns":2},{"damage":63,"enemies":"Champ","floor":33,"turns":12},{"damage":47,"enemies":"3 Darklings","floor":35,"turns":5},{"damage":17,"enemies":"Orb Walker","floor":36,"turns":3},{"damage":6,"enemies":"4 Shapes","floor":38,"turns":11},{"damage":16,"enemies":"Jaw Worm Horde","floor":41,"turns":4},{"damage":58,"enemies":"Writhing Mass","floor":44,"turns":3}],"seed_played":"4412493778865702657","potions_obtained":[{"floor":3,"key":"LiquidBronze"},{"floor":4,"key":"SpeedPotion"},{"floor":12,"key":"Block Potion"},{"floor":16,"key":"Ancient Potion"},{"floor":18,"key":"Energy Potion"},{"floor":20,"key":"Weak Potion"},{"floor":23,"key":"BloodPotion"},{"floor":28,"key":"SteroidPotion"},{"floor":33,"key":"Ancient Potion"},{"floor":36,"key":"SkillPotion"},{"floor":38,"key":"GamblersBrew"}],"is_trial":false,"path_per_floor":["M","M","M","M","M","R","M","M","T","R","E","M","?","M","R","B",null,"M","M","M","?","$","M","?","R","T","M","M","R","M","T","R","B",null,"M","M","?","M","$","R","M","R","T","M"],"character_chosen":"IRONCLAD","items_purchased":["Anchor","Feed","Inflame+1","Molten Egg 2","War Paint"],"campfire_rested":4,"item_purchase_floors":[22,22,39,39,39],"current_hp_per_floor":[80,79,78,72,69,69,63,45,45,45,41,31,31,37,61,47,72,62,68,50,50,50,29,29,29,29,12,13,38,41,41,66,9,65,28,21,21,26,26,51,50,50,50,0],"gold":94,"neow_bonus":"RANDOM_COMMON_RELIC","is_prod":false,"is_daily":false,"chose_seed":false,"campfire_upgraded":3,"win_rate":0,"timestamp":1549913818,"path_taken":["M","M","M","?","M","R","M","M","T","R","E","M","?","?","R","BOSS","M","M","M","?","$","M","?","R","T","?","M","R","M","?","R","BOSS","M","M","?","M","$","R","M","R","T","M"],"build_version":"2019-01-23","purchased_purges":1,"victory":false,"max_hp_per_floor":[80,80,80,80,80,80,80,80,80,80,80,80,80,80,80,80,80,80,80,80,80,80,80,80,80,80,84,84,84,84,84,84,84,84,84,84,84,85,85,85,90,90,90,90],"card_choices":[{"not_picked":["Twin Strike","Metallicize"],"picked":"Spot Weakness","floor":1},{"not_picked":["Corruption","Body Slam","True Grit"],"picked":"SKIP","floor":2},{"not_picked":["Perfected Strike","Sword Boomerang"],"picked":"Clash","floor":3},{"not_picked":["Flex","Burning Pact"],"picked":"Uppercut","floor":4},{"not_picked":["Body Slam","Clothesline"],"picked":"Battle Trance","floor":5},{"not_picked":["Twin Strike","Wild Strike"],"picked":"Sword Boomerang","floor":7},{"not_picked":["Uppercut","Ghostly Armor"],"picked":"Cleave","floor":8},{"not_picked":["Ghostly Armor","Thunderclap","Twin Strike"],"picked":"SKIP","floor":11},{"not_picked":["Hemokinesis","Havoc"],"picked":"Limit Break","floor":12},{"not_picked":["Hemokinesis","Wild Strike"],"picked":"Flex","floor":14},{"not_picked":["Offering","Exhume"],"picked":"Berserk","floor":16},{"not_picked":["Warcry+1","Havoc","Thunderclap"],"picked":"SKIP","floor":18},{"not_picked":["Thunderclap","Seeing Red"],"picked":"Rampage+1","floor":19},{"not_picked":["Second Wind+1","Flex"],"picked":"Shrug It Off","floor":20},{"not_picked":["Dropkick","Entrench+1","True Grit"],"picked":"SKIP","floor":23},{"not_picked":["Sword Boomerang","Limit Break"],"picked":"Rampage+1","floor":27},{"not_picked":["Dropkick","Bloodletting+1"],"picked":"Inflame+1","floor":28},{"not_picked":["Rage+1","Havoc"],"picked":"Metallicize+1","floor":30},{"not_picked":["Dark Embrace+1","Barricade+1"],"picked":"Double Tap","floor":33},{"not_picked":["Entrench","Searing Blow","Rupture+1"],"picked":"SKIP","floor":35},{"not_picked":["Flame Barrier+1","True Grit+1"],"picked":"Clash","floor":36},{"not_picked":["Headbutt+1","Thunderclap+1","Perfected Strike+1"],"picked":"SKIP","floor":38},{"not_picked":["Cleave+1","Havoc+1"],"picked":"Anger+1","floor":41}],"player_experience":686327,"relics_obtained":[{"floor":11,"key":"Happy Flower"},{"floor":26,"key":"Frozen Egg 2"},{"floor":31,"key":"Boot"},{"floor":43,"key":"Orichalcum"}],"event_choices":[{"damage_healed":0,"gold_gain":0,"player_choice":"2 cards matched","damage_taken":0,"max_hp_gain":0,"max_hp_loss":0,"event_name":"Match and Keep!","floor":13,"gold_loss":0,"cards_obtained":["Discovery","Perfected Strike"]},{"damage_healed":0,"gold_gain":0,"player_choice":"Opened","damage_taken":0,"relics_obtained":["Old Coin"],"max_hp_gain":0,"max_hp_loss":0,"event_name":"The Mausoleum","floor":21,"gold_loss":0,"cards_obtained":["Writhe"]},{"damage_healed":0,"gold_gain":0,"player_choice":"Forge","damage_taken":0,"max_hp_gain":0,"max_hp_loss":0,"event_name":"Accursed Blacksmith","floor":24,"gold_loss":0,"cards_upgraded":["Feed"]},{"damage_healed":0,"gold_gain":0,"player_choice":"Trade","damage_taken":0,"relics_obtained":["FaceOfCleric"],"max_hp_gain":0,"max_hp_loss":0,"event_name":"FaceTrader","floor":37,"gold_loss":0}],"is_beta":false,"boss_relics":[{"not_picked":["Tiny House","Orrery"],"picked":"Runic Cube"},{"not_picked":["Mark of Pain","Coffee Dripper"],"picked":"Black Blood"}],"items_purged_floors":[22],"is_endless":false,"potions_floor_spawned":[3,4,12,14,16,18,20,23,28,33,36,38],"killed_by":"Writhing Mass","ascension_level":5}