{"gold_per_floor":[118,118,133,133,150,175,175,207,207,239,239,253,273,348,348,426,426,426,149,149,149,149,149,149,149,149,149,149,149,149,149,149,149,149,149,149,149,149,149,149,149,149],"floor_reached":42,"playtime":3876,"items_purged":[],"score":1004,"play_id":"ecf248e0-1673-4ff2-a979-b52104c44158","local_time":"20190117033231","is_ascension_mode":true,"campfire_choices":[{"data":"Sunder","floor":7.0,"key":"SMITH"},{"floor":11.0,"key":"REST"},{"data":"Static Discharge","floor":15.0,"key":"SMITH"},{"floor":24.0,"key":"REST"},{"floor":27.0,"key":"REST"},{"floor":29.0,"key":"REST"},{"data":"Coolheaded","floor":32,"key":"SMITH"},{"floor":41,"key":"REST"}],"neow_cost":"NONE","seed_source_timestamp":568978467001742,"circlet_count":0,"master_deck":["AscendersBane","Defend_B","Defend_B","Defend_B","Zap","Dualcast","Coolheaded+1","Compile Driver","Darkness","Sunder+1","Glacier+1","Static Discharge+1","Fission+1","Auto Shields+1","Fusion+1","Hologram+1","Consume+1","White Noise+1","Recycle+1","Undo+1"],"special_seed":0,"relics":["Cracked Core","NeowsBlessing","Incense Burner","Toxic Egg 2","Symbiotic Virus","Matryoshka","Ectoplasm","Mummified Hand","Red Mask","Gremlin Horn","Ornamental Fan","Pear","Bag of Marbles","Dodecahedron","Empty Cage","Kunai"],"potions_floor_usage":[33,40,42],"damage_taken":[{"damage":0.0,"enemies":"2 Louse","floor":1.0,"turns":1.0},{"damage":0.0,"enemies":"Small Slimes","floor":3.0,"turns":1.0},{"damage":0.0,"enemies":"Cultist","floor":5.0,"turns":1.0},{"damage":12.0,"enemies":"Gremlin Nob","floor":6.0,"turns":3.0},{"damage":21.0,"enemies":"3 Sentries","floor":8.0,"turns":9.0},{"damage":8.0,"enemies":"Gremlin Nob","floor":10.0,"turns":4.0},{"damage":0.0,"enemies":"Blue Slaver","floor":12.0,"turns":4.0},{"damage":0.0,"enemies":"Large Slime","floor":13.0,"turns":5.0},{"damage":18.0,"enemies":"The Guardian","floor":16.0,"turns":12.0},{"damage":16.0,"enemies":"Shell Parasite","floor":18.0,"turns":3.0},{"damage":0.0,"enemies":"3 Byrds","floor":21.0,"turns":3.0},{"damage":17.0,"enemies":"Masked Bandits","floor":22.0,"turns":5.0},{"damage":20.0,"enemies":"Slavers","floor":23.0,"turns":3.0},{"damage":0.0,"enemies":"Snecko","floor":25.0,"turns":6.0},{"damage":1.0,"enemies":"Gremlin Leader","floor":28.0,"turns":7.0},{"damage":22.0,"enemies":"Book of Stabbing","floor":30.0,"turns":4.0},{"damage":2,"enemies":"Shelled Parasite and Fungi","floor":31,"turns":5},{"damage":36,"enemies":"Collector","floor":33,"turns":13},{"damage":1,"enemies":"Orb Walker","floor":35,"turns":4},{"damage":6,"enemies":"3 Darklings","floor":37,"turns":6},{"damage":50,"enemies":"Reptomancer","floor":40,"turns":12},{"damage":38,"enemies":"Nemesis","floor":42,"turns":6}],"seed_played":"-9007314856541879774","potions_obtained":[{"floor":1.0,"key":"Fire Potion"},{"floor":13.0,"key":"Fire Potion"},{"floor":16.0,"key":"LiquidBronze"},{"floor":18.0,"key":"Block Potion"},{"floor":28.0,"key":"Strength Potion"},{"floor":31,"key":"FearPotion"},{"floor":33,"key":"Swift Potion"},{"floor":37,"key":"SkillPotion"},{"floor":40,"key":"FocusPotion"}],"is_trial":false,"path_per_floor":["M","?","M","?","M","E","R","E","T","E","R","M","M","?","R","B",null,"M","$","?","M","?","E","R","M","T","R","E","R","E","M","R","B",null,"M","$","M","$","?","E","R","E"],"character_chosen":"DEFECT","items_purchased":["Mummified Hand"],"campfire_rested":5,"item_purchase_floors":[19],"current_hp_per_floor":[64,57,57,57,57,45,45,24,24,16,37,37,37,26,26,8,55,39,39,39,39,22,2,23,23,33,57,56,80,58,56,56,20,66,65,65,59,59,59,9,33,0],"gold":149,"neow_bonus":"THREE_ENEMY_KILL","is_prod":false,"is_daily":false,"chose_seed":false,"campfire_upgraded":3,"win_rate":0,"timestamp":1547692351,"path_taken":["M","?","M","?","?","E","R","E","T","E","R","M","M","?","R","BOSS","M","$","?","?","?","E","R","M","T","R","E","R","E","M","R","BOSS","M","$","M","$","?","E","R","E"],"build_version":"2019-01-10","purchased_purges":0,"victory":false,"max_hp_per_floor":[71,71,71,71,71,71,71,71,71,71,71,71,71,71,71,71,71,71,71,71,71,71,71,71,71,81,81,81,81,81,81,81,81,81,81,81,81,81,81,81,81,81],"card_choices":[{"not_picked":["Melter","Streamline"],"picked":"Coolheaded","floor":1.0},{"not_picked":["Conserve Battery","Leap"],"picked":"Compile Driver","floor":3.0},{"not_picked":["Gash","Steam"],"picked":"Darkness","floor":5.0},{"not_picked":["Redo","Rebound"],"picked":"Sunder","floor":6.0},{"not_picked":["Lockon","Turbo"],"picked":"Glacier","floor":8.0},{"not_picked":["Gash","Doom and Gloom"],"picked":"Static Discharge","floor":10.0},{"not_picked":["Steam+1","Storm","Turbo+1"],"picked":"SKIP","floor":12.0},{"not_picked":["Hello World","Gash","Compile Driver"],"picked":"SKIP","floor":13.0},{"not_picked":["Echo Form","Core Surge"],"picked":"Fission+1","floor":16.0},{"not_picked":["Compile Driver","Ball Lightning"],"picked":"Auto Shields+1","floor":18.0},{"not_picked":["Stack+1","Cold Snap"],"picked":"Fusion+1","floor":21.0},{"not_picked":["Gash","Barrage"],"picked":"Hologram+1","floor":22.0},{"not_picked":["Conserve Battery+1","Ball Lightning"],"picked":"Consume+1","floor":23.0},{"not_picked":["Static Discharge","Compile Driver","Turbo+1"],"picked":"SKIP","floor":25.0},{"not_picked":["Ball Lightning","Streamline","Lockon"],"picked":"SKIP","floor":28.0},{"not_picked":["Double Energy+1","Reboot+1"],"picked":"White Noise+1","floor":30.0},{"not_picked":["BootSequence+1","Cold Snap"],"picked":"Recycle+1","floor":31},{"not_picked":["Leap+1","Ball Lightning","Go for the Eyes"],"picked":"SKIP","floor":35},{"not_picked":["Reinforced Body+1","Fusion+1"],"picked":"Undo+1","floor":37},{"not_picked":["Rebound","Static Discharge+1","Recycle+1"],"picked":"SKIP","floor":40}],"player_experience":469096,"relics_obtained":[{"floor":6.0,"key":"Incense Burner"},{"floor":8.0,"key":"Toxic Egg 2"},{"floor":9.0,"key":"Symbiotic Virus"},{"floor":10.0,"key":"Matryoshka"},{"floor":22.0,"key":"Red Mask"},{"floor":23.0,"key":"Gremlin Horn"},{"floor":26.0,"key":"Ornamental Fan"},{"floor":26.0,"key":"Pear"},{"floor":28.0,"key":"Bag of Marbles"},{"floor":30.0,"key":"Dodecahedron"},{"floor":40,"key":"Kunai"}],"event_choices":[{"cards_removed":["Strike_B"],"damage_healed":0.0,"max_hp_gain":0.0,"max_hp_loss":0.0,"gold_gain":0.0,"event_name":"Golden Wing","player_choice":"Card Removal","floor":2.0,"gold_loss":0.0,"damage_taken":7.0},{"cards_removed":["Strike_B"],"damage_healed":0.0,"max_hp_gain":0.0,"max_hp_loss":0.0,"gold_gain":0.0,"event_name":"Purifier","player_choice":"Purged","floor":4.0,"gold_loss":0.0,"damage_taken":0.0},{"damage_healed":0.0,"max_hp_gain":0.0,"max_hp_loss":0.0,"gold_gain":75.0,"event_name":"World of Goop","player_choice":"Gather Gold","floor":14.0,"gold_loss":0.0,"damage_taken":11.0},{"cards_removed":["Strike_B"],"damage_healed":0.0,"max_hp_gain":0.0,"max_hp_loss":0.0,"gold_gain":0.0,"event_name":"Purifier","player_choice":"Purged","floor":20.0,"gold_loss":0.0,"damage_taken":0.0},{"damage_healed":0.0,"max_hp_gain":0.0,"max_hp_loss":0.0,"gold_gain":0.0,"event_name":"Masked Bandits","player_choice":"Fought Bandits","floor":22.0,"gold_loss":0.0,"damage_taken":0.0},{"damage_healed":0,"gold_gain":50,"player_choice":"Pray","damage_taken":0,"max_hp_gain":0,"max_hp_loss":0,"event_name":"Golden Shrine","floor":39,"gold_loss":0}],"is_beta":false,"boss_relics":[{"not_picked":["Astrolabe","Coffee Dripper"],"picked":"Ectoplasm"},{"not_picked":["Snecko Eye","Busted Crown"],"picked":"Empty Cage"}],"items_purged_floors":[],"is_endless":false,"potions_floor_spawned":[1,13,16,18,28,31,33,37,40],"killed_by":"Nemesis","ascension_level":20}