{"gold_per_floor":[110,122,134,89,103,103,134,134,134,169,169,189,201,32,32,103,103,121,139,149,149,169,169,169],"floor_reached":24,"playtime":1750,"items_purged":[],"score":389,"play_id":"d6be3ba4-b58a-42a4-917b-45f53a719b35","local_time":"20190129233013","is_ascension_mode":true,"campfire_choices":[{"data":"Quick Slash","floor":6,"key":"SMITH"},{"floor":8,"key":"REST"},{"data":"Dagger Throw","floor":11,"key":"SMITH"},{"floor":15,"key":"REST"},{"floor":23,"key":"REST"}],"neow_cost":"NONE","seed_source_timestamp":198600063483805,"circlet_count":0,"master_deck":["AscendersBane","Defend_G","Defend_G","Defend_G","Defend_G","Defend_G","Strike_G","Strike_G","Strike_G","Strike_G","Strike_G","Survivor","Neutralize","Quick Slash+1","Adrenaline","Dagger Spray","Catalyst","Dagger Throw+1","Backflip","Masterful Stab","Crippling Poison","A Thousand Cuts+1","Acrobatics+1","Leg Sweep","Catalyst","Quick Slash+1"],"relics":["Sozu","Du-Vu Doll","Frozen Egg 2","Blue Candle","Snake Skull","Snecko Eye"],"potions_floor_usage":[],"damage_taken":[{"damage":2,"enemies":"2 Louse","floor":1,"turns":4},{"damage":0,"enemies":"Jaw Worm","floor":2,"turns":4},{"damage":4,"enemies":"Small Slimes","floor":3,"turns":4},{"damage":0,"enemies":"3 Louse","floor":5,"turns":2},{"damage":17,"enemies":"3 Sentries","floor":7,"turns":8},{"damage":20,"enemies":"Lagavulin","floor":10,"turns":7},{"damage":0,"enemies":"Lots of Slimes","floor":12,"turns":3},{"damage":0,"enemies":"Looter","floor":13,"turns":2},{"damage":25,"enemies":"The Guardian","floor":16,"turns":12},{"damage":18,"enemies":"2 Thieves","floor":18,"turns":4},{"damage":6,"enemies":"Shell Parasite","floor":19,"turns":4},{"damage":0,"enemies":"Centurion and Healer","floor":20,"turns":3},{"damage":10,"enemies":"Snake Plant","floor":22,"turns":3},{"damage":64,"enemies":"Book of Stabbing","floor":24,"turns":6}],"seed_played":"-7855437376128814081","potions_obtained":[],"is_trial":false,"path_per_floor":["M","M","M","?","M","R","E","R","T","E","R","M","M","$","R","B",null,"M","M","M","?","M","R","E"],"character_chosen":"THE_SILENT","items_purchased":["Snake Skull"],"campfire_rested":3,"item_purchase_floors":[14],"current_hp_per_floor":[57,57,53,53,53,53,36,55,55,35,35,35,35,35,54,29,57,39,33,33,33,23,42,0],"gold":169,"neow_bonus":"BOSS_RELIC","is_prod":false,"is_daily":false,"chose_seed":false,"campfire_upgraded":2,"win_rate":0,"timestamp":1548822613,"path_taken":["M","M","M","?","M","R","E","R","T","E","R","M","M","$","R","BOSS","M","M","M","?","M","R","E"],"build_version":"2019-01-23","purchased_purges":0,"victory":false,"max_hp_per_floor":[66,66,66,66,66,66,66,66,66,66,66,66,66,66,66,66,66,66,66,66,66,66,66,66],"card_choices":[{"not_picked":["Outmaneuver","Eviscerate"],"picked":"Quick Slash","floor":1},{"not_picked":["Cloak And Dagger","Concentrate"],"picked":"Adrenaline","floor":2},{"not_picked":["Sucker Punch","Terror"],"picked":"Dagger Spray","floor":3},{"not_picked":["Deadly Poison","Prepared"],"picked":"Catalyst","floor":5},{"not_picked":["Flechettes","Prepared"],"picked":"Dagger Throw","floor":7},{"not_picked":["Dagger Spray","PiercingWail"],"picked":"Backflip","floor":10},{"not_picked":["Deflect","Acrobatics"],"picked":"Masterful Stab","floor":12},{"not_picked":["Prepared","Deflect"],"picked":"Crippling Poison","floor":13},{"not_picked":["Doppelganger","Unload"],"picked":"A Thousand Cuts+1","floor":16},{"not_picked":["Poisoned Stab","Quick Slash+1"],"picked":"Acrobatics+1","floor":18},{"not_picked":["Backflip","Blade Dance"],"picked":"Leg Sweep","floor":19},{"not_picked":["Terror+1","Acrobatics"],"picked":"Catalyst","floor":20},{"not_picked":["Poisoned Stab","Deflect"],"picked":"Quick Slash+1","floor":22}],"player_experience":736629,"relics_obtained":[{"floor":7,"key":"Du-Vu Doll"},{"floor":9,"key":"Frozen Egg 2"},{"floor":10,"key":"Blue Candle"}],"event_choices":[{"damage_healed":0,"gold_gain":0,"player_choice":"Left Gold","damage_taken":0,"max_hp_gain":0,"max_hp_loss":0,"event_name":"World of Goop","floor":4,"gold_loss":45},{"damage_healed":0,"gold_gain":0,"player_choice":"Ignored","damage_taken":0,"max_hp_gain":0,"max_hp_loss":0,"event_name":"The Mausoleum","floor":21,"gold_loss":0}],"is_beta":false,"boss_relics":[{"not_picked":["Empty Cage","Ectoplasm"],"picked":"Snecko Eye"}],"items_purged_floors":[],"is_endless":false,"potions_floor_spawned":[7,10,13,16],"killed_by":"Book of Stabbing","ascension_level":17}