{"gold_per_floor":[114,129,144,159,159,159,189,216,228,255,267,330,357,444,456,568,580,607,619,631,643,670,682,709,751,763,790,201,201,301,316,316,416,416,431,431,446,450,465,465,495,495,545,545,171,186,201,216,216,216],"floor_reached":51,"playtime":19442,"items_purged":[],"score":726,"play_id":"7550ab7e-b644-4b0b-b4ce-c6b4f0e83f6b","local_time":"20181221113557","daily_mods":["SealedDeck","Blue Cards","Night Terrors"],"is_ascension_mode":false,"campfire_choices":[{"data":"Anger","floor":6.0,"key":"SMITH"},{"data":"Sweeping Beam","floor":11.0,"key":"SMITH"},{"data":"Rage","floor":15.0,"key":"SMITH"},{"data":"Cleave","floor":23.0,"key":"SMITH"},{"floor":29.0,"key":"REST"},{"floor":32.0,"key":"REST"},{"floor":40.0,"key":"REST"},{"floor":42,"key":"REST"},{"data":"BootSequence","floor":49,"key":"SMITH"}],"neow_cost":"","seed_source_timestamp":0,"circlet_count":0,"master_deck":["Armaments","Sweeping Beam+1","Auto Shields","Leap","Cleave+1","Blood for Blood","Rage+1","Cleave","Cleave","Seeing Red","Inflame","Anger+1","Wild Strike","Cleave","Hemokinesis","Hologram","Sever Soul","Flame Barrier","Machine Learning+1","BootSequence+1","Headbutt","Conserve Battery+1","Shrug It Off","Leap+1","Shrug It Off+1","Streamline+1","Steam+1","Flame Barrier+1","Auto Shields+1","Pommel Strike+1","Seek+1","Beam Cell+1","Streamline+1","Madness+1","Madness+1","Whirlwind+1","Ghostly Armor+1","Havoc+1","Shrug It Off+1","Conserve Battery+1","Conserve Battery+1","Self Repair","Sweeping Beam+1","Warcry+1","Iron Wave+1","Sweeping Beam+1","Body Slam+1"],"special_seed":17886,"relics":["Burning Blood","MawBank","Dodecahedron","Black Star","Nilry\u0027s Codex","Mango","Toxic Egg 2","Molten Egg 2","Regal Pillow","Pen Nib","ClockworkSouvenir","Prayer Wheel","Bottled Tornado","Lizard Tail","Nunchaku","Incense Burner","Dead Branch","Omamori","Bird Faced Urn"],"potions_floor_usage":[],"damage_taken":[{"damage":0.0,"enemies":"Small Slimes","floor":1.0,"turns":3.0},{"damage":0.0,"enemies":"Jaw Worm","floor":2.0,"turns":4.0},{"damage":0.0,"enemies":"2 Louse","floor":3.0,"turns":1.0},{"damage":0.0,"enemies":"Looter","floor":4.0,"turns":2.0},{"damage":24.0,"enemies":"Lagavulin","floor":7.0,"turns":6.0},{"damage":0.0,"enemies":"Gremlin Gang","floor":8.0,"turns":1.0},{"damage":0.0,"enemies":"3 Louse","floor":10.0,"turns":2.0},{"damage":0.0,"enemies":"2 Fungi Beasts","floor":13.0,"turns":2.0},{"damage":38.0,"enemies":"Slime Boss","floor":16.0,"turns":7.0},{"damage":1.0,"enemies":"2 Thieves","floor":18.0,"turns":3.0},{"damage":5.0,"enemies":"3 Byrds","floor":22.0,"turns":3.0},{"damage":11.0,"enemies":"Shelled Parasite and Fungi","floor":24.0,"turns":6.0},{"damage":35.0,"enemies":"Slavers","floor":25.0,"turns":5.0},{"damage":11.0,"enemies":"Snake Plant","floor":27.0,"turns":5.0},{"damage":28.0,"enemies":"Colosseum Slavers","floor":30.0,"turns":5.0},{"damage":46.0,"enemies":"Colosseum Nobs","floor":30.0,"turns":5.0},{"damage":6.0,"enemies":"Centurion and Healer","floor":31.0,"turns":5.0},{"damage":61.0,"enemies":"Collector","floor":33.0,"turns":11.0},{"damage":6.0,"enemies":"3 Shapes","floor":35.0,"turns":4.0},{"damage":22.0,"enemies":"3 Darklings","floor":37.0,"turns":4.0},{"damage":45.0,"enemies":"2 Orb Walkers","floor":38.0,"turns":6.0},{"damage":62.0,"enemies":"Writhing Mass","floor":39.0,"turns":7.0},{"damage":77.0,"enemies":"Giant Head","floor":41.0,"turns":9.0},{"damage":3,"enemies":"Sphere and 2 Shapes","floor":46,"turns":3},{"damage":3,"enemies":"Jaw Worm Horde","floor":47,"turns":2},{"damage":2,"enemies":"Maw","floor":48,"turns":9},{"damage":40,"enemies":"Donu and Deca","floor":50,"turns":13}],"seed_played":"8047244864974201338","potions_obtained":[{"floor":1.0,"key":"BloodPotion"},{"floor":3.0,"key":"Fire Potion"},{"floor":4.0,"key":"Explosive Potion"},{"floor":16.0,"key":"LiquidBronze"},{"floor":18.0,"key":"SpeedPotion"},{"floor":24.0,"key":"Energy Potion"},{"floor":33.0,"key":"PowerPotion"},{"floor":37.0,"key":"Regen Potion"},{"floor":46,"key":"Energy Potion"},{"floor":47,"key":"Dexterity Potion"},{"floor":48,"key":"Ancient Potion"}],"is_trial":false,"path_per_floor":["M","M","M","M","?","R","E","M","T","M","R","?","M","?","R","B",null,"M","$","?","?","M","R","M","E","T","M","$","R","?","M","R","B",null,"M","?","M","?","M","R","E","E","R","T","?","$","M","M","M","R","B",null],"character_chosen":"IRONCLAD","items_purchased":["Streamline+1","Regal Pillow","Pen Nib","ClockworkSouvenir","Steam+1","Bird Faced Urn","Self Repair"],"campfire_rested":4,"item_purchase_floors":[28,28,28,28,28,45,45],"current_hp_per_floor":[80,80,80,80,80,80,62,68,68,74,74,74,80,69,69,45,80,80,80,80,64,65,65,60,45,45,40,40,89,27,27,84,29,84,84,73,57,18,20,79,8,74,74,74,74,74,74,74,74,53],"gold":216,"neow_bonus":"","is_prod":false,"is_daily":true,"chose_seed":false,"campfire_upgraded":5,"win_rate":0.0,"timestamp":1545420957,"path_taken":["M","M","M","M","?","R","E","M","T","M","R","?","M","?","R","BOSS","M","$","?","?","M","R","M","E","T","M","?","R","?","M","R","BOSS","M","?","M","?","M","R","E","R","T","?","$","M","?","M","R","BOSS"],"build_version":"2018-12-20","purchased_purges":0,"victory":true,"max_hp_per_floor":[80,80,80,80,80,80,80,80,80,80,80,80,80,80,80,80,80,80,80,80,80,80,80,80,94,94,94,94,89,89,89,84,84,84,84,84,84,84,84,79,79,74,74,74,74,74,74,74,74,74],"card_choices":[{"not_picked":["Coolheaded","Pommel Strike"],"picked":"Inflame","floor":1.0},{"not_picked":["Combust","Clothesline"],"picked":"Anger","floor":2.0},{"not_picked":["Chaos","Leap"],"picked":"Wild Strike","floor":3.0},{"not_picked":["Armaments","Barrage"],"picked":"Cleave","floor":4.0},{"not_picked":["Sword Boomerang","Coolheaded"],"picked":"Hemokinesis","floor":7.0},{"not_picked":["Barrage","Entrench"],"picked":"Hologram","floor":8.0},{"not_picked":["Defragment","Reprogram"],"picked":"Sever Soul","floor":10.0},{"not_picked":["Dark Embrace","Combust"],"picked":"Flame Barrier","floor":13.0},{"not_picked":["Seek","Hyperbeam"],"picked":"Machine Learning","floor":16.0},{"not_picked":["Darkness+1","Warcry"],"picked":"BootSequence","floor":18.0},{"not_picked":["Clothesline+1","Body Slam"],"picked":"Conserve Battery+1","floor":22.0},{"not_picked":["Heavy Blade","Melter"],"picked":"Shrug It Off","floor":24.0},{"not_picked":["Barricade","Beam Cell"],"picked":"Leap","floor":25.0},{"not_picked":["True Grit+1","Twin Strike+1"],"picked":"Shrug It Off+1","floor":27.0},{"not_picked":["Wild Strike+1","Hemokinesis+1"],"picked":"Flame Barrier+1","floor":30.0},{"not_picked":["Dropkick+1","Rip and Tear+1"],"picked":"Auto Shields+1","floor":31.0},{"not_picked":["Coolheaded+1","Biased Cognition"],"picked":"Pommel Strike+1","floor":31.0},{"not_picked":["Electrodynamics","Exhume+1"],"picked":"Seek+1","floor":33.0},{"not_picked":["Glacier+1","Clothesline+1"],"picked":"Beam Cell+1","floor":35.0},{"not_picked":["Tempest+1","Headbutt+1"],"picked":"Streamline+1","floor":35.0},{"not_picked":["Hologram+1","Rampage+1"],"picked":"Whirlwind+1","floor":37.0},{"not_picked":["Steam+1","Consume+1"],"picked":"Ghostly Armor+1","floor":37.0},{"not_picked":["Cleave+1","Ball Lightning+1"],"picked":"Havoc+1","floor":38.0},{"not_picked":["Glacier+1","Rupture+1"],"picked":"Shrug It Off+1","floor":39.0},{"not_picked":["Blizzard+1","Beam Cell+1"],"picked":"Conserve Battery+1","floor":39.0},{"not_picked":["Shrug It Off+1","Static Discharge"],"picked":"Conserve Battery+1","floor":41},{"not_picked":["Hyperbeam+1","Heatsinks+1"],"picked":"Sweeping Beam+1","floor":46},{"not_picked":["Gash+1","Feel No Pain+1","Recycle+1"],"picked":"SKIP","floor":46},{"not_picked":["Consume+1","Dropkick+1"],"picked":"Warcry+1","floor":47},{"not_picked":["Go for the Eyes+1","Scrape+1"],"picked":"Iron Wave+1","floor":47},{"not_picked":["Steam+1","Evolve+1"],"picked":"Sweeping Beam+1","floor":48},{"not_picked":["Rip and Tear+1","Ghostly Armor+1"],"picked":"Body Slam+1","floor":48}],"player_experience":79608,"relics_obtained":[{"floor":7.0,"key":"MawBank"},{"floor":9.0,"key":"Dodecahedron"},{"floor":21.0,"key":"Nilry\u0027s Codex"},{"floor":25.0,"key":"Mango"},{"floor":25.0,"key":"Toxic Egg 2"},{"floor":26.0,"key":"Molten Egg 2"},{"floor":30.0,"key":"Prayer Wheel"},{"floor":30.0,"key":"Bottled Tornado"},{"floor":38.0,"key":"Nunchaku"},{"floor":41,"key":"Incense Burner"},{"floor":41,"key":"Dead Branch"},{"floor":43,"key":"Omamori"}],"event_choices":[{"damage_healed":0.0,"max_hp_gain":0.0,"max_hp_loss":0.0,"gold_gain":0.0,"event_name":"Liars Game","player_choice":"Ignored","floor":5.0,"gold_loss":0.0,"damage_taken":0.0},{"damage_healed":0.0,"max_hp_gain":0.0,"max_hp_loss":0.0,"gold_gain":51.0,"event_name":"Golden Wing","player_choice":"Gained Gold","floor":12.0,"gold_loss":0.0,"damage_taken":0.0},{"damage_healed":0.0,"max_hp_gain":0.0,"max_hp_loss":0.0,"gold_gain":75.0,"event_name":"World of Goop","player_choice":"Gather Gold","floor":14.0,"gold_loss":0.0,"damage_taken":11.0},{"damage_healed":0.0,"max_hp_gain":0.0,"max_hp_loss":0.0,"gold_gain":0.0,"event_name":"The Library","player_choice":"Read","floor":20.0,"gold_loss":0.0,"damage_taken":0.0,"cards_obtained":["Headbutt"]},{"damage_healed":0.0,"max_hp_gain":0.0,"max_hp_loss":0.0,"gold_gain":0.0,"event_name":"Cursed Tome","player_choice":"Obtained Book","floor":21.0,"gold_loss":0.0,"damage_taken":16.0},{"damage_healed":0.0,"max_hp_gain":0.0,"max_hp_loss":0.0,"gold_gain":0.0,"event_name":"Colosseum","player_choice":"Fight","floor":30.0,"gold_loss":0.0,"damage_taken":0.0},{"damage_healed":0.0,"max_hp_gain":0.0,"max_hp_loss":0.0,"gold_gain":0.0,"event_name":"Colosseum","player_choice":"Fought Nobs","floor":30.0,"gold_loss":0.0,"damage_taken":0.0},{"damage_healed":0.0,"max_hp_gain":0.0,"max_hp_loss":0.0,"gold_gain":0.0,"event_name":"Winding Halls","player_choice":"Embrace Madness","floor":36.0,"gold_loss":0.0,"damage_taken":11.0,"cards_obtained":["Madness","Madness"]},{"damage_healed":0.0,"max_hp_gain":0.0,"max_hp_loss":0.0,"gold_gain":0.0,"event_name":"Mysterious Sphere","player_choice":"Fight","floor":38.0,"gold_loss":0.0,"damage_taken":0.0},{"damage_healed":0,"gold_gain":0,"player_choice":"Upgraded","damage_taken":0,"max_hp_gain":0,"max_hp_loss":0,"event_name":"Upgrade Shrine","floor":44,"gold_loss":0,"cards_upgraded":["Machine Learning"]}],"is_beta":false,"boss_relics":[{"not_picked":["Runic Pyramid","Snecko Eye"],"picked":"Black Star"},{"not_picked":["Calling Bell","Black Blood"],"picked":"Lizard Tail"}],"items_purged_floors":[],"is_endless":false,"potions_floor_spawned":[1,3,4,8,16,18,24,30,33,37,46,47,48],"ascension_level":0}