{"gold_per_floor":[114,130,130,130,142,176,176,209,209,209,220,231,52,62,62,162,162,178,277,277,277,297,324,324,342,413,413,433,433,453,467,467,467],"floor_reached":33,"playtime":2065,"items_purged":["Defend_R"],"score":318,"play_id":"6ce2abaf-1e41-45da-a640-92fc64998fb4","local_time":"20190322051124","is_ascension_mode":true,"campfire_choices":[{"data":"Whirlwind","floor":7,"key":"SMITH"},{"data":"Demon Form","floor":10,"key":"SMITH"},{"data":"True Grit","floor":15,"key":"SMITH"},{"data":"Armaments","floor":24,"key":"SMITH"},{"floor":27,"key":"REST"},{"data":"Ghostly Armor","floor":29,"key":"SMITH"},{"data":"Dual Wield","floor":32,"key":"SMITH"}],"neow_cost":"NONE","seed_source_timestamp":196299535212210,"circlet_count":0,"master_deck":["Strike_R","Strike_R","Strike_R","Strike_R","Defend_R","Defend_R","Defend_R","Bash+1","Dropkick","Whirlwind+1","Iron Wave","Demon Form+1","Headbutt","Armaments+1","Shrug It Off","True Grit+1","Battle Trance","Offering","Iron Wave","Ghostly Armor+1","Shrug It Off","Clothesline","Dual Wield+1"],"relics":["Burning Blood","Dodecahedron","Orichalcum","Eternal Feather","Nloth\u0027s Gift","Mango","Paper Frog"],"potions_floor_usage":[8,16,22,23,23,33],"damage_taken":[{"damage":15,"enemies":"Jaw Worm","floor":1,"turns":5},{"damage":0,"enemies":"2 Louse","floor":2,"turns":3},{"damage":0,"enemies":"Small Slimes","floor":5,"turns":5},{"damage":20,"enemies":"Gremlin Nob","floor":6,"turns":4},{"damage":16,"enemies":"Lagavulin","floor":8,"turns":5},{"damage":1,"enemies":"2 Fungi Beasts","floor":11,"turns":3},{"damage":5,"enemies":"Red Slaver","floor":12,"turns":3},{"damage":4,"enemies":"Blue Slaver","floor":14,"turns":3},{"damage":26,"enemies":"Slime Boss","floor":16,"turns":7},{"damage":30,"enemies":"Shell Parasite","floor":18,"turns":6},{"damage":4,"enemies":"Chosen","floor":22,"turns":6},{"damage":35,"enemies":"Book of Stabbing","floor":23,"turns":6},{"damage":12,"enemies":"3 Cultists","floor":25,"turns":4},{"damage":8,"enemies":"Centurion and Healer","floor":28,"turns":8},{"damage":33,"enemies":"Shelled Parasite and Fungi","floor":30,"turns":5},{"damage":25,"enemies":"Snake Plant","floor":31,"turns":5},{"damage":67,"enemies":"Champ","floor":33,"turns":12}],"seed_played":"3865802136162342462","potions_obtained":[{"floor":5,"key":"Weak Potion"},{"floor":6,"key":"Weak Potion"},{"floor":11,"key":"Energy Potion"},{"floor":14,"key":"Poison Potion"},{"floor":16,"key":"Block Potion"},{"floor":30,"key":"EssenceOfSteel"}],"is_trial":false,"path_per_floor":["M","M","?","?","M","E","R","E","T","R","M","M","$","M","R","B",null,"M","?","?","?","M","E","R","M","T","R","M","R","M","M","R","B"],"character_chosen":"IRONCLAD","items_purchased":["Shrug It Off","True Grit"],"campfire_rested":1,"item_purchase_floors":[13,13],"current_hp_per_floor":[79,85,78,78,84,70,70,60,60,60,65,66,66,68,68,48,88,64,64,47,47,49,34,46,40,40,84,82,94,67,48,60,0],"gold":467,"neow_bonus":"TEN_PERCENT_HP_BONUS","is_prod":false,"is_daily":false,"chose_seed":false,"campfire_upgraded":6,"win_rate":0,"timestamp":1553249484,"path_taken":["M","M","?","?","M","E","R","E","T","R","M","M","$","M","R","BOSS","M","?","?","?","M","E","R","M","T","R","M","R","?","M","R","BOSS"],"build_version":"2019-01-23","purchased_purges":1,"victory":false,"max_hp_per_floor":[88,88,88,88,88,88,88,88,88,88,88,88,88,88,88,88,88,88,88,93,93,93,107,107,107,107,107,107,107,107,107,107,107],"card_choices":[{"not_picked":["Cleave","Heavy Blade"],"picked":"Dropkick","floor":1},{"not_picked":["Twin Strike","Ghostly Armor"],"picked":"Whirlwind","floor":2},{"not_picked":["Flex","Blood for Blood"],"picked":"Iron Wave","floor":5},{"not_picked":["Perfected Strike","Heavy Blade","Dropkick"],"picked":"SKIP","floor":6},{"not_picked":["Dropkick","Warcry"],"picked":"Demon Form","floor":8},{"not_picked":["Body Slam","Bloodletting"],"picked":"Headbutt","floor":11},{"not_picked":["Cleave","Perfected Strike"],"picked":"Armaments","floor":12},{"not_picked":["Headbutt","Rampage"],"picked":"Battle Trance","floor":14},{"not_picked":["Bludgeon","Berserk"],"picked":"Offering","floor":16},{"not_picked":["Bloodletting","Body Slam"],"picked":"Iron Wave","floor":18},{"not_picked":["Flex","Body Slam","Bludgeon"],"picked":"SKIP","floor":22},{"not_picked":["Juggernaut","Feed"],"picked":"Ghostly Armor","floor":23},{"not_picked":["Pummel+1","Twin Strike+1"],"picked":"Shrug It Off","floor":25},{"not_picked":["Clash","Dropkick","Twin Strike"],"picked":"SKIP","floor":28},{"not_picked":["Warcry","Twin Strike"],"picked":"Clothesline","floor":30},{"not_picked":["Body Slam","Twin Strike"],"picked":"Dual Wield","floor":31}],"player_experience":104920,"relics_obtained":[{"floor":6,"key":"Lantern"},{"floor":8,"key":"Dodecahedron"},{"floor":9,"key":"Orichalcum"},{"floor":23,"key":"Mango"},{"floor":26,"key":"Paper Frog"}],"event_choices":[{"cards_removed":["Strike_R"],"damage_healed":0,"gold_gain":0,"player_choice":"Card Removal","damage_taken":7,"max_hp_gain":0,"max_hp_loss":0,"event_name":"Golden Wing","floor":3,"gold_loss":0},{"damage_healed":0,"gold_gain":0,"player_choice":"Grow","damage_taken":0,"max_hp_gain":0,"max_hp_loss":0,"event_name":"Living Wall","floor":4,"gold_loss":0,"cards_upgraded":["Bash"]},{"damage_healed":0,"gold_gain":99,"player_choice":"Stole From Cult","damage_taken":0,"max_hp_gain":0,"max_hp_loss":0,"event_name":"Nest","floor":19,"gold_loss":0},{"damage_healed":0,"gold_gain":0,"player_choice":"Shed Blood","damage_taken":22,"max_hp_gain":5,"max_hp_loss":0,"event_name":"Forgotten Altar","floor":20,"gold_loss":0},{"damage_healed":0,"gold_gain":0,"player_choice":"Traded Relic","damage_taken":0,"relics_obtained":["Nloth\u0027s Gift"],"max_hp_gain":0,"max_hp_loss":0,"event_name":"N\u0027loth","floor":21,"relics_lost":["Lantern"],"gold_loss":0}],"is_beta":false,"boss_relics":[{"not_picked":["Mark of Pain","Fusion Hammer"],"picked":"Eternal Feather"}],"items_purged_floors":[13],"is_endless":false,"potions_floor_spawned":[5,6,11,14,16,18,30],"killed_by":"Champ","ascension_level":1}