{"gold_per_floor":[113,113,113,113,127,127,142,142,220,241,241,266,284,297,297,426,426,439,564,564,564,237,237,262,262,262,282,282,293,320,320,320,421,421,435,451,374,384,398,431,483,499,525,554,52,52,81,101,101,101],"floor_reached":51,"playtime":3296,"items_purged":[],"score":900,"play_id":"ef1b1083-4089-4a15-9405-404393204be1","local_time":"20190417001758","is_ascension_mode":true,"campfire_choices":[{"data":"Zap","floor":6,"key":"SMITH"},{"data":"Streamline","floor":8,"key":"SMITH"},{"data":"Compile Driver","floor":11,"key":"SMITH"},{"data":"Cold Snap","floor":15,"key":"SMITH"},{"floor":23,"key":"REST"},{"floor":25,"key":"REST"},{"floor":28,"key":"REST"},{"floor":32,"key":"REST"},{"floor":49,"key":"REST"}],"neow_cost":"NONE","seed_source_timestamp":262898981027641,"circlet_count":0,"master_deck":["Strike_B+1","Strike_B+1","Strike_B+1","Strike_B+1","Defend_B+1","Defend_B+1","Defend_B+1","Defend_B+1","Zap+1","Dualcast+1","Auto Shields","Streamline+1","Compile Driver+1","Conserve Battery","Cold Snap+1","FTL","Seek+1","Coolheaded+1","Machine Learning","Genetic Algorithm","Sweeping Beam","Hologram+1","Capacitor+1","Necronomicurse","Electrodynamics","Hologram+1","Coolheaded+1","Loop","Go for the Eyes+1","Consume+1","Ball Lightning+1","Defragment","Redo+1"],"relics":["Cracked Core","Bloody Idol","FaceOfCleric","Shuriken","Fusion Hammer","Mango","Kunai","Anchor","Dodecahedron","Ancient Tea Set","War Paint","Necronomicon","Inserter","Ginger","Thread and Needle","Question Card","Meat on the Bone","Strawberry"],"potions_floor_usage":[12,16,19,19,24,44,44],"damage_taken":[{"damage":6,"enemies":"Small Slimes","floor":1,"turns":4},{"damage":3,"enemies":"2 Louse","floor":5,"turns":4},{"damage":0,"enemies":"Cultist","floor":7,"turns":2},{"damage":6,"enemies":"Looter","floor":10,"turns":3},{"damage":10,"enemies":"Large Slime","floor":12,"turns":5},{"damage":6,"enemies":"Blue Slaver","floor":13,"turns":3},{"damage":6,"enemies":"3 Louse","floor":14,"turns":3},{"damage":7,"enemies":"The Guardian","floor":16,"turns":9},{"damage":10,"enemies":"Shell Parasite","floor":18,"turns":5},{"damage":25,"enemies":"Colosseum Slavers","floor":19,"turns":3},{"damage":52,"enemies":"Colosseum Nobs","floor":19,"turns":5},{"damage":45,"enemies":"Slavers","floor":24,"turns":5},{"damage":0,"enemies":"Chosen","floor":27,"turns":3},{"damage":3,"enemies":"Centurion and Healer","floor":29,"turns":5},{"damage":16,"enemies":"Book of Stabbing","floor":30,"turns":8},{"damage":26,"enemies":"Automaton","floor":33,"turns":9},{"damage":0,"enemies":"3 Shapes","floor":35,"turns":4},{"damage":0,"enemies":"Orb Walker","floor":36,"turns":2},{"damage":1,"enemies":"Jaw Worm Horde","floor":38,"turns":5},{"damage":41,"enemies":"Writhing Mass","floor":39,"turns":6},{"damage":5,"enemies":"Nemesis","floor":40,"turns":9},{"damage":28,"enemies":"2 Orb Walkers","floor":41,"turns":4},{"damage":0,"enemies":"Spire Growth","floor":42,"turns":5},{"damage":45,"enemies":"Reptomancer","floor":44,"turns":7},{"damage":5,"enemies":"Nemesis","floor":47,"turns":7},{"damage":29,"enemies":"3 Darklings","floor":48,"turns":3},{"damage":27,"enemies":"Awakened One","floor":50,"turns":11}],"seed_played":"-4794692204973297568","potions_obtained":[{"floor":1,"key":"Regen Potion"},{"floor":10,"key":"GamblersBrew"},{"floor":12,"key":"FocusPotion"},{"floor":13,"key":"EssenceOfSteel"},{"floor":27,"key":"Weak Potion"},{"floor":29,"key":"Block Potion"},{"floor":35,"key":"Weak Potion"},{"floor":38,"key":"AttackPotion"},{"floor":44,"key":"AttackPotion"}],"is_trial":false,"path_per_floor":["M","?","?","?","M","R","M","R","T","M","R","M","M","M","R","B",null,"M","?","?","?","$","R","E","R","T","M","R","M","E","?","R","B",null,"M","M","$","M","M","E","?","M","T","E","$","?","E","M","R","B",null],"character_chosen":"DEFECT","items_purchased":["Anchor","Genetic Algorithm","Explosive Potion","Sweeping Beam","Loop","Defragment","Meat on the Bone","Poison Potion","Energy Potion","GamblersBrew"],"campfire_rested":5,"item_purchase_floors":[22,22,22,22,37,45,45,45,45,45],"current_hp_per_floor":[76,76,81,81,79,79,80,80,80,75,75,78,73,68,68,62,88,79,18,18,18,18,49,10,41,41,47,79,82,72,56,88,68,110,111,112,112,113,78,79,57,63,68,29,29,29,49,38,76,62],"gold":101,"neow_bonus":"TEN_PERCENT_HP_BONUS","is_prod":false,"is_daily":false,"chose_seed":false,"campfire_upgraded":4,"win_rate":0,"timestamp":1555478278,"path_taken":["M","?","?","?","M","R","M","R","T","M","R","?","M","M","R","BOSS","M","?","?","?","$","R","E","R","T","M","R","M","E","?","R","BOSS","M","M","$","M","M","E","?","M","T","E","$","?","E","M","R","BOSS"],"build_version":"2019-01-23","purchased_purges":0,"victory":true,"max_hp_per_floor":[82,76,81,81,82,82,83,83,83,84,84,85,86,87,87,88,88,89,105,105,105,105,105,106,106,106,107,107,108,109,109,109,110,110,111,112,112,113,114,115,116,117,117,118,118,118,126,127,127,128],"card_choices":[{"not_picked":["Gash","Conserve Battery"],"picked":"Auto Shields","floor":1},{"not_picked":["Chill","Turbo"],"picked":"Streamline","floor":5},{"not_picked":["Reboot","Stack"],"picked":"Compile Driver","floor":7},{"not_picked":["Hello World","Go for the Eyes"],"picked":"Conserve Battery","floor":10},{"not_picked":["Compile Driver","Stack"],"picked":"Cold Snap","floor":12},{"not_picked":["Fission","Conserve Battery","Skim"],"picked":"SKIP","floor":13},{"not_picked":["Leap","Streamline"],"picked":"FTL","floor":14},{"not_picked":["Buffer","Amplify"],"picked":"Seek","floor":16},{"not_picked":["Turbo","Ball Lightning"],"picked":"Coolheaded+1","floor":18},{"not_picked":["Gash","Stack+1"],"picked":"Machine Learning","floor":19},{"not_picked":["Rebound","Auto Shields","Machine Learning"],"picked":"SKIP","floor":24},{"not_picked":["Rip and Tear","Conserve Battery"],"picked":"Hologram+1","floor":27},{"not_picked":["Sweeping Beam","Rebound"],"picked":"Capacitor+1","floor":29},{"not_picked":["Redo","Leap","Sunder"],"picked":"SKIP","floor":30},{"not_picked":["Buffer","Hyperbeam"],"picked":"Electrodynamics","floor":33},{"not_picked":["Streamline","Scrape"],"picked":"Hologram+1","floor":35},{"not_picked":["Cold Snap","Stack+1"],"picked":"Coolheaded+1","floor":36},{"not_picked":["Turbo+1","Skim","Stack"],"picked":"SKIP","floor":38},{"not_picked":["Doom and Gloom","Turbo"],"picked":"Go for the Eyes+1","floor":39},{"not_picked":["Coolheaded","Doom and Gloom+1"],"picked":"Consume+1","floor":40},{"not_picked":["Steam+1","Heatsinks"],"picked":"Ball Lightning+1","floor":41},{"not_picked":["Turbo","Leap","Steam+1"],"picked":"SKIP","floor":42},{"not_picked":["Echo Form","White Noise","Conserve Battery"],"picked":"SKIP","floor":44},{"not_picked":["Stack+1","Conserve Battery","Rebound","Turbo+1"],"picked":"SKIP","floor":47},{"not_picked":["Sweeping Beam","Conserve Battery","Stack+1"],"picked":"Redo+1","floor":48}],"player_experience":230880,"relics_obtained":[{"floor":9,"key":"Shuriken"},{"floor":19,"key":"Mango"},{"floor":19,"key":"Kunai"},{"floor":24,"key":"Dodecahedron"},{"floor":26,"key":"Ancient Tea Set"},{"floor":30,"key":"War Paint"},{"floor":31,"key":"Necronomicon"},{"floor":40,"key":"Ginger"},{"floor":41,"key":"Thread and Needle"},{"floor":44,"key":"Question Card"},{"floor":47,"key":"Strawberry"}],"event_choices":[{"damage_healed":0,"gold_gain":0,"player_choice":"Lose Max HP","damage_taken":0,"relics_obtained":["Golden Idol"],"max_hp_gain":0,"max_hp_loss":6,"event_name":"Golden Idol","floor":2,"gold_loss":0},{"damage_healed":0,"gold_gain":0,"player_choice":"Donut","damage_taken":0,"max_hp_gain":5,"max_hp_loss":0,"event_name":"Big Fish","floor":3,"gold_loss":0},{"damage_healed":0,"gold_gain":0,"player_choice":"Trade","damage_taken":0,"relics_obtained":["FaceOfCleric"],"max_hp_gain":0,"max_hp_loss":0,"event_name":"FaceTrader","floor":4,"gold_loss":0},{"damage_healed":0,"gold_gain":0,"player_choice":"Fight","damage_taken":0,"max_hp_gain":0,"max_hp_loss":0,"event_name":"Colosseum","floor":19,"gold_loss":0},{"damage_healed":0,"gold_gain":0,"player_choice":"Fought Nobs","damage_taken":0,"max_hp_gain":0,"max_hp_loss":0,"event_name":"Colosseum","floor":19,"gold_loss":0},{"damage_healed":0,"gold_gain":0,"player_choice":"Simplicity","damage_taken":0,"max_hp_gain":0,"max_hp_loss":0,"event_name":"Back to Basics","floor":20,"gold_loss":0,"cards_upgraded":["Strike_B","Strike_B","Strike_B","Strike_B","Defend_B","Defend_B","Defend_B","Defend_B"]},{"damage_healed":0,"gold_gain":0,"player_choice":"Gave Idol","damage_taken":0,"relics_obtained":["Bloody Idol"],"max_hp_gain":0,"max_hp_loss":0,"event_name":"Forgotten Altar","floor":21,"relics_lost":["Golden Idol"],"gold_loss":0},{"damage_healed":0,"gold_gain":0,"player_choice":"Obtained Book","damage_taken":16,"max_hp_gain":0,"max_hp_loss":0,"event_name":"Cursed Tome","floor":31,"gold_loss":0},{"damage_healed":0,"gold_gain":0,"player_choice":"Fight","damage_taken":0,"max_hp_gain":0,"max_hp_loss":0,"event_name":"Mysterious Sphere","floor":41,"gold_loss":0},{"damage_healed":0,"gold_gain":0,"player_choice":"Memory 1","damage_taken":0,"max_hp_gain":0,"max_hp_loss":0,"event_name":"SensoryStone","floor":46,"gold_loss":0}],"is_beta":false,"boss_relics":[{"not_picked":["Orrery","Velvet Choker"],"picked":"Fusion Hammer"},{"not_picked":["Astrolabe","Cursed Key"],"picked":"Inserter"}],"items_purged_floors":[],"is_endless":false,"potions_floor_spawned":[1,10,12,13,27,29,35,38,44,47],"ascension_level":3}