{"gold_per_floor":[115,115,115,215,232,232,261,276,276,276,201,236,236,250,250,351,651,664,311,226,214,230,230,255,255,255,282,293,327,340,364,364,364],"floor_reached":33,"playtime":3054,"items_purged":["Strike_G","Injury"],"score":385,"play_id":"3bd477fe-2302-405e-af3c-8a013c5805d2","local_time":"20190404234809","is_ascension_mode":true,"campfire_choices":[{"data":"Neutralize","floor":6,"key":"SMITH"},{"floor":10,"key":"REST"},{"floor":13,"key":"REST"},{"floor":15,"key":"REST"},{"data":"Survivor","floor":23,"key":"SMITH"},{"floor":25,"key":"REST"},{"floor":32,"key":"REST"}],"neow_cost":"NONE","seed_source_timestamp":288359284360850,"circlet_count":0,"master_deck":["Defend_G","Defend_G","Defend_G","Strike_G","Strike_G","Strike_G+1","Strike_G+1","Survivor+1","Neutralize+1","Cloak And Dagger","Infinite Blades","Dagger Spray+1","Adrenaline","Caltrops","Quick Slash+1","Backstab+1","Endless Agony+1","Sucker Punch+1"],"relics":["Ring of the Snake","Mummified Hand","Singing Bowl","Molten Egg 2","Omamori","Calling Bell","Strawberry","Meat on the Bone","Old Coin","Ninja Scroll","Torii","Sundial","Whetstone","Bag of Preparation","Boot","Dream Catcher"],"potions_floor_usage":[16,16,24,33],"damage_taken":[{"damage":0,"enemies":"2 Louse","floor":1,"turns":3},{"damage":0,"enemies":"Jaw Worm","floor":5,"turns":5},{"damage":48,"enemies":"3 Sentries","floor":7,"turns":16},{"damage":0,"enemies":"Cultist","floor":8,"turns":3},{"damage":26,"enemies":"Lagavulin","floor":12,"turns":9},{"damage":0,"enemies":"Looter","floor":14,"turns":3},{"damage":42,"enemies":"Hexaghost","floor":16,"turns":15},{"damage":2,"enemies":"3 Byrds","floor":18,"turns":4},{"damage":11,"enemies":"2 Thieves","floor":21,"turns":4},{"damage":20,"enemies":"Snake Plant","floor":22,"turns":6},{"damage":14,"enemies":"Book of Stabbing","floor":24,"turns":6},{"damage":18,"enemies":"Slavers","floor":27,"turns":3},{"damage":15,"enemies":"Chosen and Byrds","floor":28,"turns":6},{"damage":18,"enemies":"Book of Stabbing","floor":29,"turns":5},{"damage":2,"enemies":"Snecko","floor":30,"turns":4},{"damage":86,"enemies":"Collector","floor":33,"turns":11}],"seed_played":"8320077953079970578","potions_obtained":[{"floor":12,"key":"Block Potion"},{"floor":14,"key":"SteroidPotion"},{"floor":22,"key":"SpeedPotion"},{"floor":29,"key":"EssenceOfSteel"},{"floor":30,"key":"Swift Potion"}],"is_trial":false,"path_per_floor":["M","?","?","?","M","R","E","M","T","R","$","E","R","M","R","B",null,"M","$","?","M","M","R","E","R","T","E","M","E","M","T","R","B"],"character_chosen":"THE_SILENT","items_purchased":["Ninja Scroll"],"campfire_rested":5,"item_purchase_floors":[19],"current_hp_per_floor":[70,70,52,52,52,52,6,6,6,27,27,1,22,24,46,4,81,81,81,81,70,50,50,48,72,72,56,53,49,47,47,75,0],"gold":364,"neow_bonus":"REMOVE_CARD","is_prod":false,"is_daily":false,"chose_seed":false,"campfire_upgraded":2,"win_rate":0,"timestamp":1554446889,"path_taken":["M","?","?","?","?","R","E","M","T","R","$","E","R","M","R","BOSS","M","$","?","M","M","R","E","R","T","E","M","E","M","?","R","BOSS"],"build_version":"2019-01-23","purchased_purges":2,"victory":false,"max_hp_per_floor":[70,70,70,70,70,70,72,72,72,72,72,72,72,74,74,74,81,83,83,83,83,83,83,83,83,83,85,85,87,87,87,89,89],"card_choices":[{"not_picked":["Prepared","Quick Slash","Underhanded Strike"],"picked":"SKIP","floor":1},{"not_picked":["Calculated Gamble","Dagger Throw"],"picked":"Cloak And Dagger","floor":5},{"not_picked":["Slice","Underhanded Strike","Well Laid Plans"],"picked":"Singing Bowl","floor":7},{"not_picked":["Reflex","Concentrate"],"picked":"Infinite Blades","floor":8},{"not_picked":["Leg Sweep","Poisoned Stab+1"],"picked":"Dagger Spray+1","floor":12},{"not_picked":["Catalyst","Skewer+1","Acrobatics"],"picked":"Singing Bowl","floor":14},{"not_picked":["Storm of Steel","Venomology"],"picked":"Adrenaline","floor":16},{"not_picked":["PiercingWail","Crippling Poison","Poisoned Stab+1"],"picked":"Singing Bowl","floor":18},{"not_picked":["Deflect","Bane+1"],"picked":"Caltrops","floor":21},{"not_picked":["Bane+1","Backflip+1"],"picked":"Quick Slash+1","floor":22},{"not_picked":["Noxious Fumes","Terror"],"picked":"Backstab+1","floor":24},{"not_picked":["Outmaneuver","Prepared","Predator+1"],"picked":"Singing Bowl","floor":27},{"not_picked":["Deflect","Dagger Throw+1"],"picked":"Endless Agony+1","floor":28},{"not_picked":["Night Terror","Eviscerate+1","Dagger Throw+1"],"picked":"Singing Bowl","floor":29},{"not_picked":["Predator+1","Blade Dance"],"picked":"Sucker Punch+1","floor":30},{"not_picked":["Outmaneuver","PiercingWail","Dodge and Roll"],"picked":"Singing Bowl","floor":32}],"player_experience":1454948,"relics_obtained":[{"floor":7,"key":"Singing Bowl"},{"floor":9,"key":"Molten Egg 2"},{"floor":12,"key":"Omamori"},{"floor":17,"key":"Strawberry"},{"floor":17,"key":"Meat on the Bone"},{"floor":17,"key":"Old Coin"},{"floor":24,"key":"Sundial"},{"floor":26,"key":"Whetstone"},{"floor":27,"key":"Bag of Preparation"},{"floor":29,"key":"Boot"},{"floor":31,"key":"Dream Catcher"}],"event_choices":[{"cards_removed":["Defend_G"],"damage_healed":0,"gold_gain":0,"player_choice":"Forget","damage_taken":0,"max_hp_gain":0,"max_hp_loss":0,"event_name":"Living Wall","floor":2,"gold_loss":0},{"damage_healed":0,"gold_gain":0,"player_choice":"Success","damage_taken":18,"relics_obtained":["Mummified Hand"],"max_hp_gain":0,"max_hp_loss":0,"event_name":"Scrap Ooze","floor":3,"gold_loss":0},{"damage_healed":0,"gold_gain":100,"player_choice":"Gold","damage_taken":0,"max_hp_gain":0,"max_hp_loss":0,"event_name":"Wheel of Change","floor":4,"gold_loss":0},{"damage_healed":0,"gold_gain":0,"player_choice":"Obtained Relic","damage_taken":0,"relics_obtained":["Torii"],"max_hp_gain":0,"max_hp_loss":0,"event_name":"Addict","floor":20,"gold_loss":85}],"is_beta":false,"boss_relics":[{"not_picked":["Astrolabe","HoveringKite"],"picked":"Calling Bell"}],"items_purged_floors":[11,19],"is_endless":false,"potions_floor_spawned":[12,14,22,29,30],"killed_by":"Collector","ascension_level":3}