{"gold_per_floor":[109,109,109,109,35,35,64,64,139,158,178,178,193,211,211,309,309,325,344,544,564,581,581,581,581,581,34,50,50,50,26,26,26],"floor_reached":33,"playtime":733,"items_purged":["Defend_B"],"score":311,"play_id":"62023da0-0e29-46b7-afdd-35197a82aabc","local_time":"20190415000751","is_ascension_mode":true,"campfire_choices":[{"data":"Static Discharge","floor":6,"key":"SMITH"},{"data":"Strike_B","floor":8,"key":"PURGE"},{"data":"Streamline","floor":12,"key":"SMITH"},{"floor":15,"key":"REST"},{"floor":23,"key":"REST"},{"data":"Electrodynamics","floor":25,"key":"SMITH"},{"data":"Amplify","floor":32,"key":"SMITH"}],"neow_cost":"NONE","seed_source_timestamp":276585435671403,"circlet_count":0,"master_deck":["Strike_B+1","Strike_B+1","Defend_B+1","Zap+1","Dualcast","Cold Snap","Static Discharge+1","Tempest","Streamline+1","Conserve Battery","Conserve Battery","Electrodynamics+1","Buffer+1","Cold Snap+1","Rebound+1","Cold Snap+1","Glacier","Coolheaded","Amplify+1","Coolheaded"],"relics":["Cracked Core","NeowsBlessing","Peace Pipe","Blue Candle","Astrolabe","PreservedInsect","Ornamental Fan","Orichalcum"],"potions_floor_usage":[],"damage_taken":[{"damage":0,"enemies":"Jaw Worm","floor":1,"turns":1},{"damage":0,"enemies":"Gremlin Nob","floor":7,"turns":1},{"damage":0,"enemies":"2 Louse","floor":10,"turns":1},{"damage":0,"enemies":"Small Slimes","floor":11,"turns":3},{"damage":11,"enemies":"Gremlin Gang","floor":13,"turns":3},{"damage":8,"enemies":"Blue Slaver","floor":14,"turns":3},{"damage":31,"enemies":"Hexaghost","floor":16,"turns":5},{"damage":10,"enemies":"Shell Parasite","floor":18,"turns":5},{"damage":26,"enemies":"2 Thieves","floor":19,"turns":3},{"damage":7,"enemies":"Cultist and Chosen","floor":21,"turns":4},{"damage":1,"enemies":"3 Cultists","floor":22,"turns":3},{"damage":16,"enemies":"Snake Plant","floor":28,"turns":5},{"damage":66,"enemies":"Collector","floor":33,"turns":6}],"seed_played":"-3374726778813185868","potions_obtained":[{"floor":1,"key":"Swift Potion"},{"floor":10,"key":"AttackPotion"},{"floor":13,"key":"Explosive Potion"}],"is_trial":false,"path_per_floor":["M","?","?","?","$","R","E","R","T","M","M","R","M","M","R","B",null,"M","M","?","M","M","R","?","R","T","$","M","T","?","$","R","B"],"character_chosen":"DEFECT","items_purchased":["Static Discharge","Coolheaded","Amplify","Ornamental Fan","Coolheaded"],"campfire_rested":2,"item_purchase_floors":[5,27,27,27,31],"current_hp_per_floor":[75,75,60,60,60,60,60,60,60,60,60,60,49,41,63,32,75,65,39,39,32,31,53,75,75,75,75,59,59,59,59,59,0],"gold":26,"neow_bonus":"THREE_ENEMY_KILL","is_prod":false,"is_daily":false,"chose_seed":false,"campfire_upgraded":4,"win_rate":0,"timestamp":1555304871,"path_taken":["M","?","?","?","$","R","E","R","T","M","M","R","?","M","R","BOSS","M","M","?","?","M","R","?","R","T","$","M","?","?","$","R","BOSS"],"build_version":"2019-01-23","purchased_purges":1,"victory":false,"max_hp_per_floor":[75,75,75,75,75,75,75,75,75,75,75,75,75,75,75,75,75,75,75,75,75,75,75,75,75,75,75,75,75,75,75,75,75],"card_choices":[{"not_picked":["Barrage","Gash"],"picked":"Cold Snap","floor":1},{"not_picked":["Barrage","Rebound"],"picked":"Tempest","floor":7},{"not_picked":["Aggregate","All For One"],"picked":"Streamline","floor":10},{"not_picked":["Barrage","Cold Snap"],"picked":"Conserve Battery","floor":11},{"not_picked":["Rebound","Lockon","Recycle"],"picked":"SKIP","floor":13},{"not_picked":["White Noise","Gash"],"picked":"Conserve Battery","floor":14},{"not_picked":["Reboot","Rainbow"],"picked":"Electrodynamics","floor":16},{"not_picked":["Stack","Rebound","Auto Shields"],"picked":"SKIP","floor":18},{"not_picked":["Scrape+1","Double Energy"],"picked":"Cold Snap+1","floor":19},{"not_picked":["Double Energy","Doom and Gloom","Leap+1"],"picked":"SKIP","floor":21},{"not_picked":["Heatsinks","BootSequence+1"],"picked":"Glacier","floor":22},{"not_picked":["Reinforced Body","Redo","BootSequence"],"picked":"SKIP","floor":28}],"player_experience":183077,"relics_obtained":[{"floor":7,"key":"Peace Pipe"},{"floor":9,"key":"Blue Candle"},{"floor":26,"key":"PreservedInsect"},{"floor":29,"key":"Orichalcum"}],"event_choices":[{"damage_healed":0,"gold_gain":0,"player_choice":"Ignored","damage_taken":0,"max_hp_gain":0,"max_hp_loss":0,"event_name":"Liars Game","floor":2,"gold_loss":0},{"damage_healed":0,"gold_gain":0,"player_choice":"Entered Light","damage_taken":15,"max_hp_gain":0,"max_hp_loss":0,"event_name":"Shining Light","floor":3,"gold_loss":0,"cards_upgraded":["Strike_B","Strike_B"]},{"damage_healed":0,"gold_gain":0,"player_choice":"Upgraded","damage_taken":0,"max_hp_gain":0,"max_hp_loss":0,"event_name":"Upgrade Shrine","floor":4,"gold_loss":0,"cards_upgraded":["Zap"]},{"damage_healed":0,"gold_gain":200,"player_choice":"Gold","damage_taken":0,"max_hp_gain":0,"max_hp_loss":0,"event_name":"Wheel of Change","floor":20,"gold_loss":0},{"damage_healed":25,"gold_gain":0,"player_choice":"Heal","damage_taken":0,"max_hp_gain":0,"max_hp_loss":0,"event_name":"The Library","floor":24,"gold_loss":0},{"damage_healed":0,"gold_gain":0,"player_choice":"Simplicity","damage_taken":0,"max_hp_gain":0,"max_hp_loss":0,"event_name":"Back to Basics","floor":30,"gold_loss":0,"cards_upgraded":["Defend_B"]}],"is_beta":false,"boss_relics":[{"not_picked":["White Beast Statue","Tiny House"],"picked":"Astrolabe"}],"items_purged_floors":[27],"is_endless":false,"potions_floor_spawned":[1,10,13,16,22,28],"killed_by":"Collector","ascension_level":3}