{"gold_per_floor":[118,128,128,128,145,145,176,176,176,211,211,224,244,258,258,354,354,368,211,225,236,286,318,318,318],"floor_reached":25,"playtime":7382,"items_purged":["Strike_G"],"score":280,"play_id":"f08b535e-3ad5-41f2-a870-02c30f64094b","local_time":"20190406115329","is_ascension_mode":true,"campfire_choices":[{"data":"Sucker Punch","floor":6,"key":"SMITH"},{"data":"Neutralize","floor":8,"key":"SMITH"},{"floor":15,"key":"REST"},{"floor":24,"key":"REST"}],"neow_cost":"NONE","seed_source_timestamp":58706482544934,"circlet_count":0,"master_deck":["Defend_G+1","Defend_G+1","Defend_G","Strike_G","Strike_G","Strike_G","Survivor","Neutralize+1","Poisoned Stab+1","Sucker Punch+1","Flying Knee","Predator","Dodge and Roll","Caltrops","Flying Knee","Envenom","Caltrops","Finesse","Deflect+1"],"relics":["Ring of the Snake","Regal Pillow","Bag of Preparation","Gremlin Horn","Bottled Lightning","Empty Cage","War Paint"],"potions_floor_usage":[7,10,13,16,23,25],"damage_taken":[{"damage":4,"enemies":"Jaw Worm","floor":1,"turns":5},{"damage":3,"enemies":"2 Louse","floor":2,"turns":4},{"damage":0,"enemies":"Small Slimes","floor":5,"turns":3},{"damage":8,"enemies":"Gremlin Nob","floor":7,"turns":3},{"damage":22,"enemies":"3 Sentries","floor":10,"turns":6},{"damage":0,"enemies":"Blue Slaver","floor":12,"turns":3},{"damage":0,"enemies":"Gremlin Gang","floor":13,"turns":2},{"damage":0,"enemies":"Lots of Slimes","floor":14,"turns":2},{"damage":20,"enemies":"Slime Boss","floor":16,"turns":9},{"damage":21,"enemies":"Spheric Guardian","floor":18,"turns":4},{"damage":3,"enemies":"Chosen","floor":20,"turns":4},{"damage":11,"enemies":"Snecko","floor":21,"turns":5},{"damage":27,"enemies":"Book of Stabbing","floor":23,"turns":5},{"damage":65,"enemies":"Gremlin Leader","floor":25,"turns":6}],"seed_played":"-5526121126810186315","potions_obtained":[{"floor":0,"key":"EntropicBrew"},{"floor":0,"key":"PowerPotion"},{"floor":0,"key":"Fire Potion"},{"floor":7,"key":"Swift Potion"},{"floor":10,"key":"Fire Potion"},{"floor":14,"key":"PowerPotion"},{"floor":18,"key":"Regen Potion"},{"floor":23,"key":"Block Potion"}],"is_trial":false,"path_per_floor":["M","M","?","?","M","R","E","R","T","E","?","M","M","M","R","B",null,"M","$","M","M","?","E","R","E"],"character_chosen":"THE_SILENT","items_purchased":["Finesse"],"campfire_rested":2,"item_purchase_floors":[19],"current_hp_per_floor":[66,63,60,53,53,53,45,45,45,23,9,9,9,9,45,25,70,49,49,46,35,35,20,56,0],"gold":318,"neow_bonus":"THREE_SMALL_POTIONS","is_prod":false,"is_daily":false,"chose_seed":false,"campfire_upgraded":2,"win_rate":0,"timestamp":1554576809,"path_taken":["M","M","?","?","M","R","E","R","T","E","?","M","?","?","R","BOSS","M","?","?","M","?","E","R","E"],"build_version":"2019-01-23","purchased_purges":1,"victory":false,"max_hp_per_floor":[70,70,70,70,70,70,70,70,70,70,70,70,70,70,70,70,70,70,70,70,70,70,70,70,70],"card_choices":[{"not_picked":["Well Laid Plans","Infinite Blades"],"picked":"Poisoned Stab","floor":1},{"not_picked":["Outmaneuver","Quick Slash"],"picked":"Sucker Punch","floor":2},{"not_picked":["Deadly Poison","Bane"],"picked":"Flying Knee","floor":5},{"not_picked":["Burst","Endless Agony"],"picked":"Predator","floor":7},{"not_picked":["Outmaneuver","Underhanded Strike","Quick Slash"],"picked":"SKIP","floor":10},{"not_picked":["Expertise","Calculated Gamble"],"picked":"Dodge and Roll","floor":12},{"not_picked":["Bane","Expertise"],"picked":"Caltrops","floor":13},{"not_picked":["Cloak And Dagger","Grand Finale"],"picked":"Flying Knee","floor":14},{"not_picked":["Glass Knife","Night Terror"],"picked":"Envenom","floor":16},{"not_picked":["Dagger Throw+1","Finisher"],"picked":"Caltrops","floor":18},{"not_picked":["Outmaneuver","Blade Dance"],"picked":"Deflect","floor":20},{"not_picked":["Catalyst","Footwork","Dagger Spray"],"picked":"SKIP","floor":21},{"not_picked":["Blade Dance","Dagger Spray","Malaise"],"picked":"SKIP","floor":23}],"player_experience":1531889,"relics_obtained":[{"floor":7,"key":"Bag of Preparation"},{"floor":9,"key":"Gremlin Horn"},{"floor":10,"key":"Bottled Lightning"},{"floor":23,"key":"War Paint"}],"event_choices":[{"damage_healed":0,"gold_gain":0,"player_choice":"Success","damage_taken":3,"relics_obtained":["Regal Pillow"],"max_hp_gain":0,"max_hp_loss":0,"event_name":"Scrap Ooze","floor":3,"gold_loss":0},{"cards_removed":["Defend_G"],"damage_healed":0,"gold_gain":0,"player_choice":"Card Removal","damage_taken":7,"max_hp_gain":0,"max_hp_loss":0,"event_name":"Golden Wing","floor":4,"gold_loss":0},{"damage_healed":0,"gold_gain":0,"player_choice":"Entered Light","damage_taken":14,"max_hp_gain":0,"max_hp_loss":0,"event_name":"Shining Light","floor":11,"gold_loss":0,"cards_upgraded":["Poisoned Stab","Defend_G"]},{"damage_healed":0,"gold_gain":100,"player_choice":"Bet on Murderer","damage_taken":0,"max_hp_gain":0,"max_hp_loss":0,"event_name":"The Joust","floor":22,"gold_loss":50}],"is_beta":false,"boss_relics":[{"not_picked":["Runic Dome","Ectoplasm"],"picked":"Empty Cage"}],"items_purged_floors":[19],"is_endless":false,"potions_floor_spawned":[5,7,10,14,18,21,23],"killed_by":"Gremlin Leader","ascension_level":4}