{"gold_per_floor":[116,134,152,152,171,171,171,226,253,253,263,276,276,293,293,389,389,409,409,426,459,459,459,337,337,337,337,368,368,384,399,399,496,496,514,533,633,643,660,660,660,660,660,214,225,225,78,78,78,78],"floor_reached":50,"playtime":49174,"items_purged":["Strike_G"],"score":502,"play_id":"01eebc97-d3a9-4d1d-a214-7978c776820d","local_time":"20181222074648","is_ascension_mode":false,"campfire_choices":[{"data":"Noxious Fumes","floor":6,"key":"SMITH"},{"floor":10,"key":"REST"},{"data":"Backstab","floor":13,"key":"SMITH"},{"floor":15,"key":"REST"},{"floor":23,"key":"REST"},{"floor":25,"key":"REST"},{"data":"Poisoned Stab","floor":27,"key":"SMITH"},{"data":"Envenom","floor":29,"key":"SMITH"},{"floor":32,"key":"REST"},{"floor":40,"key":"DIG"},{"floor":42,"key":"DIG"},{"floor":49,"key":"REST"}],"neow_cost":"NONE","seed_source_timestamp":63643946622601,"circlet_count":0,"master_deck":["Defend_G","Defend_G","Defend_G","Defend_G+1","Defend_G","Strike_G","Strike_G","Strike_G","Survivor","Neutralize","Backstab+1","Noxious Fumes+1","Poisoned Stab","Outmaneuver","Poisoned Stab","Escape Plan","Sucker Punch","Deadly Poison","Envenom+1","Dagger Throw+1","Poisoned Stab+1","Prepared+1","Poisoned Stab+1","Backflip","A Thousand Cuts","Poisoned Stab","Dodge and Roll+1","Blur","Flying Knee+1","Bandage Up","Riddle With Holes+1"],"relics":["Ring of the Snake","Dodecahedron","Incense Burner","Bronze Scales","Velvet Choker","Red Mask","Mango","War Paint","Eternal Feather","Shovel","Snake Skull","Dream Catcher","Meat on the Bone","Bottled Lightning","TheAbacus","Orichalcum"],"potions_floor_usage":[33,50,50,50],"damage_taken":[{"damage":0,"enemies":"Cultist","floor":1,"turns":4},{"damage":0,"enemies":"Jaw Worm","floor":2,"turns":5},{"damage":0,"enemies":"2 Louse","floor":3,"turns":2},{"damage":1,"enemies":"Exordium Wildlife","floor":5,"turns":7},{"damage":24,"enemies":"Gremlin Nob","floor":8,"turns":5},{"damage":0,"enemies":"2 Fungi Beasts","floor":11,"turns":2},{"damage":6,"enemies":"Lots of Slimes","floor":12,"turns":3},{"damage":2,"enemies":"Large Slime","floor":14,"turns":5},{"damage":16,"enemies":"The Guardian","floor":16,"turns":8},{"damage":20,"enemies":"2 Thieves","floor":18,"turns":5},{"damage":11,"enemies":"3 Byrds","floor":20,"turns":3},{"damage":22,"enemies":"Masked Bandits","floor":21,"turns":5},{"damage":12,"enemies":"Gremlin Leader","floor":28,"turns":4},{"damage":20,"enemies":"3 Cultists","floor":30,"turns":5},{"damage":0,"enemies":"Snecko","floor":31,"turns":4},{"damage":53,"enemies":"Collector","floor":33,"turns":8},{"damage":10,"enemies":"3 Shapes","floor":35,"turns":5},{"damage":5,"enemies":"Orb Walker","floor":36,"turns":3},{"damage":6,"enemies":"Mind Bloom Boss Battle","floor":37,"turns":6},{"damage":25,"enemies":"Sphere and 2 Shapes","floor":38,"turns":7},{"damage":22,"enemies":"3 Darklings","floor":39,"turns":6},{"damage":20,"enemies":"Maw","floor":45,"turns":7},{"damage":103,"enemies":"Time Eater","floor":50,"turns":11}],"seed_played":"-8621590006885074366","potions_obtained":[{"floor":1,"key":"GamblersBrew"},{"floor":11,"key":"Block Potion"},{"floor":14,"key":"Weak Potion"},{"floor":21,"key":"Fire Potion"},{"floor":30,"key":"GhostInAJar"},{"floor":36,"key":"AttackPotion"},{"floor":37,"key":"Poison Potion"}],"is_trial":false,"path_per_floor":["M","M","M","?","M","R","T","?","T","R","M","M","R","M","R","B",null,"M","?","M","?","?","R","$","R","T","R","E","R","M","M","R","B",null,"M","M","?","M","M","R","?","R","T","$","M","?","$","?","R","B"],"character_chosen":"THE_SILENT","items_purchased":["Poisoned Stab","Bottled Lightning","TheAbacus","Orichalcum"],"campfire_rested":6,"item_purchase_floors":[24,44,44,47],"current_hp_per_floor":[77,77,77,82,81,81,81,57,57,81,81,75,75,73,82,66,82,62,62,51,29,29,53,53,77,91,91,79,79,59,59,87,34,96,86,81,75,50,28,43,43,58,58,58,50,50,50,50,96,0],"gold":78,"neow_bonus":"TEN_PERCENT_HP_BONUS","is_prod":false,"is_daily":false,"chose_seed":false,"campfire_upgraded":4,"win_rate":0.0,"timestamp":1545493608,"path_taken":["M","M","M","?","M","R","?","?","T","R","M","M","R","M","R","BOSS","M","?","M","?","?","R","$","R","T","R","E","R","?","M","R","BOSS","M","M","?","M","M","R","?","R","T","$","M","?","$","?","R","BOSS"],"build_version":"2018-12-20","purchased_purges":1,"victory":false,"max_hp_per_floor":[77,77,77,82,82,82,82,82,82,82,82,82,82,82,82,82,82,82,82,82,82,82,82,82,82,96,96,96,96,96,96,96,96,96,96,96,96,96,96,96,96,96,96,96,96,96,96,96,96,96],"card_choices":[{"not_picked":["Footwork","Poisoned Stab"],"picked":"Backstab","floor":1},{"not_picked":["Choke","Backflip"],"picked":"Noxious Fumes","floor":2},{"not_picked":["Prepared","Calculated Gamble"],"picked":"Poisoned Stab","floor":3},{"not_picked":["Dagger Throw","Bouncing Flask"],"picked":"Outmaneuver","floor":5},{"not_picked":["Dagger Throw","Dodge and Roll"],"picked":"Poisoned Stab","floor":8},{"not_picked":["Footwork","Finisher"],"picked":"Escape Plan","floor":11},{"not_picked":["Unload","Masterful Stab"],"picked":"Sucker Punch","floor":12},{"not_picked":["PiercingWail","Underhanded Strike"],"picked":"Deadly Poison","floor":14},{"not_picked":["Night Terror","Glass Knife"],"picked":"Envenom","floor":16},{"not_picked":["Predator","Blade Dance"],"picked":"Dagger Throw+1","floor":18},{"not_picked":["Reflex","Prepared"],"picked":"Poisoned Stab+1","floor":20},{"not_picked":["Deflect+1","Underhanded Strike+1"],"picked":"Prepared","floor":21},{"not_picked":["Blade Dance","Doppelganger","Dodge and Roll"],"picked":"SKIP","floor":28},{"not_picked":["Tactician","Deflect","Flechettes+1"],"picked":"SKIP","floor":30},{"not_picked":["Masterful Stab+1","Finisher"],"picked":"Backflip","floor":31},{"not_picked":["Phantasmal Killer","Unload"],"picked":"A Thousand Cuts","floor":33},{"not_picked":["Outmaneuver","Finisher+1","Dodge and Roll"],"picked":"SKIP","floor":35},{"not_picked":["Quick Slash+1","Deadly Poison"],"picked":"Poisoned Stab","floor":36},{"not_picked":["Escape Plan+1","Deadly Poison"],"picked":"Dodge and Roll+1","floor":37},{"not_picked":["Outmaneuver","Dagger Throw+1"],"picked":"Blur","floor":38},{"not_picked":["PiercingWail","Acrobatics"],"picked":"Flying Knee+1","floor":39},{"not_picked":["Sucker Punch","Slice+1","Backstab"],"picked":"SKIP","floor":45},{"not_picked":["Thinking Ahead","Transmutation"],"picked":"Bandage Up","floor":46},{"not_picked":["Outmaneuver+1","Finisher+1"],"picked":"Riddle With Holes+1","floor":49}],"player_experience":108992,"relics_obtained":[{"floor":7,"key":"Dodecahedron"},{"floor":8,"key":"Incense Burner"},{"floor":9,"key":"Bronze Scales"},{"floor":21,"key":"Red Mask"},{"floor":26,"key":"Mango"},{"floor":28,"key":"War Paint"},{"floor":37,"key":"Shovel"},{"floor":40,"key":"Snake Skull"},{"floor":42,"key":"Dream Catcher"},{"floor":43,"key":"Meat on the Bone"}],"event_choices":[{"damage_healed":0,"gold_gain":0,"player_choice":"Donut","damage_taken":0,"max_hp_gain":5,"max_hp_loss":0,"event_name":"Big Fish","floor":4,"gold_loss":0},{"damage_healed":0,"gold_gain":30,"player_choice":"Searched \u00272\u0027 times","damage_taken":0,"max_hp_gain":0,"max_hp_loss":0,"event_name":"Dead Adventurer","floor":8,"gold_loss":0},{"damage_healed":0,"gold_gain":0,"player_choice":"Ignored","damage_taken":0,"max_hp_gain":0,"max_hp_loss":0,"event_name":"Ghosts","floor":19,"gold_loss":0},{"damage_healed":0,"gold_gain":0,"player_choice":"Fought Bandits","damage_taken":0,"max_hp_gain":0,"max_hp_loss":0,"event_name":"Masked Bandits","floor":21,"gold_loss":0},{"cards_removed":["Strike_G"],"damage_healed":0,"gold_gain":0,"player_choice":"Purged","damage_taken":0,"max_hp_gain":0,"max_hp_loss":0,"event_name":"Purifier","floor":22,"gold_loss":0},{"damage_healed":0,"gold_gain":0,"player_choice":"Fight","damage_taken":0,"max_hp_gain":0,"max_hp_loss":0,"event_name":"MindBloom","floor":37,"gold_loss":0},{"damage_healed":0,"gold_gain":0,"player_choice":"Ignored","damage_taken":0,"max_hp_gain":0,"max_hp_loss":0,"event_name":"The Moai Head","floor":41,"gold_loss":0},{"damage_healed":0,"gold_gain":0,"player_choice":"Memory 1","damage_taken":0,"max_hp_gain":0,"max_hp_loss":0,"event_name":"SensoryStone","floor":46,"gold_loss":0},{"damage_healed":0,"gold_gain":0,"player_choice":"Ignored","damage_taken":0,"max_hp_gain":0,"max_hp_loss":0,"event_name":"Mysterious Sphere","floor":48,"gold_loss":0}],"is_beta":false,"boss_relics":[{"not_picked":["Calling Bell","Philosopher\u0027s Stone"],"picked":"Velvet Choker"},{"not_picked":["Cursed Key","Tiny House"],"picked":"Eternal Feather"}],"items_purged_floors":[24],"is_endless":false,"potions_floor_spawned":[1,11,14,20,21,28,30,36,37,39],"killed_by":"Time Eater","ascension_level":0}