{"gold_per_floor":[15,15,39,60,78,121,121,296,323,337,373,373,412,56,56,186,186,202,225,148,148,172,203,128,171,250,73,86,86],"floor_reached":29,"playtime":2891,"items_purged":["Defend_R"],"score":297,"play_id":"8069de13-150e-49cc-9e93-93fcb94a932f","local_time":"20180727010247","is_ascension_mode":true,"campfire_choices":[{"data":"Shockwave","floor":7,"key":"SMITH"},{"data":"Havoc","floor":12,"key":"SMITH"},{"data":"Dark Embrace","floor":15,"key":"SMITH"}],"neow_cost":"NO_GOLD","seed_source_timestamp":196717856143357,"circlet_count":0,"master_deck":["Strike_R","Strike_R","Defend_R","Defend_R","Defend_R","Bash","Sword Boomerang","Juggernaut","Shrug It Off","Injury","Shockwave+1","Seeing Red","Infernal Blade","Havoc+1","Doubt","Feel No Pain","Pommel Strike","Dark Embrace+1","True Grit+1","Infernal Blade+1","Impervious+1","Rage+1","Spot Weakness+1","J.A.X.+1","Sword Boomerang+1","Heavy Blade+1","Feel No Pain","Demon Form","True Grit+1","Havoc+1","True Grit+1"],"relics":["Burning Blood","Golden Idol","Boot","Pen Nib","Bag of Preparation","Toxic Egg 2","Lantern","Velvet Choker","Enchiridion","Potion Belt","Whetstone","Ornamental Fan"],"potions_floor_usage":[16,25],"damage_taken":[{"damage":11,"enemies":"Jaw Worm","floor":1,"turns":3},{"damage":3,"enemies":"2 Louse","floor":3,"turns":3},{"damage":0,"enemies":"Small Slimes","floor":4,"turns":3},{"damage":3,"enemies":"2 Fungi Beasts","floor":5,"turns":4},{"damage":23,"enemies":"3 Sentries","floor":6,"turns":10},{"damage":6,"enemies":"Gremlin Gang","floor":10,"turns":7},{"damage":7,"enemies":"Lagavulin","floor":11,"turns":6},{"damage":13,"enemies":"3 Sentries","floor":13,"turns":6},{"damage":18,"enemies":"The Guardian","floor":16,"turns":8},{"damage":4,"enemies":"Shell Parasite","floor":18,"turns":4},{"damage":1,"enemies":"2 Thieves","floor":19,"turns":3},{"damage":3,"enemies":"Centurion and Healer","floor":22,"turns":4},{"damage":7,"enemies":"Slavers","floor":23,"turns":4},{"damage":28,"enemies":"Gremlin Leader","floor":25,"turns":5},{"damage":29,"enemies":"Sentry and Sphere","floor":28,"turns":5},{"damage":23,"enemies":"Slavers","floor":29,"turns":1}],"seed_played":"-6588619977831905654","potions_obtained":[{"floor":4,"key":"BloodPotion"},{"floor":5,"key":"Weak Potion"},{"floor":13,"key":"SpeedPotion"},{"floor":16,"key":"Strength Potion"},{"floor":19,"key":"FearPotion"}],"is_trial":false,"path_per_floor":["M","?","M","M","M","E","R","?","T","M","E","R","E","$","R","B",null,"M","M","?","?","M","E","?","E","T","$","M"],"character_chosen":"IRONCLAD","items_purchased":["True Grit+1","Lantern","Infernal Blade+1","Demon Form","True Grit+1","Havoc+1"],"campfire_rested":0,"item_purchase_floors":[14,14,14,27,27,27],"current_hp_per_floor":[75,75,78,80,80,63,63,63,63,63,62,62,55,55,55,43,80,80,80,80,64,67,66,66,44,44,44,21,0],"gold":86,"neow_bonus":"TRANSFORM_TWO_CARDS","is_prod":false,"is_daily":false,"chose_seed":false,"campfire_upgraded":3,"win_rate":0,"timestamp":1532617367,"path_taken":["M","?","M","M","M","E","R","?","T","M","E","R","E","$","R","BOSS","M","M","?","?","M","E","?","E","T","$","M","E"],"build_version":"2018-07-19v2","purchased_purges":1,"victory":false,"max_hp_per_floor":[80,80,80,80,80,80,80,80,80,80,80,80,80,80,80,80,80,80,80,80,80,80,80,80,80,80,80,80,80],"card_choices":[{"not_picked":["Entrench","Headbutt"],"picked":"Shrug It Off","floor":1},{"not_picked":["Wild Strike","Warcry"],"picked":"Shockwave","floor":3},{"not_picked":["Headbutt","Shockwave"],"picked":"Seeing Red","floor":4},{"not_picked":["Thunderclap","Blood for Blood"],"picked":"Infernal Blade","floor":5},{"not_picked":["Heavy Blade","Evolve"],"picked":"Havoc","floor":6},{"not_picked":["Rage","Sever Soul"],"picked":"Feel No Pain","floor":10},{"not_picked":["Corruption","Wild Strike"],"picked":"Pommel Strike","floor":11},{"not_picked":["Feed","Sever Soul"],"picked":"Dark Embrace","floor":13},{"not_picked":["Berserk","Brutality"],"picked":"Impervious+1","floor":16},{"not_picked":["Pommel Strike","Twin Strike+1"],"picked":"Rage+1","floor":18},{"not_picked":["Sever Soul+1","Clothesline"],"picked":"Spot Weakness+1","floor":19},{"not_picked":["Twin Strike","Corruption"],"picked":"Sword Boomerang","floor":22},{"not_picked":["Carnage","Blood for Blood"],"picked":"Heavy Blade","floor":23},{"not_picked":["Burning Pact+1","Spot Weakness+1"],"picked":"Feel No Pain","floor":25},{"not_picked":["Havoc+1","Uppercut"],"picked":"True Grit+1","floor":28}],"player_experience":137077,"relics_obtained":[{"floor":6,"key":"Boot"},{"floor":9,"key":"Pen Nib"},{"floor":11,"key":"Bag of Preparation"},{"floor":13,"key":"Toxic Egg 2"},{"floor":21,"key":"Enchiridion"},{"floor":23,"key":"Potion Belt"},{"floor":25,"key":"Whetstone"},{"floor":26,"key":"Ornamental Fan"}],"event_choices":[{"event_name":"Golden Idol","player_choice":"Take Wound","floor":2,"damage_taken":0},{"event_name":"Liars Game","player_choice":"agreed","floor":8,"damage_taken":0},{"event_name":"Drug Dealer","player_choice":"Got JAXXED","floor":20,"damage_taken":0},{"event_name":"Cursed Tome","player_choice":"Obtained Book","floor":21,"damage_taken":0},{"event_name":"Beggar","player_choice":"Gave Gold","floor":24,"damage_taken":0}],"is_beta":false,"boss_relics":[{"not_picked":["Black Star","Busted Crown"],"picked":"Velvet Choker"}],"items_purged_floors":[14],"is_endless":false,"potions_floor_spawned":[4,5,13,16,19,22],"killed_by":"Slavers","ascension_level":1}