{"gold_per_floor":[114,124,124,199,222,222,255,271,271,291,291,330,355,379,379,508,508,532,557,156,194,210,210,235,235,235,235,235,254,288,41,41,172,172,191,413,426,176,176,176,215,236,236,295,331,350,350,350,350,350,350,350,29,65,65],"floor_reached":56,"playtime":3900,"items_purged":["Strike_G","Strike_G","Strike_G"],"score":1287,"play_id":"f4439142-b0b0-4d66-94e8-6017ffcc87b3","local_time":"20190419161816","is_ascension_mode":false,"campfire_choices":[{"data":"Neutralize","floor":6,"key":"SMITH"},{"data":"Skewer","floor":11,"key":"SMITH"},{"data":"Caltrops","floor":15,"key":"SMITH"},{"data":"Footwork","floor":23,"key":"SMITH"},{"data":"Well Laid Plans","floor":28,"key":"SMITH"},{"data":"Leg Sweep","floor":32,"key":"SMITH"},{"data":"A Thousand Cuts","floor":40,"key":"SMITH"},{"data":"Cloak And Dagger","floor":47,"key":"SMITH"},{"floor":49,"key":"RECALL"},{"data":"Dodge and Roll","floor":52,"key":"SMITH"}],"neow_cost":"NONE","seed_source_timestamp":334517146215500,"circlet_count":0,"master_deck":["Defend_G","Defend_G","Defend_G","Defend_G","Defend_G","Strike_G+1","Strike_G","Survivor","Neutralize+1","Dodge and Roll+1","Skewer+1","Deadly Poison","Caltrops+1","Cloak And Dagger+1","Deflect","Backstab","Sucker Punch+1","PiercingWail","Heel Hook","Adrenaline","Escape Plan","Footwork+1","Backstab+1","Flying Knee+1","Well Laid Plans+1","Blur","Leg Sweep+1","A Thousand Cuts+1","Noxious Fumes+1","Deadly Poison+1","Leg Sweep+1","Endless Agony+1","Terror+1","Backflip+1","Panache","Swift Strike+1","Secret Weapon"],"relics":["Ring of the Snake","Golden Idol","Blood Vial","Omamori","Shuriken","Coffee Dripper","Molten Egg 2","Red Mask","Mercury Hourglass","Mummified Hand","Ninja Scroll","Philosopher\u0027s Stone","Lantern","Whetstone","Unceasing Top","Bag of Marbles","Bronze Scales","Anchor"],"potions_floor_usage":[7,12,21,30,33,41,44,55],"damage_taken":[{"damage":0,"enemies":"Jaw Worm","floor":1,"turns":6},{"damage":0,"enemies":"Small Slimes","floor":2,"turns":2},{"damage":0,"enemies":"Cultist","floor":5,"turns":3},{"damage":18,"enemies":"Gremlin Nob","floor":7,"turns":5},{"damage":1,"enemies":"Blue Slaver","floor":8,"turns":5},{"damage":0,"enemies":"3 Louse","floor":10,"turns":2},{"damage":6,"enemies":"Lagavulin","floor":12,"turns":7},{"damage":2,"enemies":"Looter","floor":13,"turns":2},{"damage":2,"enemies":"Large Slime","floor":14,"turns":6},{"damage":2,"enemies":"Hexaghost","floor":16,"turns":9},{"damage":4,"enemies":"2 Thieves","floor":18,"turns":4},{"damage":0,"enemies":"Spheric Guardian","floor":19,"turns":2},{"damage":2,"enemies":"Masked Bandits","floor":21,"turns":5},{"damage":4,"enemies":"Shelled Parasite and Fungi","floor":22,"turns":3},{"damage":2,"enemies":"3 Cultists","floor":24,"turns":6},{"damage":4,"enemies":"Snake Plant","floor":29,"turns":2},{"damage":0,"enemies":"Gremlin Leader","floor":30,"turns":6},{"damage":2,"enemies":"Collector","floor":33,"turns":10},{"damage":15,"enemies":"3 Darklings","floor":35,"turns":4},{"damage":0,"enemies":"3 Shapes","floor":37,"turns":4},{"damage":1,"enemies":"Giant Head","floor":41,"turns":8},{"damage":0,"enemies":"Jaw Worm Horde","floor":42,"turns":3},{"damage":0,"enemies":"2 Orb Walkers","floor":44,"turns":4},{"damage":0,"enemies":"Reptomancer","floor":45,"turns":4},{"damage":9,"enemies":"3 Darklings","floor":46,"turns":4},{"damage":15,"enemies":"Awakened One","floor":50,"turns":10},{"damage":9,"enemies":"Shield and Spear","floor":54,"turns":4},{"damage":44,"enemies":"The Heart","floor":55,"turns":7}],"seed_played":"4734452460117189950","potions_obtained":[{"floor":1,"key":"Poison Potion"},{"floor":7,"key":"Strength Potion"},{"floor":10,"key":"Dexterity Potion"},{"floor":13,"key":"GhostInAJar"},{"floor":16,"key":"GhostInAJar"},{"floor":18,"key":"Explosive Potion"},{"floor":24,"key":"SmokeBomb"},{"floor":30,"key":"Swift Potion"},{"floor":35,"key":"FearPotion"},{"floor":37,"key":"FearPotion"},{"floor":42,"key":"FearPotion"}],"is_trial":false,"path_per_floor":["M","M","?","?","M","R","E","M","T","M","R","E","M","M","R","B",null,"M","M","$","?","M","R","M","?","T","?","R","M","E","$","R","B",null,"M","?","M","$","?","R","E","M","T","?","E","M","R","?","R","B",null,"R","$","E","B",null],"character_chosen":"THE_SILENT","items_purchased":["Footwork","Molten Egg 2","Ninja Scroll","Lantern","Bronze Scales","Dexterity Potion"],"campfire_rested":0,"item_purchase_floors":[20,20,31,38,53,53],"current_hp_per_floor":[70,70,53,42,42,42,24,25,25,27,27,23,23,23,23,23,70,66,68,68,68,66,66,66,66,66,66,66,64,66,66,66,66,70,55,55,57,57,57,57,58,60,60,62,64,57,57,47,47,34,66,66,66,57,15],"gold":65,"neow_bonus":"THREE_CARDS","is_prod":false,"is_daily":false,"chose_seed":false,"campfire_upgraded":9,"win_rate":0,"timestamp":1555654696,"path_taken":["M","M","?","?","M","R","E","M","T","M","R","E","M","M","R","BOSS","M","M","$","?","M","R","M","?","T","?","R","?","E","$","R","BOSS","M","?","M","$","?","R","E","M","T","?","E","M","R","?","R","BOSS","R","$","E","BOSS"],"build_version":"2019-01-23","purchased_purges":3,"victory":true,"max_hp_per_floor":[70,70,70,70,70,70,70,70,70,70,70,70,70,70,70,70,70,70,70,70,70,70,70,70,70,70,70,70,70,70,70,70,70,70,70,70,70,70,66,66,66,66,66,66,66,66,66,66,66,66,66,66,66,66,66],"card_choices":[{"not_picked":["Reflex","Flying Knee"],"picked":"Dodge and Roll","floor":0},{"not_picked":["Calculated Gamble","Dagger Throw"],"picked":"Skewer","floor":1},{"not_picked":["Dodge and Roll","Blade Dance"],"picked":"Deadly Poison","floor":2},{"not_picked":["Flying Knee","Dagger Spray"],"picked":"Caltrops","floor":5},{"not_picked":["Deadly Poison","Tactician"],"picked":"Cloak And Dagger","floor":7},{"not_picked":["Deadly Poison","Setup"],"picked":"Deflect","floor":8},{"not_picked":["Dodge and Roll","Calculated Gamble"],"picked":"Backstab","floor":10},{"not_picked":["Tactician","Flying Knee"],"picked":"Sucker Punch","floor":12},{"not_picked":["Corpse Explosion","Dagger Spray"],"picked":"PiercingWail","floor":13},{"not_picked":["Blade Dance","Bane"],"picked":"Heel Hook","floor":14},{"not_picked":["A Thousand Cuts","Venomology"],"picked":"Adrenaline","floor":16},{"not_picked":["Finisher","Outmaneuver","Deadly Poison"],"picked":"SKIP","floor":18},{"not_picked":["Bouncing Flask","Slice+1"],"picked":"Escape Plan","floor":19},{"not_picked":["Doppelganger","Flying Knee+1"],"picked":"Backstab+1","floor":21},{"not_picked":["Deadly Poison","Blade Dance"],"picked":"Flying Knee+1","floor":22},{"not_picked":["Slice+1","Grand Finale+1"],"picked":"Well Laid Plans","floor":24},{"not_picked":["Dodge and Roll","Backflip+1"],"picked":"Leg Sweep","floor":29},{"not_picked":["Deflect","Concentrate+1","Tactician"],"picked":"SKIP","floor":30},{"not_picked":["Bullet Time","Malaise"],"picked":"A Thousand Cuts","floor":33},{"not_picked":["Cloak And Dagger+1","Flying Knee+1"],"picked":"Noxious Fumes+1","floor":35},{"not_picked":["Riddle With Holes+1","Bouncing Flask"],"picked":"Deadly Poison+1","floor":37},{"not_picked":["Heel Hook+1","Accuracy+1"],"picked":"Leg Sweep+1","floor":41},{"not_picked":["Calculated Gamble+1","Bane+1"],"picked":"Endless Agony+1","floor":42},{"not_picked":["Masterful Stab+1","Flying Knee+1"],"picked":"Terror+1","floor":44},{"not_picked":["PiercingWail","Accuracy+1","Corpse Explosion"],"picked":"SKIP","floor":45},{"not_picked":["Leg Sweep+1","Flying Knee+1"],"picked":"Backflip+1","floor":46},{"not_picked":["Mayhem","Impatience"],"picked":"Panache","floor":48},{"not_picked":["Enlightenment","The Bomb"],"picked":"Swift Strike+1","floor":48},{"not_picked":["Violence","Bandage Up"],"picked":"Secret Weapon","floor":48},{"not_picked":["Leg Sweep","Underhanded Strike+1","Finisher+1"],"picked":"SKIP","floor":54}],"player_experience":707000,"relics_obtained":[{"floor":7,"key":"Blood Vial"},{"floor":9,"key":"Omamori"},{"floor":12,"key":"Shuriken"},{"floor":21,"key":"Red Mask"},{"floor":26,"key":"Mercury Hourglass"},{"floor":30,"key":"Mummified Hand"},{"floor":41,"key":"Whetstone"},{"floor":44,"key":"Unceasing Top"},{"floor":45,"key":"Bag of Marbles"},{"floor":54,"key":"Anchor"}],"event_choices":[{"damage_healed":0,"gold_gain":0,"player_choice":"Take Damage","damage_taken":17,"relics_obtained":["Golden Idol"],"max_hp_gain":0,"max_hp_loss":0,"event_name":"Golden Idol","floor":3,"gold_loss":0},{"damage_healed":0,"gold_gain":75,"player_choice":"Gather Gold","damage_taken":11,"max_hp_gain":0,"max_hp_loss":0,"event_name":"World of Goop","floor":4,"gold_loss":0},{"damage_healed":0,"gold_gain":0,"player_choice":"Fought Bandits","damage_taken":0,"max_hp_gain":0,"max_hp_loss":0,"event_name":"Masked Bandits","floor":21,"gold_loss":0},{"damage_healed":0,"gold_gain":0,"player_choice":"Read","damage_taken":0,"max_hp_gain":0,"max_hp_loss":0,"event_name":"The Library","floor":25,"gold_loss":0,"cards_obtained":["Blur"]},{"damage_healed":0,"gold_gain":0,"player_choice":"Ignored","damage_taken":0,"max_hp_gain":0,"max_hp_loss":0,"event_name":"NoteForYourself","floor":27,"gold_loss":0},{"damage_healed":0,"gold_gain":222,"player_choice":"Wore Mask","damage_taken":0,"max_hp_gain":0,"max_hp_loss":0,"event_name":"Tomb of Lord Red Mask","floor":36,"gold_loss":0},{"damage_healed":0,"gold_gain":0,"player_choice":"Max HP","damage_taken":0,"max_hp_gain":0,"max_hp_loss":4,"event_name":"Winding Halls","floor":39,"gold_loss":0},{"damage_healed":0,"gold_gain":0,"player_choice":"Fight","damage_taken":0,"max_hp_gain":0,"max_hp_loss":0,"event_name":"Mysterious Sphere","floor":44,"gold_loss":0},{"damage_healed":0,"gold_gain":0,"player_choice":"Memory 3","damage_taken":10,"max_hp_gain":0,"max_hp_loss":0,"event_name":"SensoryStone","floor":48,"gold_loss":0}],"is_beta":false,"boss_relics":[{"not_picked":["Tiny House","Ring of the Serpent"],"picked":"Coffee Dripper"},{"not_picked":["Runic Pyramid","Runic Dome"],"picked":"Philosopher\u0027s Stone"}],"items_purged_floors":[20,38,53],"is_endless":false,"potions_floor_spawned":[1,7,10,13,16,18,24,30,35,37,42],"ascension_level":0}