{"gold_per_floor":[109,126,138,149,149,176,176,196,249,249,260,260,286,296,296,396,396,411,422,337,357,375,375,404,414,440,473,473,490,490,521,521,617,617,633,633,73,87,87,87,138,38,91,106,131,0,25,25,25,25],"floor_reached":51,"playtime":5875,"items_purged":["Strike_G+1","Strike_G+1"],"score":940,"play_id":"4ef1850b-a72c-4f1d-9f99-7727db54f21d","local_time":"20180727120246","is_ascension_mode":true,"campfire_choices":[{"floor":10.0,"key":"REST"},{"data":"Neutralize","floor":12.0,"key":"SMITH"},{"data":"Cloak And Dagger","floor":15.0,"key":"SMITH"},{"data":"Adrenaline","floor":23.0,"key":"SMITH"},{"data":"Noxious Fumes","floor":28.0,"key":"SMITH"},{"floor":32.0,"key":"REST"},{"data":"Footwork","floor":40,"key":"SMITH"},{"data":"Die Die Die","floor":49,"key":"SMITH"}],"neow_cost":"","seed_source_timestamp":0,"circlet_count":0,"master_deck":["Defend_G+1","Defend_G+1","Defend_G+1","Defend_G+1","Defend_G+1","Strike_G+1","Survivor+1","Neutralize+1","Flying Knee+1","Heel Hook+1","Cloak And Dagger+1","Burst+1","Cloak And Dagger+1","Cloak And Dagger+1","Dagger Spray+1","Adrenaline+1","Dodge and Roll+1","Caltrops+1","Crippling Poison+1","Well Laid Plans+1","Noxious Fumes+1","Backstab+1","Dash+1","Flying Knee+1","Backflip+1","Noxious Fumes+1","Wraith Form v2+1","Footwork+1","Backflip+1","Die Die Die+1","Accuracy+1","Footwork+1"],"special_seed":0,"relics":["Ring of the Snake","Juzu Bracelet","War Paint","Anchor","WristBlade","Pantograph","Centennial Puzzle","Dream Catcher","Mercury Hourglass","Calipers","Busted Crown","Mark of the Bloom","Shuriken","Snake Skull","Incense Burner","Bag of Marbles","Omamori","Red Mask","Regal Pillow"],"potions_floor_usage":[41,50,50,50],"damage_taken":[{"damage":0.0,"enemies":"2 Louse","floor":1.0,"turns":3.0},{"damage":0.0,"enemies":"Cultist","floor":2.0,"turns":3.0},{"damage":5.0,"enemies":"Small Slimes","floor":3.0,"turns":3.0},{"damage":4.0,"enemies":"Blue Slaver","floor":4.0,"turns":5.0},{"damage":46.0,"enemies":"Gremlin Nob","floor":6.0,"turns":5.0},{"damage":0.0,"enemies":"3 Louse","floor":8.0,"turns":4.0},{"damage":12.0,"enemies":"Large Slime","floor":11.0,"turns":11.0},{"damage":1.0,"enemies":"2 Fungi Beasts","floor":14.0,"turns":3.0},{"damage":8.0,"enemies":"The Guardian","floor":16.0,"turns":15.0},{"damage":0.0,"enemies":"Spheric Guardian","floor":18.0,"turns":4.0},{"damage":0.0,"enemies":"3 Byrds","floor":19.0,"turns":5.0},{"damage":9.0,"enemies":"Snecko","floor":21.0,"turns":4.0},{"damage":3.0,"enemies":"Slaver and Parasite","floor":22.0,"turns":7.0},{"damage":20.0,"enemies":"Slavers","floor":24.0,"turns":6.0},{"damage":6.0,"enemies":"3 Cultists","floor":25.0,"turns":4.0},{"damage":13.0,"enemies":"Book of Stabbing","floor":27.0,"turns":6.0},{"damage":0.0,"enemies":"Chosen and Byrds","floor":29.0,"turns":4.0},{"damage":1.0,"enemies":"Slavers","floor":31.0,"turns":5.0},{"damage":31.0,"enemies":"Automaton","floor":33.0,"turns":9.0},{"damage":0,"enemies":"Orb Walker","floor":35,"turns":4},{"damage":0,"enemies":"Flame Bruiser 1 Orb","floor":38,"turns":3},{"damage":0,"floor":41,"turns":4},{"damage":0,"enemies":"Spire Growth","floor":44,"turns":4},{"damage":0,"enemies":"2 Orb Walkers","floor":45,"turns":4},{"damage":0,"enemies":"Giant Head","floor":47,"turns":8},{"damage":0,"enemies":"Time Eater","floor":50,"turns":10}],"seed_played":"8382820131529576278","potions_obtained":[{"floor":2.0,"key":"GamblersBrew"},{"floor":4.0,"key":"AttackPotion"},{"floor":11.0,"key":"LiquidBronze"},{"floor":14.0,"key":"SpeedPotion"},{"floor":19.0,"key":"Block Potion"},{"floor":21.0,"key":"Poison Potion"},{"floor":25.0,"key":"Regen Potion"},{"floor":31.0,"key":"Ancient Potion"},{"floor":33.0,"key":"Explosive Potion"},{"floor":38,"key":"SpeedPotion"},{"floor":44,"key":"SteroidPotion"}],"is_trial":false,"path_per_floor":["M","M","M","M","?","E","?","M","T","R","M","R","T","M","R","B",null,"M","M","?","M","M","R","E","M","T","E","R","M","?","E","R","B",null,"M","?","$","M","?","R","?","$","T","M","E","?","E","?","R","B"],"character_chosen":"THE_SILENT","items_purchased":["Footwork","Shuriken","Snake Skull"],"campfire_rested":2,"item_purchase_floors":[37,37,37],"current_hp_per_floor":[70,70,65,61,61,15,1,1,1,22,10,10,10,9,9,1,70,70,70,70,61,58,58,38,32,32,33,33,33,33,32,53,39,70,70,70,70,70,70,70,70,70,70,70,70,70,70,70,70,70],"gold":25,"neow_bonus":"","is_prod":false,"is_daily":false,"chose_seed":false,"campfire_upgraded":6,"win_rate":0,"timestamp":1532656966,"path_taken":["M","M","M","M","?","E","?","M","T","R","M","R","?","M","R","BOSS","M","M","?","M","M","R","E","M","T","E","R","M","?","E","R","BOSS","M","?","$","M","?","R","?","$","T","M","E","?","E","?","R","BOSS"],"build_version":"2018-07-19v2","purchased_purges":2,"victory":true,"max_hp_per_floor":[70,70,70,70,70,70,70,70,70,70,70,70,70,70,70,70,70,70,70,70,70,70,70,70,70,70,70,70,70,70,70,70,70,70,70,70,70,70,70,70,70,70,70,70,70,70,70,70,70,70],"card_choices":[{"not_picked":["Acrobatics","Distraction"],"picked":"Flying Knee","floor":1.0},{"not_picked":["Dagger Throw","Deflect"],"picked":"Heel Hook","floor":2.0},{"not_picked":["Slice","Night Terror","Outmaneuver"],"picked":"SKIP","floor":3.0},{"not_picked":["Backflip","Calculated Gamble"],"picked":"Cloak And Dagger","floor":4.0},{"not_picked":["Phantasmal Killer","Bouncing Flask"],"picked":"Cloak And Dagger","floor":6.0},{"not_picked":["Heel Hook","Slice"],"picked":"Cloak And Dagger","floor":8.0},{"not_picked":["Quick Slash","Prepared"],"picked":"Dagger Spray","floor":11.0},{"not_picked":["Masterful Stab","Deflect","Tactician"],"picked":"SKIP","floor":14.0},{"not_picked":["Wraith Form v2","Die Die Die"],"picked":"Adrenaline","floor":16.0},{"not_picked":["Outmaneuver+1","Dagger Throw"],"picked":"Dodge and Roll+1","floor":18.0},{"not_picked":["Endless Agony","Acrobatics"],"picked":"Caltrops+1","floor":19.0},{"not_picked":["Concentrate","Sucker Punch+1"],"picked":"Crippling Poison","floor":21.0},{"not_picked":["Night Terror","Flechettes"],"picked":"Well Laid Plans","floor":22.0},{"not_picked":["Underhanded Strike","Blade Dance"],"picked":"Noxious Fumes","floor":24.0},{"not_picked":["Tactician","Bane"],"picked":"Backstab","floor":25.0},{"not_picked":["Dagger Throw+1","Finisher+1"],"picked":"Dash","floor":27.0},{"not_picked":["Quick Slash","Slice+1"],"picked":"Flying Knee+1","floor":29.0},{"not_picked":["Dagger Throw","Burst"],"picked":"Backflip","floor":31.0},{"not_picked":["Calculated Gamble","Quick Slash"],"picked":"Noxious Fumes","floor":32.0},{"not_picked":["Venomology","Doppelganger"],"picked":"Wraith Form v2","floor":33.0},{"not_picked":["Expertise"],"picked":"SKIP","floor":35},{"not_picked":["Eviscerate"],"picked":"SKIP","floor":38},{"not_picked":[],"picked":"Backflip+1","floor":41},{"not_picked":["Sucker Punch"],"picked":"SKIP","floor":44},{"not_picked":[],"picked":"Die Die Die","floor":45},{"not_picked":[],"picked":"Accuracy+1","floor":47}],"player_experience":152213,"relics_obtained":[{"floor":6.0,"key":"Juzu Bracelet"},{"floor":9.0,"key":"War Paint"},{"floor":13.0,"key":"Anchor"},{"floor":24.0,"key":"Centennial Puzzle"},{"floor":26.0,"key":"Dream Catcher"},{"floor":27.0,"key":"Mercury Hourglass"},{"floor":31.0,"key":"Calipers"},{"floor":41,"key":"Incense Burner"},{"floor":43,"key":"Bag of Marbles"},{"floor":45,"key":"Omamori"},{"floor":47,"key":"Regal Pillow"}],"event_choices":[{"event_name":"Transmorgrifier","player_choice":"Transform","floor":5.0,"damage_taken":0.0},{"event_name":"Shining Light","player_choice":"Entered Light","floor":7.0,"damage_taken":0.0},{"event_name":"Addict","player_choice":"Obtained Relic","floor":20.0,"damage_taken":0.0},{"event_name":"Vampires","player_choice":"Ignored","floor":30.0,"damage_taken":0.0},{"event_name":"MindBloom","player_choice":"Upgrade","floor":36,"damage_taken":0},{"event_name":"Purifier","player_choice":"One Purge","floor":39,"damage_taken":0},{"event_name":"Mysterious Sphere","player_choice":"Fight","floor":41,"damage_taken":0},{"event_name":"Tomb of Lord Red Mask","player_choice":"Paid","floor":46,"damage_taken":0},{"event_name":"Duplicator","player_choice":"One dupe","floor":48,"damage_taken":0}],"is_beta":false,"boss_relics":[{"not_picked":["Orrery","Pandora\u0027s Box"],"picked":"WristBlade"},{"not_picked":["Ring of the Serpent","White Beast Statue"],"picked":"Busted Crown"}],"items_purged_floors":[37,42],"is_endless":false,"potions_floor_spawned":[2,4,11,14,19,21,25,31,33,38,44],"ascension_level":3}