{"gold_per_floor":[115,115,27,45,57,57,86,86,86,86,100,115,134,166,166,264,264,284,284,284,304,318,318,417,249,249,249,249,269,269,284,284,385,385,401,401,104,0,0,0,17,28,28,28,62,79,90,104,104,104],"floor_reached":51,"playtime":3944,"items_purged":["Decay"],"score":881,"play_id":"ba86113c-bfaf-48c1-ad04-587caf31b098","local_time":"20190404155504","is_ascension_mode":true,"campfire_choices":[{"data":"Bash","floor":6,"key":"SMITH"},{"data":"Clothesline","floor":10,"key":"SMITH"},{"data":"Disarm","floor":15,"key":"SMITH"},{"data":"Iron Wave","floor":23,"key":"SMITH"},{"data":"Finesse","floor":27,"key":"SMITH"},{"floor":30,"key":"REST"},{"data":"Infernal Blade","floor":32,"key":"SMITH"},{"data":"Spot Weakness","floor":40,"key":"SMITH"},{"data":"Berserk","floor":44,"key":"SMITH"},{"data":"Rage","floor":49,"key":"SMITH"}],"neow_cost":"NONE","seed_source_timestamp":259071426282206,"circlet_count":0,"master_deck":["Bash+1","Clothesline+1","Finesse+1","Thunderclap","Battle Trance+1","Disarm+1","Spot Weakness+1","Impervious","Double Tap","Battle Trance+1","Dropkick","Infernal Blade+1","Feed","Corruption","Headbutt","Iron Wave+1","Rage+1","Discovery","Seeing Red+1","Berserk+1","Uppercut+1","Armaments+1","Metallicize+1","Flex+1"],"relics":["Burning Blood","Regal Pillow","Ornamental Fan","PreservedInsect","Pandora\u0027s Box","Bird Faced Urn","Lantern","Philosopher\u0027s Stone","War Paint","Bag of Marbles","Red Mask","Gremlin Horn","Bottled Flame"],"potions_floor_usage":[7,12,14,29,33,35,50,50,50],"damage_taken":[{"damage":5,"enemies":"2 Louse","floor":1,"turns":3},{"damage":0,"enemies":"Small Slimes","floor":4,"turns":4},{"damage":0,"enemies":"Cultist","floor":5,"turns":3},{"damage":16,"enemies":"Gremlin Nob","floor":7,"turns":4},{"damage":8,"enemies":"Blue Slaver","floor":11,"turns":3},{"damage":9,"enemies":"2 Fungi Beasts","floor":12,"turns":3},{"damage":7,"enemies":"Looter","floor":13,"turns":3},{"damage":37,"enemies":"Lagavulin","floor":14,"turns":8},{"damage":36,"enemies":"The Guardian","floor":16,"turns":12},{"damage":19,"enemies":"Shell Parasite","floor":18,"turns":4},{"damage":15,"enemies":"3 Byrds","floor":21,"turns":5},{"damage":0,"enemies":"Snake Plant","floor":22,"turns":3},{"damage":14,"enemies":"Snecko","floor":29,"turns":5},{"damage":20,"enemies":"3 Cultists","floor":31,"turns":6},{"damage":21,"enemies":"Champ","floor":33,"turns":7},{"damage":30,"enemies":"3 Shapes","floor":35,"turns":4},{"damage":8,"enemies":"Orb Walker","floor":41,"turns":2},{"damage":19,"enemies":"Writhing Mass","floor":42,"turns":4},{"damage":3,"enemies":"Nemesis","floor":45,"turns":5},{"damage":11,"enemies":"4 Shapes","floor":46,"turns":5},{"damage":3,"enemies":"Sphere and 2 Shapes","floor":47,"turns":3},{"damage":0,"enemies":"Transient","floor":48,"turns":5},{"damage":50,"enemies":"Donu and Deca","floor":50,"turns":7}],"seed_played":"-528019157853837944","potions_obtained":[{"floor":4,"key":"Block Potion"},{"floor":5,"key":"Poison Potion"},{"floor":7,"key":"Ancient Potion"},{"floor":13,"key":"BloodPotion"},{"floor":22,"key":"EssenceOfSteel"},{"floor":29,"key":"Explosive Potion"},{"floor":31,"key":"PowerPotion"},{"floor":35,"key":"PowerPotion"},{"floor":42,"key":"SkillPotion"},{"floor":47,"key":"Weak Potion"}],"is_trial":false,"path_per_floor":["M","?","$","M","M","R","E","?","T","R","M","M","M","E","R","B",null,"M","?","?","M","M","R","?","$","T","R","?","M","R","M","R","B",null,"M","?","$","?","?","R","M","M","T","R","E","M","M","M","R","B",null],"character_chosen":"IRONCLAD","items_purchased":["Finesse","Discovery","War Paint","Bag of Marbles"],"campfire_rested":1,"item_purchase_floors":[3,25,37,37],"current_hp_per_floor":[81,86,86,92,93,93,83,83,83,83,81,78,77,46,46,16,74,64,45,45,39,45,45,45,45,45,45,45,39,85,74,74,61,96,81,81,81,81,81,81,81,70,70,70,73,76,83,95,95,70],"gold":104,"neow_bonus":"TEN_PERCENT_HP_BONUS","is_prod":false,"is_daily":false,"chose_seed":false,"campfire_upgraded":9,"win_rate":0,"timestamp":1554418504,"path_taken":["M","?","$","M","M","R","E","?","T","R","M","M","M","E","R","BOSS","M","?","?","?","M","R","?","$","T","R","?","M","R","M","R","BOSS","M","?","$","?","?","R","M","M","T","R","E","M","?","M","R","BOSS"],"build_version":"2019-01-23","purchased_purges":1,"victory":true,"max_hp_per_floor":[88,93,93,93,93,93,93,93,93,93,93,93,93,93,93,93,93,96,101,101,104,104,104,104,104,104,104,104,104,104,107,107,107,107,110,110,110,110,110,110,110,110,110,110,110,114,118,118,118,118],"card_choices":[{"not_picked":["Wild Strike","Heavy Blade"],"picked":"Clothesline","floor":1},{"not_picked":["True Grit","Burning Pact"],"picked":"Thunderclap","floor":4},{"not_picked":["Feel No Pain","Thunderclap","Body Slam"],"picked":"SKIP","floor":5},{"not_picked":["Twin Strike","Combust"],"picked":"Battle Trance","floor":7},{"not_picked":["Entrench","Pummel","Twin Strike"],"picked":"SKIP","floor":11},{"not_picked":["Offering","Dual Wield","Perfected Strike"],"picked":"SKIP","floor":12},{"not_picked":["Armaments","Searing Blow"],"picked":"Disarm","floor":13},{"not_picked":["Clothesline","Second Wind"],"picked":"Spot Weakness","floor":14},{"not_picked":["Brutality","Fiend Fire"],"picked":"Impervious","floor":16},{"not_picked":["Havoc","Clothesline"],"picked":"Iron Wave","floor":18},{"not_picked":["Thunderclap","Headbutt","Burning Pact+1"],"picked":"SKIP","floor":21},{"not_picked":["Sever Soul+1","Body Slam"],"picked":"Rage","floor":22},{"not_picked":["Bloodletting+1","True Grit"],"picked":"Seeing Red+1","floor":29},{"not_picked":["Clash","Rupture","Sword Boomerang"],"picked":"SKIP","floor":31},{"not_picked":["Demon Form","Juggernaut"],"picked":"Berserk","floor":33},{"not_picked":["Clothesline","Thunderclap","Clash"],"picked":"SKIP","floor":35},{"not_picked":["Clothesline+1","Pummel+1"],"picked":"Uppercut+1","floor":41},{"not_picked":["Seeing Red","Battle Trance"],"picked":"Armaments+1","floor":42},{"not_picked":["Inflame+1","Entrench+1","Twin Strike+1"],"picked":"SKIP","floor":45},{"not_picked":["Wild Strike","Dual Wield"],"picked":"Metallicize+1","floor":46},{"not_picked":["Pommel Strike","Havoc"],"picked":"Flex+1","floor":47},{"not_picked":["Second Wind+1","Havoc","Clothesline+1"],"picked":"SKIP","floor":48}],"player_experience":1451004,"relics_obtained":[{"floor":7,"key":"Regal Pillow"},{"floor":9,"key":"Ornamental Fan"},{"floor":14,"key":"PreservedInsect"},{"floor":26,"key":"Bird Faced Urn"},{"floor":43,"key":"Gremlin Horn"},{"floor":45,"key":"Bottled Flame"}],"event_choices":[{"damage_healed":0,"gold_gain":0,"player_choice":"Donut","damage_taken":0,"max_hp_gain":5,"max_hp_loss":0,"event_name":"Big Fish","floor":2,"gold_loss":0},{"cards_removed":["Defend_R"],"damage_healed":0,"gold_gain":0,"player_choice":"Forget","damage_taken":0,"max_hp_gain":0,"max_hp_loss":0,"event_name":"Living Wall","floor":8,"gold_loss":0},{"damage_healed":0,"gold_gain":0,"player_choice":"Shed Blood","damage_taken":24,"max_hp_gain":5,"max_hp_loss":0,"event_name":"Forgotten Altar","floor":19,"gold_loss":0},{"damage_healed":0,"gold_gain":0,"player_choice":"Cursed","damage_taken":0,"max_hp_gain":0,"max_hp_loss":0,"event_name":"Wheel of Change","floor":20,"gold_loss":0,"cards_obtained":["Decay"]},{"damage_healed":0,"gold_gain":99,"player_choice":"Stole From Cult","damage_taken":0,"max_hp_gain":0,"max_hp_loss":0,"event_name":"Nest","floor":24,"gold_loss":0},{"damage_healed":0,"gold_gain":0,"player_choice":"Opened","damage_taken":0,"relics_obtained":["Lantern"],"max_hp_gain":0,"max_hp_loss":0,"event_name":"The Mausoleum","floor":28,"gold_loss":0},{"cards_removed":["Sword Boomerang"],"damage_healed":0,"gold_gain":0,"player_choice":"Removed Attack","damage_taken":0,"max_hp_gain":0,"max_hp_loss":0,"event_name":"Falling","floor":36,"gold_loss":0},{"damage_healed":0,"gold_gain":0,"player_choice":"Paid","damage_taken":0,"relics_obtained":["Red Mask"],"max_hp_gain":0,"max_hp_loss":0,"event_name":"Tomb of Lord Red Mask","floor":38,"gold_loss":104},{"damage_healed":0,"gold_gain":0,"player_choice":"0 cards matched","damage_taken":0,"max_hp_gain":0,"max_hp_loss":0,"event_name":"Match and Keep!","floor":39,"gold_loss":0,"cards_obtained":[]}],"is_beta":false,"boss_relics":[{"not_picked":["Sozu","Runic Dome"],"picked":"Pandora\u0027s Box"},{"not_picked":["Black Blood","Orrery"],"picked":"Philosopher\u0027s Stone"}],"items_purged_floors":[25],"is_endless":false,"potions_floor_spawned":[4,5,7,13,22,29,31,35,42,47],"ascension_level":6}