{"gold_per_floor":[114,114,114,129,129,129,163,163,187,205,224,257,7,27,27,123,123,133,151,162,172,68,68,68,87,87,87,102,102,136,152,152,152],"floor_reached":33,"playtime":2482,"items_purged":["Strike_G"],"score":363,"play_id":"fcf52caf-5abd-40bf-9b41-3f87c7371ddc","local_time":"20190419230728","is_ascension_mode":true,"campfire_choices":[{"data":"Calculated Gamble","floor":6.0,"key":"SMITH"},{"floor":8.0,"key":"REST"},{"data":"Concentrate","floor":15.0,"key":"SMITH"},{"data":"Reflex","floor":23.0,"key":"SMITH"},{"floor":27.0,"key":"REST"},{"floor":32,"key":"REST"}],"neow_cost":"NONE","seed_source_timestamp":697288906943335,"circlet_count":0,"master_deck":["Defend_G","Defend_G","Defend_G","Strike_G+1","Strike_G+1","Survivor","Neutralize","Deadly Poison","Die Die Die","Calculated Gamble+1","Backflip","Flechettes","Concentrate+1","Deflect","Acrobatics","Envenom","Footwork","Blur","Reflex+1","Well Laid Plans","Writhe","Backstab","PiercingWail","Skewer","Dagger Throw","Blur","Catalyst"],"special_seed":0,"relics":["Ring of the Snake","Whetstone","Boot","Pen Nib","Oddly Smooth Stone","Dream Catcher","Sozu","Gremlin Horn","Anchor","Happy Flower"],"potions_floor_usage":[30,33],"damage_taken":[{"damage":2.0,"enemies":"Small Slimes","floor":1.0,"turns":5.0},{"damage":0.0,"enemies":"2 Louse","floor":4.0,"turns":1.0},{"damage":27.0,"enemies":"Gremlin Nob","floor":7.0,"turns":4.0},{"damage":2.0,"enemies":"Jaw Worm","floor":10.0,"turns":3.0},{"damage":8.0,"enemies":"Large Slime","floor":11.0,"turns":6.0},{"damage":10.0,"enemies":"3 Sentries","floor":12.0,"turns":3.0},{"damage":0.0,"enemies":"Exordium Wildlife","floor":14.0,"turns":2.0},{"damage":7.0,"enemies":"Hexaghost","floor":16.0,"turns":15.0},{"damage":1.0,"enemies":"3 Byrds","floor":18.0,"turns":3.0},{"damage":12.0,"enemies":"2 Thieves","floor":19.0,"turns":4.0},{"damage":5.0,"enemies":"Sentry and Sphere","floor":20.0,"turns":7.0},{"damage":6.0,"enemies":"3 Cultists","floor":21.0,"turns":5.0},{"damage":0.0,"enemies":"Snake Plant","floor":25.0,"turns":4.0},{"damage":10.0,"enemies":"Centurion and Healer","floor":28.0,"turns":6.0},{"damage":15,"enemies":"Book of Stabbing","floor":30,"turns":4},{"damage":0,"enemies":"Snecko","floor":31,"turns":6},{"damage":34,"enemies":"Champ","floor":33,"turns":9}],"seed_played":"5201004527655882977","potions_obtained":[{"floor":1.0,"key":"Ancient Potion"},{"floor":4.0,"key":"Energy Potion"},{"floor":7.0,"key":"FearPotion"},{"floor":11.0,"key":"Swift Potion"}],"is_trial":false,"path_per_floor":["M","?","?","M","?","R","E","R","T","M","M","E","$","M","R","B",null,"M","M","M","M","$","R","?","M","T","R","M","?","E","M","R","B"],"character_chosen":"THE_SILENT","items_purchased":["Dream Catcher","Deflect","Reflex","Well Laid Plans"],"campfire_rested":3,"item_purchase_floors":[13,13,22,22],"current_hp_per_floor":[61,61,61,61,54,54,27,48,48,46,38,28,28,28,28,21,58,57,45,40,34,34,34,34,34,34,55,45,45,30,30,51,17],"gold":152,"neow_bonus":"RANDOM_COMMON_RELIC","is_prod":false,"is_daily":false,"chose_seed":false,"campfire_upgraded":3,"win_rate":0,"timestamp":1555682848,"path_taken":["M","?","?","M","?","R","E","R","T","M","M","E","?","M","R","BOSS","M","M","M","M","$","R","?","M","T","R","M","?","E","M","R","BOSS"],"build_version":"2019-01-23","purchased_purges":1,"victory":false,"max_hp_per_floor":[70,70,70,70,70,70,70,70,70,70,70,70,70,70,70,70,70,70,70,70,70,70,70,70,70,70,70,70,70,70,70,70,70],"card_choices":[{"not_picked":["Choke","Prepared"],"picked":"Deadly Poison","floor":1.0},{"not_picked":["Dagger Throw","Acrobatics"],"picked":"Calculated Gamble","floor":4.0},{"not_picked":["Blade Dance","Poisoned Stab","Deadly Poison"],"picked":"SKIP","floor":7.0},{"not_picked":["Prepared","Bane"],"picked":"Backflip","floor":10.0},{"not_picked":["Cloak And Dagger","Bane"],"picked":"Flechettes","floor":11.0},{"not_picked":["Doppelganger","Leg Sweep"],"picked":"Concentrate","floor":12.0},{"not_picked":["Dodge and Roll","Quick Slash"],"picked":"Acrobatics","floor":14.0},{"not_picked":["Glass Knife","Wraith Form v2"],"picked":"Envenom","floor":16.0},{"not_picked":["Sucker Punch","Quick Slash","Slice"],"picked":"SKIP","floor":18.0},{"not_picked":["Bane","Slice"],"picked":"Footwork","floor":19.0},{"not_picked":["Poisoned Stab","Deadly Poison","Phantasmal Killer"],"picked":"SKIP","floor":20.0},{"not_picked":["Escape Plan","Bouncing Flask"],"picked":"Blur","floor":21.0},{"not_picked":["Dagger Spray","Poisoned Stab","Flying Knee"],"picked":"SKIP","floor":25.0},{"not_picked":["Sucker Punch","Blade Dance"],"picked":"Backstab","floor":27.0},{"not_picked":["Bane","Masterful Stab"],"picked":"PiercingWail","floor":28.0},{"not_picked":["Slice","Choke"],"picked":"Blur","floor":30},{"not_picked":["Bane","Well Laid Plans","Deadly Poison+1"],"picked":"SKIP","floor":31},{"not_picked":["Well Laid Plans","Deadly Poison+1"],"picked":"Catalyst","floor":32}],"player_experience":647211,"relics_obtained":[{"floor":7.0,"key":"Boot"},{"floor":9.0,"key":"Pen Nib"},{"floor":12.0,"key":"Oddly Smooth Stone"},{"floor":26.0,"key":"Anchor"},{"floor":30,"key":"Happy Flower"}],"event_choices":[{"damage_healed":0.0,"max_hp_gain":0.0,"max_hp_loss":0.0,"gold_gain":0.0,"cards_transformed":["Strike_G"],"event_name":"Living Wall","player_choice":"Change","floor":2.0,"gold_loss":0.0,"damage_taken":0.0,"cards_obtained":["Die Die Die"]},{"damage_healed":0.0,"max_hp_gain":0.0,"max_hp_loss":0.0,"gold_gain":0.0,"event_name":"Liars Game","player_choice":"Ignored","floor":3.0,"gold_loss":0.0,"damage_taken":0.0},{"cards_removed":["Defend_G"],"damage_healed":0.0,"max_hp_gain":0.0,"max_hp_loss":0.0,"gold_gain":0.0,"event_name":"Golden Wing","player_choice":"Card Removal","floor":5.0,"gold_loss":0.0,"damage_taken":7.0},{"damage_healed":0.0,"max_hp_gain":0.0,"max_hp_loss":0.0,"gold_gain":0.0,"event_name":"The Mausoleum","player_choice":"Opened","floor":24.0,"gold_loss":0.0,"damage_taken":0.0,"relics_obtained":["Gremlin Horn"],"cards_obtained":["Writhe"]},{"damage_healed":0.0,"max_hp_gain":0.0,"max_hp_loss":0.0,"gold_gain":0.0,"cards_transformed":["Defend_G","Strike_G"],"event_name":"Drug Dealer","player_choice":"Became Test Subject","floor":29.0,"gold_loss":0.0,"damage_taken":0.0,"cards_obtained":["Skewer","Dagger Throw"]}],"is_beta":false,"boss_relics":[{"not_picked":["Pandora\u0027s Box","Philosopher\u0027s Stone"],"picked":"Sozu"}],"items_purged_floors":[13],"is_endless":false,"potions_floor_spawned":[1,4,7,11,19,25,28,31],"killed_by":"Champ","ascension_level":6}