{"gold_per_floor":[119,133,144,191,207,218,218,236,259,259,272,272,347,347,347,347],"floor_reached":16,"playtime":754,"items_purged":[],"score":94,"play_id":"e5fbf410-44d5-4754-8cbe-bd34c7a3dc15","local_time":"20190318004459","is_ascension_mode":false,"campfire_choices":[{"floor":7,"key":"REST"},{"floor":10,"key":"REST"},{"floor":15,"key":"REST"}],"neow_cost":"NONE","seed_source_timestamp":720197993938244,"circlet_count":0,"master_deck":["Strike_R","Strike_R","Strike_R","Strike_R","Strike_R","Defend_R","Defend_R","Defend_R","Defend_R","Bash","Dual Wield","Heavy Blade+1","Rage","Flex","Rage","Body Slam","Entrench"],"relics":["Fusion Hammer"],"potions_floor_usage":[5],"damage_taken":[{"damage":1,"enemies":"Cultist","floor":1,"turns":3},{"damage":0,"enemies":"Small Slimes","floor":2,"turns":2},{"damage":6,"enemies":"Jaw Worm","floor":3,"turns":4},{"damage":8,"enemies":"Large Slime","floor":5,"turns":3},{"damage":0,"enemies":"Red Slaver","floor":6,"turns":2},{"damage":5,"enemies":"Looter","floor":8,"turns":3},{"damage":26,"enemies":"Exordium Thugs","floor":11,"turns":6},{"damage":70,"enemies":"Hexaghost","floor":16,"turns":9}],"seed_played":"2467135567789698274","potions_obtained":[{"floor":1,"key":"Fire Potion"},{"floor":8,"key":"FearPotion"}],"is_trial":false,"path_per_floor":["M","M","M","T","M","M","R","M","T","R","M","?","?","?","R","B"],"character_chosen":"IRONCLAD","items_purchased":[],"campfire_rested":3,"item_purchase_floors":[],"current_hp_per_floor":[79,79,73,73,65,65,80,75,75,80,54,54,43,43,67,0],"gold":347,"neow_bonus":"BOSS_RELIC","is_prod":false,"is_daily":false,"chose_seed":false,"campfire_upgraded":0,"win_rate":0,"timestamp":1552884299,"path_taken":["M","M","M","?","M","M","R","M","T","R","?","?","?","?","R","BOSS"],"build_version":"2019-01-23","purchased_purges":0,"victory":false,"max_hp_per_floor":[80,80,80,80,80,80,80,80,80,80,80,80,80,80,80,80],"card_choices":[{"not_picked":["Combust","Twin Strike"],"picked":"Dual Wield","floor":1},{"not_picked":["Seeing Red","Havoc"],"picked":"Heavy Blade","floor":2},{"not_picked":["True Grit","Headbutt"],"picked":"Rage","floor":3},{"not_picked":["Reckless Charge","Intimidate"],"picked":"Flex","floor":5},{"not_picked":["Headbutt","Power Through"],"picked":"Rage","floor":6},{"not_picked":["Bloodletting","Intimidate"],"picked":"Body Slam","floor":8},{"not_picked":["True Grit","Anger"],"picked":"Entrench","floor":11}],"player_experience":877126,"relics_obtained":[],"event_choices":[{"damage_healed":0,"gold_gain":0,"player_choice":"Grow","damage_taken":0,"max_hp_gain":0,"max_hp_loss":0,"event_name":"Living Wall","floor":12,"gold_loss":0,"cards_upgraded":["Heavy Blade"]},{"damage_healed":0,"gold_gain":75,"player_choice":"Gather Gold","damage_taken":11,"max_hp_gain":0,"max_hp_loss":0,"event_name":"World of Goop","floor":13,"gold_loss":0},{"damage_healed":0,"gold_gain":0,"player_choice":"0 cards matched","damage_taken":0,"max_hp_gain":0,"max_hp_loss":0,"event_name":"Match and Keep!","floor":14,"gold_loss":0,"cards_obtained":[]}],"is_beta":false,"boss_relics":[],"items_purged_floors":[],"is_endless":false,"potions_floor_spawned":[1,8],"killed_by":"Hexaghost","ascension_level":0}