{"gold_per_floor":[219,219,232,242,242,242,35,52,52,68,82,157,157,175,175,278,278,267,280,123,123,139,139,139],"floor_reached":24,"playtime":1301,"items_purged":[],"score":266,"play_id":"be250a0c-c361-4c45-8393-338bb9ce9437","local_time":"20190418235446","is_ascension_mode":true,"campfire_choices":[{"data":"Armaments","floor":6,"key":"SMITH"},{"data":"Bash","floor":13,"key":"SMITH"},{"data":"Clothesline","floor":15,"key":"SMITH"},{"floor":23,"key":"REST"}],"neow_cost":"NONE","seed_source_timestamp":246565105100858,"circlet_count":0,"master_deck":["Strike_R","Strike_R","Strike_R","Defend_R","Defend_R","Defend_R+1","Defend_R+1","Bash+1","Spot Weakness","Clothesline+1","Armaments+1","Metallicize","Heavy Blade","Heavy Blade","Juggernaut","Flex","Flex+1"],"relics":["Burning Blood","ClockworkSouvenir","Ancient Tea Set","White Beast Statue","War Paint"],"potions_floor_usage":[16,16,18,19,19,22,24],"damage_taken":[{"damage":11,"enemies":"Jaw Worm","floor":1,"turns":4},{"damage":5,"enemies":"Cultist","floor":3,"turns":4},{"damage":1,"enemies":"Small Slimes","floor":4,"turns":5},{"damage":6,"enemies":"Exordium Wildlife","floor":8,"turns":5},{"damage":1,"enemies":"Red Slaver","floor":10,"turns":4},{"damage":14,"enemies":"Looter","floor":11,"turns":4},{"damage":3,"enemies":"Large Slime","floor":14,"turns":8},{"damage":4,"enemies":"The Guardian","floor":16,"turns":9},{"damage":25,"enemies":"2 Thieves","floor":18,"turns":4},{"damage":29,"enemies":"3 Byrds","floor":19,"turns":5},{"damage":22,"enemies":"Snake Plant","floor":22,"turns":7},{"damage":48,"enemies":"Book of Stabbing","floor":24,"turns":5}],"seed_played":"-5603169221379939967","potions_obtained":[{"floor":1,"key":"BloodPotion"},{"floor":4,"key":"SpeedPotion"},{"floor":5,"key":"Fire Potion"},{"floor":5,"key":"Block Potion"},{"floor":8,"key":"PowerPotion"},{"floor":16,"key":"FearPotion"},{"floor":18,"key":"Weak Potion"},{"floor":19,"key":"Dexterity Potion"},{"floor":22,"key":"GamblersBrew"}],"is_trial":false,"path_per_floor":["M","?","M","M","?","R","$","M","T","M","M","?","R","M","R","B",null,"M","M","$","?","M","R","E"],"character_chosen":"IRONCLAD","items_purchased":["ClockworkSouvenir","War Paint"],"campfire_rested":1,"item_purchase_floors":[7,20],"current_hp_per_floor":[67,67,68,73,73,73,73,73,73,78,70,62,62,65,65,67,77,58,35,35,35,19,43,0],"gold":139,"neow_bonus":"HUNDRED_GOLD","is_prod":false,"is_daily":false,"chose_seed":false,"campfire_upgraded":3,"win_rate":0,"timestamp":1555656886,"path_taken":["M","?","?","M","?","R","$","?","T","?","M","?","R","M","R","BOSS","M","M","?","?","?","R","E"],"build_version":"2019-01-23","purchased_purges":0,"victory":false,"max_hp_per_floor":[80,80,80,80,80,80,80,80,80,80,80,80,80,80,80,80,80,80,80,80,80,80,80,80],"card_choices":[{"not_picked":["Havoc","Carnage"],"picked":"Spot Weakness","floor":1},{"not_picked":["Shrug It Off","Body Slam"],"picked":"Armaments","floor":3},{"not_picked":["Evolve","Sever Soul"],"picked":"Metallicize","floor":4},{"not_picked":["Armaments","True Grit"],"picked":"Heavy Blade","floor":8},{"not_picked":["Infernal Blade","Reckless Charge","Iron Wave"],"picked":"SKIP","floor":10},{"not_picked":["Body Slam","Disarm"],"picked":"Heavy Blade","floor":11},{"not_picked":["Evolve","Seeing Red","Armaments"],"picked":"SKIP","floor":14},{"not_picked":["Offering","Brutality"],"picked":"Juggernaut","floor":16},{"not_picked":["Sever Soul+1","Intimidate"],"picked":"Flex","floor":18},{"not_picked":["Sword Boomerang","Iron Wave","Pummel+1"],"picked":"SKIP","floor":19},{"not_picked":["Seeing Red+1","Anger"],"picked":"Flex+1","floor":22}],"player_experience":2189877,"relics_obtained":[{"floor":9,"key":"Ancient Tea Set"}],"event_choices":[{"damage_healed":0,"gold_gain":0,"cards_transformed":["Strike_R"],"player_choice":"Transformed","damage_taken":0,"max_hp_gain":0,"max_hp_loss":0,"event_name":"Transmorgrifier","floor":2,"gold_loss":0,"cards_obtained":["Clothesline"]},{"damage_healed":0,"gold_gain":0,"player_choice":"Got Potions","damage_taken":0,"max_hp_gain":0,"max_hp_loss":0,"event_name":"Lab","floor":5,"gold_loss":0},{"damage_healed":0,"gold_gain":75,"player_choice":"Touch","damage_taken":8,"max_hp_gain":0,"max_hp_loss":0,"event_name":"FaceTrader","floor":12,"gold_loss":0},{"cards_removed":["Strike_R"],"damage_healed":0,"gold_gain":0,"player_choice":"Purged","damage_taken":0,"max_hp_gain":0,"max_hp_loss":0,"event_name":"Purifier","floor":21,"gold_loss":0}],"is_beta":false,"boss_relics":[{"not_picked":["Runic Dome","Snecko Eye"],"picked":"White Beast Statue"}],"items_purged_floors":[],"is_endless":false,"potions_floor_spawned":[1,4,8,11,16,18,19,22],"killed_by":"Book of Stabbing","ascension_level":8}