{"gold_per_floor":[361,100,100,100,100,125,139,139,217,230,248,272,272,291,291,421,421,444,77,176,301,301,342,342,358,358,358,108,108,127,26,26,26],"floor_reached":33,"playtime":2084,"items_purged":["Strike_R"],"score":253,"play_id":"f60640b9-2b36-44b7-a126-382c1f89c096","local_time":"20190323001120","is_ascension_mode":false,"campfire_choices":[{"data":"Shrug It Off","floor":8,"key":"SMITH"},{"data":"Whirlwind","floor":15,"key":"SMITH"},{"data":"Reaper","floor":24,"key":"SMITH"},{"data":"Pummel","floor":27,"key":"SMITH"},{"data":"Shrug It Off","floor":32,"key":"SMITH"}],"neow_cost":"PERCENT_DAMAGE","seed_source_timestamp":264676786901711,"circlet_count":0,"master_deck":["Strike_R","Strike_R","Defend_R","Defend_R","Defend_R","Bash","Pummel+1","Shrug It Off+1","Whirlwind+1","Headbutt","Clothesline","Reaper+1","Thunderclap","Power Through","Ghostly Armor","Combust+1","Flex+1","Shrug It Off","Iron Wave+1","Shrug It Off+1"],"relics":["Burning Blood","ClockworkSouvenir","Magic Flower","Golden Idol","Art of War","Empty Cage","Bronze Scales","Red Skull","Thread and Needle","Bottled Flame","PreservedInsect","Question Card","Shovel","Dream Catcher"],"potions_floor_usage":[16,23,33,33],"damage_taken":[{"damage":1,"enemies":"2 Louse","floor":1,"turns":4},{"damage":10,"enemies":"Small Slimes","floor":7,"turns":5},{"damage":1,"enemies":"Jaw Worm","floor":10,"turns":7},{"damage":4,"enemies":"3 Louse","floor":11,"turns":3},{"damage":19,"enemies":"Exordium Thugs","floor":12,"turns":7},{"damage":12,"enemies":"Large Slime","floor":14,"turns":7},{"damage":30,"enemies":"Slime Boss","floor":16,"turns":9},{"damage":49,"enemies":"Shell Parasite","floor":18,"turns":13},{"damage":25,"enemies":"Colosseum Slavers","floor":21,"turns":2},{"damage":62,"enemies":"Colosseum Nobs","floor":21,"turns":6},{"damage":30,"enemies":"Book of Stabbing","floor":23,"turns":6},{"damage":1,"enemies":"3 Byrds","floor":25,"turns":3},{"damage":3,"enemies":"Centurion and Healer","floor":30,"turns":5},{"damage":75,"enemies":"Champ","floor":33,"turns":17}],"seed_played":"-5061751273770820662","potions_obtained":[{"floor":10,"key":"GamblersBrew"},{"floor":12,"key":"Fire Potion"},{"floor":18,"key":"Energy Potion"},{"floor":21,"key":"BloodPotion"},{"floor":23,"key":"Swift Potion"}],"is_trial":false,"path_per_floor":["M","$","?","?","?","T","M","R","T","M","M","M","?","M","R","B",null,"M","$","?","?","?","E","R","M","T","R","$","?","M","$","R","B"],"character_chosen":"IRONCLAD","items_purchased":["Shrug It Off","ClockworkSouvenir","Bronze Scales","Power Through","Red Skull","Shrug It Off","Dream Catcher","LiquidBronze","Shrug It Off"],"campfire_rested":0,"item_purchase_floors":[2,2,19,19,19,28,28,31,31],"current_hp_per_floor":[61,61,58,51,51,51,50,50,50,58,63,53,74,71,71,50,74,34,34,34,16,16,17,17,25,25,25,25,18,60,60,60,0],"gold":26,"neow_bonus":"TWO_FIFTY_GOLD","is_prod":false,"is_daily":false,"chose_seed":false,"campfire_upgraded":5,"win_rate":0,"timestamp":1553317880,"path_taken":["M","$","?","?","?","?","M","R","T","M","?","M","?","M","R","BOSS","M","$","?","?","?","E","R","M","T","R","?","?","M","$","R","BOSS"],"build_version":"2019-01-23","purchased_purges":1,"victory":false,"max_hp_per_floor":[80,80,80,80,74,74,74,74,74,74,74,74,74,74,74,74,74,74,74,74,74,74,74,74,74,74,74,74,74,74,74,74,74],"card_choices":[{"not_picked":["Sword Boomerang","Burning Pact"],"picked":"Pummel","floor":1},{"not_picked":["Reckless Charge","Combust"],"picked":"Burning Pact","floor":7},{"not_picked":["Infernal Blade","Flex"],"picked":"Whirlwind","floor":10},{"not_picked":["Warcry","Entrench"],"picked":"Headbutt","floor":11},{"not_picked":["Headbutt","Anger"],"picked":"Clothesline","floor":12},{"not_picked":["Headbutt","Flex","Body Slam"],"picked":"SKIP","floor":14},{"not_picked":["Juggernaut","Double Tap"],"picked":"Reaper","floor":16},{"not_picked":["Clothesline","Heavy Blade"],"picked":"Thunderclap","floor":18},{"not_picked":["Clothesline+1","Uppercut+1"],"picked":"Ghostly Armor","floor":21},{"not_picked":["Fiend Fire","Wild Strike"],"picked":"Combust+1","floor":23},{"not_picked":["Corruption","Twin Strike","Thunderclap"],"picked":"Flex+1","floor":25},{"not_picked":["Pommel Strike+1","Wild Strike+1","Twin Strike"],"picked":"Iron Wave+1","floor":30}],"player_experience":111399,"relics_obtained":[{"floor":6,"key":"Art of War"},{"floor":21,"key":"Thread and Needle"},{"floor":21,"key":"Bottled Flame"},{"floor":23,"key":"Question Card"},{"floor":26,"key":"Shovel"}],"event_choices":[{"damage_healed":0,"gold_gain":0,"player_choice":"Success","damage_taken":3,"relics_obtained":["Magic Flower"],"max_hp_gain":0,"max_hp_loss":0,"event_name":"Scrap Ooze","floor":3,"gold_loss":0},{"cards_removed":["Strike_R"],"damage_healed":0,"gold_gain":0,"player_choice":"Card Removal","damage_taken":7,"max_hp_gain":0,"max_hp_loss":0,"event_name":"Golden Wing","floor":4,"gold_loss":0},{"damage_healed":0,"gold_gain":0,"player_choice":"Lose Max HP","damage_taken":0,"relics_obtained":["Golden Idol"],"max_hp_gain":0,"max_hp_loss":6,"event_name":"Golden Idol","floor":5,"gold_loss":0},{"cards_removed":["Burning Pact"],"damage_healed":21,"gold_gain":0,"player_choice":"Offered Uncommon","damage_taken":0,"max_hp_gain":0,"max_hp_loss":0,"event_name":"Bonfire Elementals","floor":13,"gold_loss":0},{"damage_healed":0,"gold_gain":99,"player_choice":"Stole From Cult","damage_taken":0,"max_hp_gain":0,"max_hp_loss":0,"event_name":"Nest","floor":20,"gold_loss":0},{"damage_healed":0,"gold_gain":0,"player_choice":"Fight","damage_taken":0,"max_hp_gain":0,"max_hp_loss":0,"event_name":"Colosseum","floor":21,"gold_loss":0},{"damage_healed":0,"gold_gain":0,"player_choice":"Fought Nobs","damage_taken":0,"max_hp_gain":0,"max_hp_loss":0,"event_name":"Colosseum","floor":21,"gold_loss":0},{"damage_healed":0,"gold_gain":0,"player_choice":"Opened","damage_taken":0,"relics_obtained":["PreservedInsect"],"max_hp_gain":0,"max_hp_loss":0,"event_name":"The Mausoleum","floor":22,"gold_loss":0},{"damage_healed":0,"gold_gain":0,"player_choice":"Damaged","damage_taken":7,"max_hp_gain":0,"max_hp_loss":0,"event_name":"Wheel of Change","floor":29,"gold_loss":0}],"is_beta":false,"boss_relics":[{"not_picked":["Runic Dome","Snecko Eye"],"picked":"Empty Cage"}],"items_purged_floors":[28],"is_endless":false,"potions_floor_spawned":[10,12,18,21,23],"killed_by":"Champ","ascension_level":0}