{"gold_per_floor":[117,128,139,139,52,52,52,52,52,52,63,63,63,63,63,165,165,154,167,177,21,37,37,37,50,98,98,123,123,137,137,137,240,240,256,272,272,372,372,372,382,402,402,402,402,0,17,32,32,32],"floor_reached":50,"playtime":1893,"items_purged":[],"score":545,"play_id":"957a2ba1-45ef-4121-aede-a506be747ceb","local_time":"20190416010332","is_ascension_mode":true,"campfire_choices":[{"data":"Zap","floor":6,"key":"SMITH"},{"data":"Chill","floor":8,"key":"SMITH"},{"data":"Dualcast","floor":10,"key":"SMITH"},{"data":"Coolheaded","floor":12,"key":"SMITH"},{"data":"Coolheaded","floor":15,"key":"SMITH"},{"data":"Biased Cognition","floor":23,"key":"SMITH"},{"data":"Electrodynamics","floor":27,"key":"SMITH"},{"floor":32,"key":"REST"},{"floor":40,"key":"RECALL"},{"floor":45,"key":"REST"},{"data":"Echo Form","floor":49,"key":"SMITH"}],"neow_cost":"NONE","seed_source_timestamp":365164327420557,"circlet_count":0,"master_deck":["Strike_B","Strike_B","Strike_B","Defend_B+1","Defend_B+1","Defend_B","Defend_B","Zap+1","Dualcast+1","Coolheaded+1","Coolheaded+1","Conserve Battery","Chill+1","Beam Cell","Biased Cognition+1","Ball Lightning","Electrodynamics+1","Coolheaded+1","Echo Form+1","Ball Lightning+1","Buffer","Hologram+1","Glacier","Ball Lightning+1"],"relics":["Cracked Core","Singing Bowl","Sozu","Lantern","Symbiotic Virus","Inserter","Ginger","Red Mask"],"potions_floor_usage":[16,16,16,33],"damage_taken":[{"damage":0,"enemies":"2 Louse","floor":1,"turns":4},{"damage":2,"enemies":"Small Slimes","floor":2,"turns":4},{"damage":5,"enemies":"Cultist","floor":3,"turns":5},{"damage":11,"enemies":"Blue Slaver","floor":11,"turns":3},{"damage":7,"enemies":"The Guardian","floor":16,"turns":12},{"damage":0,"enemies":"2 Thieves","floor":18,"turns":4},{"damage":6,"enemies":"Shell Parasite","floor":19,"turns":10},{"damage":12,"enemies":"Centurion and Healer","floor":20,"turns":8},{"damage":14,"enemies":"Snecko","floor":22,"turns":6},{"damage":0,"enemies":"3 Cultists","floor":25,"turns":3},{"damage":11,"enemies":"Slavers","floor":28,"turns":3},{"damage":0,"enemies":"Sentry and Sphere","floor":30,"turns":2},{"damage":38,"enemies":"Collector","floor":33,"turns":8},{"damage":0,"enemies":"3 Shapes","floor":35,"turns":6},{"damage":6,"enemies":"3 Darklings","floor":36,"turns":4},{"damage":14,"enemies":"Mind Bloom Boss Battle","floor":38,"turns":8},{"damage":5,"enemies":"Sphere and 2 Shapes","floor":41,"turns":4},{"damage":10,"enemies":"Writhing Mass","floor":42,"turns":6},{"damage":3,"enemies":"4 Shapes","floor":47,"turns":4},{"damage":2,"enemies":"Maw","floor":48,"turns":7},{"damage":107,"enemies":"Donu and Deca","floor":50,"turns":12}],"seed_played":"1132536560231244068","potions_obtained":[{"floor":2,"key":"Ancient Potion"},{"floor":3,"key":"SteroidPotion"},{"floor":13,"key":"Poison Potion"},{"floor":16,"key":"Energy Potion"}],"is_trial":false,"path_per_floor":["M","M","M","?","$","R","?","R","T","R","M","R","?","$","R","B",null,"M","M","M","$","M","R","?","M","T","R","E","?","M","?","R","B",null,"M","M","?","?","?","R","M","M","T","?","R","?","M","M","R","B"],"character_chosen":"DEFECT","items_purchased":["Chill","Beam Cell","Electrodynamics"],"campfire_rested":2,"item_purchase_floors":[5,5,21],"current_hp_per_floor":[75,73,68,53,53,53,58,58,58,58,49,49,49,49,49,42,82,84,78,68,68,54,54,54,54,54,54,43,43,43,43,68,30,86,86,80,82,70,70,70,67,57,57,57,83,83,82,82,82,0],"gold":32,"neow_bonus":"REMOVE_CARD","is_prod":false,"is_daily":false,"chose_seed":false,"campfire_upgraded":8,"win_rate":0,"timestamp":1555394612,"path_taken":["M","M","M","?","$","R","?","R","T","R","M","R","?","$","R","BOSS","M","M","?","$","M","R","?","M","T","R","E","?","M","?","R","BOSS","M","M","?","?","?","R","M","?","T","?","R","?","M","M","R","BOSS"],"build_version":"2019-01-23","purchased_purges":0,"victory":false,"max_hp_per_floor":[75,75,75,75,75,75,80,80,80,80,82,82,82,82,82,82,82,84,84,86,86,86,86,86,86,86,86,86,86,86,86,86,86,86,86,86,88,90,85,85,87,87,87,87,87,87,89,91,91,91],"card_choices":[{"not_picked":["Sweeping Beam","Compile Driver"],"picked":"Coolheaded","floor":1},{"not_picked":["Heatsinks","Turbo"],"picked":"Coolheaded","floor":2},{"not_picked":["Streamline","Cold Snap"],"picked":"Conserve Battery","floor":3},{"not_picked":["Rebound","Barrage","Gash"],"picked":"Singing Bowl","floor":11},{"not_picked":["Thunder Strike","Rainbow"],"picked":"Biased Cognition","floor":16},{"not_picked":["Turbo","Scrape","Conserve Battery"],"picked":"Singing Bowl","floor":18},{"not_picked":["Fusion","White Noise"],"picked":"Ball Lightning","floor":19},{"not_picked":["Scrape","Recycle+1","Turbo"],"picked":"Singing Bowl","floor":20},{"not_picked":["Turbo+1","Barrage+1"],"picked":"Melter+1","floor":22},{"not_picked":["White Noise","Streamline+1"],"picked":"Coolheaded+1","floor":25},{"not_picked":["Chill","Redo"],"picked":"Echo Form","floor":28},{"not_picked":["Chill","Sweeping Beam"],"picked":"Ball Lightning+1","floor":30},{"not_picked":["Echo Form","Creative AI"],"picked":"Buffer","floor":33},{"not_picked":["Leap","Genetic Algorithm"],"picked":"Hologram+1","floor":35},{"not_picked":["Blizzard","Conserve Battery+1"],"picked":"Glacier","floor":36},{"not_picked":["Impatience","Thinking Ahead","Jack Of All Trades"],"picked":"Singing Bowl","floor":37},{"not_picked":["Turbo","Lockon","Compile Driver+1"],"picked":"Singing Bowl","floor":38},{"not_picked":["Redo","Barrage+1","Gash"],"picked":"Singing Bowl","floor":41},{"not_picked":["Reprogram+1","Compile Driver+1"],"picked":"Ball Lightning+1","floor":42},{"not_picked":["Compile Driver","Ball Lightning+1","Barrage+1"],"picked":"Singing Bowl","floor":47},{"not_picked":["Steam Power","Streamline","Hologram+1"],"picked":"Singing Bowl","floor":48}],"player_experience":189947,"relics_obtained":[{"floor":9,"key":"Singing Bowl"},{"floor":26,"key":"Lantern"},{"floor":28,"key":"Symbiotic Virus"},{"floor":38,"key":"Ginger"}],"event_choices":[{"damage_healed":0,"gold_gain":0,"player_choice":"Entered Light","damage_taken":15,"max_hp_gain":0,"max_hp_loss":0,"event_name":"Shining Light","floor":4,"gold_loss":0,"cards_upgraded":["Defend_B","Defend_B"]},{"damage_healed":0,"gold_gain":0,"player_choice":"Donut","damage_taken":0,"max_hp_gain":5,"max_hp_loss":0,"event_name":"Big Fish","floor":7,"gold_loss":0},{"damage_healed":0,"gold_gain":0,"player_choice":"Got Potions","damage_taken":0,"max_hp_gain":0,"max_hp_loss":0,"event_name":"Lab","floor":13,"gold_loss":0},{"damage_healed":0,"gold_gain":0,"player_choice":"Ignored","damage_taken":0,"max_hp_gain":0,"max_hp_loss":0,"event_name":"Ghosts","floor":24,"gold_loss":0},{"damage_healed":0,"gold_gain":0,"player_choice":"Ignored","damage_taken":0,"max_hp_gain":0,"max_hp_loss":0,"event_name":"Cursed Tome","floor":29,"gold_loss":0},{"damage_healed":0,"gold_gain":0,"player_choice":"0 cards matched","damage_taken":0,"max_hp_gain":0,"max_hp_loss":0,"event_name":"Match and Keep!","floor":31,"gold_loss":0,"cards_obtained":[]},{"damage_healed":0,"gold_gain":0,"player_choice":"Memory 1","damage_taken":0,"max_hp_gain":0,"max_hp_loss":0,"event_name":"SensoryStone","floor":37,"gold_loss":0},{"damage_healed":0,"gold_gain":0,"player_choice":"Fight","damage_taken":0,"max_hp_gain":0,"max_hp_loss":0,"event_name":"MindBloom","floor":38,"gold_loss":0},{"damage_healed":0,"gold_gain":0,"player_choice":"Max HP","damage_taken":0,"max_hp_gain":0,"max_hp_loss":5,"event_name":"Winding Halls","floor":39,"gold_loss":0},{"cards_removed":["Melter"],"damage_healed":0,"gold_gain":0,"player_choice":"Removed Attack","damage_taken":0,"max_hp_gain":0,"max_hp_loss":0,"event_name":"Falling","floor":44,"gold_loss":0},{"damage_healed":0,"gold_gain":0,"player_choice":"Paid","damage_taken":0,"relics_obtained":["Red Mask"],"max_hp_gain":0,"max_hp_loss":0,"event_name":"Tomb of Lord Red Mask","floor":46,"gold_loss":402}],"is_beta":false,"boss_relics":[{"not_picked":["Black Star","Ectoplasm"],"picked":"Sozu"},{"not_picked":["Eternal Feather","Philosopher\u0027s Stone"],"picked":"Inserter"}],"items_purged_floors":[],"is_endless":false,"potions_floor_spawned":[2,3,16,18,20,30,38,41,42,48],"killed_by":"Donu and Deca","ascension_level":3}