{"gold_per_floor":[12,22,40,52,52,52,52],"floor_reached":7,"playtime":356,"items_purged":[],"score":86,"play_id":"416f0b5a-12b1-46f3-a80e-3fdd4498ac49","local_time":"20190117002439","is_ascension_mode":true,"campfire_choices":[],"neow_cost":"NO_GOLD","seed_source_timestamp":561306350104746,"circlet_count":0,"master_deck":["AscendersBane","Strike_B","Strike_B","Strike_B","Strike_B","Defend_B","Defend_B","Defend_B","Defend_B+1","Zap","Dualcast","Thunder Strike","Conserve Battery","Coolheaded+1","Conserve Battery"],"special_seed":0,"relics":["Cracked Core","Golden Idol"],"potions_floor_usage":[4,7],"damage_taken":[{"damage":2.0,"enemies":"Jaw Worm","floor":1.0,"turns":3.0},{"damage":0.0,"enemies":"2 Louse","floor":2.0,"turns":2.0},{"damage":0,"enemies":"Cultist","floor":3,"turns":4},{"damage":24,"enemies":"Exordium Wildlife","floor":4,"turns":6},{"damage":28,"enemies":"Gremlin Nob","floor":7,"turns":3}],"seed_played":"-1163240923009976896","potions_obtained":[{"floor":3,"key":"Fire Potion"},{"floor":4,"key":"Strength Potion"}],"is_trial":false,"path_per_floor":["M","M","M","M","?","?","E"],"character_chosen":"DEFECT","items_purchased":[],"campfire_rested":0,"item_purchase_floors":[],"current_hp_per_floor":[62,62,62,38,17,17,0],"gold":52,"neow_bonus":"THREE_RARE_CARDS","is_prod":false,"is_daily":false,"chose_seed":false,"campfire_upgraded":0,"win_rate":0,"timestamp":1547681079,"path_taken":["M","M","M","M","?","?","E"],"build_version":"2019-01-10","purchased_purges":0,"victory":false,"max_hp_per_floor":[71,71,71,71,71,64,64],"card_choices":[{"not_picked":["Meteor Strike","Core Surge"],"picked":"Thunder Strike","floor":0.0},{"not_picked":["Sweeping Beam","Gash"],"picked":"Conserve Battery","floor":1.0},{"not_picked":["Capacitor","Turbo"],"picked":"Coolheaded","floor":2},{"not_picked":["Echo Form","Aggregate","Fusion"],"picked":"SKIP","floor":3},{"not_picked":["Go for the Eyes","Aggregate"],"picked":"Conserve Battery","floor":4}],"player_experience":462256,"relics_obtained":[],"event_choices":[{"damage_healed":0,"gold_gain":0,"player_choice":"Entered Light","damage_taken":21,"max_hp_gain":0,"max_hp_loss":0,"event_name":"Shining Light","floor":5,"gold_loss":0,"cards_upgraded":["Defend_B","Coolheaded"]},{"damage_healed":0,"gold_gain":0,"player_choice":"Lose Max HP","damage_taken":0,"relics_obtained":["Golden Idol"],"max_hp_gain":0,"max_hp_loss":7,"event_name":"Golden Idol","floor":6,"gold_loss":0}],"is_beta":false,"boss_relics":[],"items_purged_floors":[],"is_endless":false,"potions_floor_spawned":[3,4],"killed_by":"Gremlin Nob","ascension_level":20}