{"gold_per_floor":[110,122,132,144,161,161,190,208,208,234,234,259,259,269,269,368,368,379,58,69,69,69,69,87,107,107,107,138,138,150,70,70,70],"floor_reached":33,"playtime":1958,"items_purged":["Searing Blow","Strike_R"],"score":462,"play_id":"46ecb0be-6f9b-4819-8979-494a925118c2","local_time":"20190420180443","is_ascension_mode":true,"campfire_choices":[{"data":"Bash","floor":6,"key":"SMITH"},{"floor":13,"key":"REST"},{"data":"Dual Wield","floor":15,"key":"SMITH"},{"floor":23,"key":"REST"},{"floor":27,"key":"REST"},{"data":"Whirlwind","floor":29,"key":"SMITH"},{"floor":32,"key":"REST"}],"neow_cost":"NONE","seed_source_timestamp":12193332409916,"circlet_count":0,"master_deck":["AscendersBane","Defend_R","Defend_R","Defend_R","Defend_R","Bash+1","Reaper","Dropkick","Headbutt","Spot Weakness","Dual Wield+1","Sword Boomerang","Pummel","Whirlwind+1","Ghostly Armor","True Grit","Juggernaut","Bludgeon+1","Combust+1","Juggernaut+1","Corruption","Dropkick","Battle Trance","Flex+1"],"relics":["Burning Blood","Torii","Pear","Vajra","The Courier","Astrolabe","Du-Vu Doll","Letter Opener","Question Card"],"potions_floor_usage":[7,18,24,33],"damage_taken":[{"damage":7,"enemies":"Jaw Worm","floor":1,"turns":3},{"damage":6,"enemies":"Cultist","floor":2,"turns":3},{"damage":11,"enemies":"Small Slimes","floor":3,"turns":5},{"damage":12,"enemies":"Looter","floor":4,"turns":3},{"damage":37,"enemies":"Lots of Slimes","floor":5,"turns":4},{"damage":32,"enemies":"Gremlin Nob","floor":7,"turns":4},{"damage":23,"enemies":"Exordium Thugs","floor":8,"turns":5},{"damage":35,"enemies":"Lagavulin","floor":10,"turns":6},{"damage":22,"enemies":"3 Sentries","floor":12,"turns":5},{"damage":0,"enemies":"2 Fungi Beasts","floor":14,"turns":2},{"damage":42,"enemies":"Slime Boss","floor":16,"turns":10},{"damage":23,"enemies":"2 Thieves","floor":18,"turns":4},{"damage":54,"enemies":"Shell Parasite","floor":20,"turns":6},{"damage":36,"enemies":"Snecko","floor":24,"turns":4},{"damage":23,"enemies":"Centurion and Healer","floor":25,"turns":6},{"damage":35,"enemies":"Gremlin Leader","floor":28,"turns":6},{"damage":31,"enemies":"Chosen and Byrds","floor":30,"turns":5},{"damage":114,"enemies":"Automaton","floor":33,"turns":6}],"seed_played":"-7214157648218968392","potions_obtained":[{"floor":4,"key":"Energy Potion"},{"floor":5,"key":"LiquidBronze"},{"floor":14,"key":"LiquidBronze"},{"floor":18,"key":"BloodPotion"},{"floor":28,"key":"BloodPotion"}],"is_trial":false,"path_per_floor":["M","M","M","M","M","R","E","M","T","E","?","E","R","M","R","B",null,"M","$","M","?","$","R","M","M","T","R","E","R","M","$","R","B"],"character_chosen":"IRONCLAD","items_purchased":["Du-Vu Doll","Dropkick"],"campfire_rested":4,"item_purchase_floors":[19,19],"current_hp_per_floor":[71,71,74,68,63,63,37,20,30,11,11,10,37,43,43,23,73,61,61,22,22,22,49,28,20,20,47,39,39,34,34,61,0],"gold":70,"neow_bonus":"ONE_RANDOM_RARE_CARD","is_prod":false,"is_daily":false,"chose_seed":false,"campfire_upgraded":3,"win_rate":0,"timestamp":1555797883,"path_taken":["M","M","M","M","M","R","E","M","T","E","?","E","R","?","R","BOSS","M","$","M","?","?","R","M","M","T","R","E","R","M","$","R","BOSS"],"build_version":"2019-01-23","purchased_purges":2,"victory":false,"max_hp_per_floor":[80,80,80,80,80,80,80,80,90,90,90,90,90,90,90,90,90,90,90,90,90,90,90,90,90,90,90,90,90,90,90,90,90],"card_choices":[{"not_picked":["Shrug It Off","Clash"],"picked":"Dropkick","floor":1},{"not_picked":["Sword Boomerang","Havoc"],"picked":"Headbutt","floor":2},{"not_picked":["Warcry","Feel No Pain"],"picked":"Spot Weakness","floor":3},{"not_picked":["Fire Breathing","Anger"],"picked":"Dual Wield","floor":4},{"not_picked":["Ghostly Armor","True Grit"],"picked":"Sword Boomerang","floor":5},{"not_picked":["Intimidate","Searing Blow","Reckless Charge"],"picked":"SKIP","floor":7},{"not_picked":["Sword Boomerang","Havoc"],"picked":"Pummel","floor":8},{"not_picked":["Pommel Strike","Exhume"],"picked":"Whirlwind","floor":10},{"not_picked":["Clothesline","Pummel"],"picked":"Ghostly Armor","floor":12},{"not_picked":["Carnage","Cleave"],"picked":"True Grit","floor":14},{"not_picked":["Brutality","Barricade"],"picked":"Juggernaut","floor":16},{"not_picked":["Fire Breathing","Uppercut"],"picked":"Corruption","floor":18},{"not_picked":["Anger","True Grit"],"picked":"Battle Trance","floor":20},{"not_picked":["Warcry","Whirlwind","Power Through"],"picked":"SKIP","floor":24},{"not_picked":["Carnage","Twin Strike","Perfected Strike"],"picked":"SKIP","floor":25},{"not_picked":["Whirlwind","Thunderclap"],"picked":"Flex+1","floor":28},{"not_picked":["Perfected Strike","Reckless Charge","Cleave","Bloodletting"],"picked":"SKIP","floor":30}],"player_experience":945490,"relics_obtained":[{"floor":7,"key":"Torii"},{"floor":9,"key":"Pear"},{"floor":10,"key":"Vajra"},{"floor":12,"key":"The Courier"},{"floor":26,"key":"Letter Opener"},{"floor":28,"key":"Question Card"}],"event_choices":[{"damage_healed":0,"gold_gain":0,"cards_transformed":["Strike_R"],"player_choice":"Transformed","damage_taken":0,"max_hp_gain":0,"max_hp_loss":0,"event_name":"Transmorgrifier","floor":11,"gold_loss":0,"cards_obtained":["Searing Blow"]},{"damage_healed":0,"gold_gain":0,"player_choice":"Got Potions","damage_taken":0,"max_hp_gain":0,"max_hp_loss":0,"event_name":"Lab","floor":21,"gold_loss":0}],"is_beta":false,"boss_relics":[{"not_picked":["White Beast Statue","Empty Cage"],"picked":"Astrolabe"}],"items_purged_floors":[19,31],"is_endless":false,"potions_floor_spawned":[4,5,14,16,18,28],"killed_by":"Automaton","ascension_level":12}