{"gold_per_floor":[113,130,146,4,23,51,51,78,102,102,102,114,126,164,176,292,304,328,30,49,49,65,65,98,98,98,126,145,160,160,75,75,180,180,190,190,208,208,208,238,283,283,328,341,374,374,389,35,35,35],"floor_reached":51,"playtime":4930,"items_purged":["Strike_G"],"score":1268,"play_id":"7cf638f2-8a97-4e2b-8cb4-27f23895189d","local_time":"20180801204137","is_ascension_mode":true,"campfire_choices":[{"data":"Neutralize","floor":7,"key":"SMITH"},{"data":"Skewer","floor":10,"key":"SMITH"},{"data":"Noxious Fumes","floor":12,"key":"SMITH"},{"data":"Footwork","floor":15,"key":"SMITH"},{"data":"Malaise","floor":23,"key":"SMITH"},{"data":"Footwork","floor":25,"key":"SMITH"},{"data":"Dodge and Roll","floor":30,"key":"SMITH"},{"data":"Cloak And Dagger","floor":32,"key":"SMITH"},{"data":"Survivor","floor":42,"key":"SMITH"},{"floor":49,"key":"REST"}],"neow_cost":"NONE","seed_source_timestamp":697361679414846,"circlet_count":0,"master_deck":["Defend_G+1","Defend_G","Defend_G","Defend_G","Defend_G","Strike_G","Survivor+1","Neutralize+1","AscendersBane","Dodge and Roll+1","Escape Plan+1","Footwork+1","Noxious Fumes+1","Quick Slash","Slice","Backflip+1","Caltrops","Skewer+1","Cloak And Dagger+1","Malaise+1","Corpse Explosion+1","Deadly Poison+1","Expertise+1","Footwork+1","Backstab","Cloak And Dagger","Deflect","All Out Attack+1","Backstab+1","Adrenaline","Sucker Punch+1","PiercingWail","Die Die Die+1","Endless Agony+1","Deflect","Sucker Punch+1","Heel Hook+1","Dash+1","Bane+1","Malaise+1"],"relics":["Ring of the Snake","Mango","Pen Nib","Bag of Marbles","MawBank","War Paint","Meat on the Bone","Astrolabe","Dream Catcher","Bottled Tornado","Molten Egg 2","Mercury Hourglass","Lizard Tail","Ice Cream","Bronze Scales","Prayer Wheel","Blood Vial","Vajra","Snake Skull","DollysMirror"],"potions_floor_usage":[6,16,16,33,45,50],"damage_taken":[{"damage":1,"enemies":"Cultist","floor":1,"turns":5},{"damage":4,"enemies":"2 Louse","floor":2,"turns":4},{"damage":3,"enemies":"Jaw Worm","floor":3,"turns":8},{"damage":0,"enemies":"Exordium Wildlife","floor":5,"turns":5},{"damage":14,"enemies":"3 Sentries","floor":6,"turns":8},{"damage":16,"enemies":"Lagavulin","floor":8,"turns":8},{"damage":9,"enemies":"3 Sentries","floor":14,"turns":6},{"damage":0,"enemies":"Hexaghost","floor":16,"turns":10},{"damage":8,"enemies":"Shell Parasite","floor":18,"turns":6},{"damage":24,"enemies":"2 Thieves","floor":20,"turns":5},{"damage":0,"enemies":"Cultist and Chosen","floor":22,"turns":5},{"damage":20,"enemies":"Book of Stabbing","floor":24,"turns":6},{"damage":1,"enemies":"Gremlin Leader","floor":27,"turns":7},{"damage":5,"enemies":"Snake Plant","floor":28,"turns":4},{"damage":1,"enemies":"3 Cultists","floor":29,"turns":5},{"damage":37,"enemies":"Collector","floor":33,"turns":9},{"damage":0,"enemies":"Orb Walker","floor":35,"turns":1},{"damage":1,"enemies":"Flame Bruiser 1 Orb","floor":37,"turns":4},{"damage":12,"floor":39,"turns":6},{"damage":9,"enemies":"Nemesis","floor":40,"turns":7},{"damage":0,"floor":41,"turns":1},{"damage":0,"enemies":"3 Darklings","floor":44,"turns":1},{"damage":16,"enemies":"2 Orb Walkers","floor":45,"turns":5},{"damage":1,"enemies":"Transient","floor":47,"turns":5},{"damage":42,"enemies":"Awakened One","floor":50,"turns":19}],"seed_played":"-788864985280799259","potions_obtained":[{"floor":2,"key":"GamblersBrew"},{"floor":8,"key":"SpeedPotion"},{"floor":14,"key":"AttackPotion"},{"floor":22,"key":"AttackPotion"},{"floor":33,"key":"Dexterity Potion"},{"floor":35,"key":"Explosive Potion"},{"floor":36,"key":"Strength Potion"},{"floor":41,"key":"PowerPotion"}],"is_trial":false,"path_per_floor":["M","M","M","$","M","E","R","E","T","R","?","R","T","E","R","B",null,"M","$","M","?","M","R","E","R","T","E","M","M","R","?","R","B",null,"M","?","M","?","?","E","?","R","T","M","E","?","M","$","R","B"],"character_chosen":"THE_SILENT","items_purchased":["Noxious Fumes","Quick Slash","Slice","Footwork","Backstab","Cloak And Dagger","Deflect","Snake Skull","DollysMirror"],"campfire_rested":1,"item_purchase_floors":[4,4,4,19,19,19,19,48,48],"current_hp_per_floor":[62,58,55,55,55,55,55,39,39,39,21,21,21,12,12,24,69,61,61,49,33,45,45,37,37,37,48,55,54,54,54,54,29,74,74,74,73,73,61,52,52,52,52,54,52,52,53,53,79,51],"gold":35,"neow_bonus":"THREE_CARDS","is_prod":false,"is_daily":false,"chose_seed":false,"campfire_upgraded":9,"win_rate":0,"timestamp":1533120097,"path_taken":["M","M","?","$","M","E","R","E","T","R","?","R","?","E","R","BOSS","M","$","M","?","M","R","E","R","T","E","M","M","R","?","R","BOSS","M","?","M","?","?","E","?","R","T","?","E","?","M","$","R","BOSS"],"build_version":"2018-07-26","purchased_purges":1,"victory":true,"max_hp_per_floor":[70,70,70,70,70,84,84,84,84,84,84,84,84,84,84,84,84,84,84,84,89,89,89,89,89,89,89,89,89,89,89,89,89,89,89,89,89,89,89,89,89,89,89,89,89,89,89,89,89,89],"card_choices":[{"not_picked":["Underhanded Strike","Sucker Punch"],"picked":"Dodge and Roll","floor":0},{"not_picked":["Bane","Crippling Poison"],"picked":"Poisoned Stab","floor":1},{"not_picked":["Sucker Punch","Dodge and Roll"],"picked":"Escape Plan","floor":2},{"not_picked":["Well Laid Plans","Bane"],"picked":"Footwork","floor":3},{"not_picked":["Outmaneuver","Slice"],"picked":"Backflip","floor":5},{"not_picked":["Eviscerate","Slice"],"picked":"Caltrops","floor":6},{"not_picked":["Quick Slash","Storm of Steel"],"picked":"Skewer","floor":8},{"not_picked":["Quick Slash","Concentrate"],"picked":"Cloak And Dagger","floor":14},{"not_picked":["Burst","Bullet Time"],"picked":"Malaise","floor":16},{"not_picked":["Concentrate+1","Underhanded Strike+1","Outmaneuver"],"picked":"SKIP","floor":18},{"not_picked":["Bouncing Flask","Outmaneuver"],"picked":"All Out Attack+1","floor":20},{"not_picked":["Bane","Backflip"],"picked":"Backstab+1","floor":22},{"not_picked":["Underhanded Strike","PiercingWail"],"picked":"Adrenaline","floor":24},{"not_picked":["Quick Slash","Dodge and Roll","Underhanded Strike"],"picked":"SKIP","floor":27},{"not_picked":["Outmaneuver","Catalyst"],"picked":"Sucker Punch+1","floor":28},{"not_picked":["Prepared","Skewer+1"],"picked":"PiercingWail","floor":29},{"not_picked":["Burst","Night Terror"],"picked":"Die Die Die+1","floor":33},{"not_picked":["Skewer+1","Reflex"],"picked":"Endless Agony+1","floor":35},{"not_picked":["Acrobatics","Underhanded Strike+1"],"picked":"Deflect","floor":37},{"not_picked":["Setup","Deflect"],"picked":"Sucker Punch+1","floor":39},{"not_picked":["Doppelganger","Bullet Time"],"picked":"Heel Hook+1","floor":40},{"not_picked":["Prepared","Outmaneuver"],"picked":"Dash+1","floor":41},{"not_picked":["Expertise","Underhanded Strike+1","Cloak And Dagger"],"picked":"SKIP","floor":44},{"not_picked":["Outmaneuver","All Out Attack+1","Eviscerate+1"],"picked":"SKIP","floor":44},{"not_picked":["Prepared","Deflect+1"],"picked":"Bane+1","floor":45},{"not_picked":["Accuracy","Sucker Punch+1","Outmaneuver"],"picked":"SKIP","floor":47},{"not_picked":["Wraith Form v2","Underhanded Strike+1","PiercingWail+1"],"picked":"SKIP","floor":47}],"player_experience":317506,"relics_obtained":[{"floor":6,"key":"Mango"},{"floor":8,"key":"Pen Nib"},{"floor":9,"key":"Bag of Marbles"},{"floor":13,"key":"War Paint"},{"floor":14,"key":"Meat on the Bone"},{"floor":24,"key":"Dream Catcher"},{"floor":26,"key":"Bottled Tornado"},{"floor":27,"key":"Molten Egg 2"},{"floor":39,"key":"Ice Cream"},{"floor":40,"key":"Bronze Scales"},{"floor":41,"key":"Prayer Wheel"},{"floor":43,"key":"Blood Vial"},{"floor":45,"key":"Vajra"}],"event_choices":[{"event_name":"Scrap Ooze","player_choice":"success","floor":11,"damage_taken":18},{"event_name":"Forgotten Altar","player_choice":"Shed Blood","floor":21,"damage_taken":0},{"event_name":"Addict","player_choice":"Obtained Relic","floor":31,"damage_taken":0},{"event_name":"The Lab","player_choice":"Got Potions","floor":36,"damage_taken":0},{"event_name":"Falling","player_choice":"Removed Attack","floor":38,"damage_taken":0},{"event_name":"MindBloom","player_choice":"Fight","floor":39,"damage_taken":0},{"event_name":"Mysterious Sphere","player_choice":"Fight","floor":41,"damage_taken":0},{"event_name":"Accursed Blacksmith","player_choice":"Forge","floor":46,"damage_taken":0}],"is_beta":false,"boss_relics":[{"not_picked":["Snecko Eye","White Beast Statue"],"picked":"Astrolabe"},{"not_picked":["Empty Cage","Black Star"],"picked":"Lizard Tail"}],"items_purged_floors":[19],"is_endless":false,"potions_floor_spawned":[2,8,14,22,33,35,37,41],"ascension_level":12}