{"gold_per_floor":[115,134,144,162,42,42,54,129,129,143,43,43,59,24,24,119,119,139,156,44,55,69,69,80,80,80,80,92,3,16,35,35,35],"floor_reached":33,"playtime":2262,"items_purged":["Strike_R","Strike_R"],"score":245,"play_id":"b6728f35-f603-4654-b142-a12f8d6d7631","local_time":"20190311011611","is_ascension_mode":false,"campfire_choices":[{"data":"Body Slam","floor":6,"key":"SMITH"},{"data":"Shrug It Off","floor":12,"key":"SMITH"},{"data":"Offering","floor":15,"key":"SMITH"},{"data":"Anger","floor":25,"key":"SMITH"},{"data":"Flame Barrier","floor":27,"key":"SMITH"},{"floor":32,"key":"REST"}],"neow_cost":"TEN_PERCENT_HP_LOSS","seed_source_timestamp":0,"circlet_count":0,"master_deck":["Strike_R","Defend_R","Defend_R","Defend_R","Bash","Anger+1","Headbutt","Body Slam+1","Feel No Pain","Shrug It Off+1","Battle Trance","Offering+1","Fiend Fire","Flame Barrier+1","Burning Pact","Sentinel","Warcry+1","True Grit","Reckless Charge","Brutality"],"special_seed":0,"relics":["Burning Blood"],"potions_floor_usage":[16,21,24,28,33,33],"damage_taken":[{"damage":1,"enemies":"Cultist","floor":1,"turns":4},{"damage":5,"enemies":"Small Slimes","floor":2,"turns":3},{"damage":6,"enemies":"2 Louse","floor":3,"turns":2},{"damage":18,"enemies":"Large Slime","floor":4,"turns":5},{"damage":15,"enemies":"Lots of Slimes","floor":7,"turns":5},{"damage":10,"enemies":"Looter","floor":10,"turns":3},{"damage":2,"enemies":"2 Fungi Beasts","floor":13,"turns":3},{"damage":26,"enemies":"Hexaghost","floor":16,"turns":7},{"damage":6,"enemies":"3 Byrds","floor":18,"turns":5},{"damage":13,"enemies":"Shell Parasite","floor":19,"turns":3},{"damage":9,"enemies":"Snake Plant","floor":21,"turns":3},{"damage":23,"enemies":"Cultist and Chosen","floor":22,"turns":9},{"damage":6,"enemies":"Snecko","floor":24,"turns":2},{"damage":6,"enemies":"Chosen and Byrds","floor":28,"turns":4},{"damage":7,"enemies":"Shelled Parasite and Fungi","floor":30,"turns":3},{"damage":22,"enemies":"Snake Plant","floor":31,"turns":3},{"damage":66,"enemies":"Champ","floor":33,"turns":9}],"seed_played":"-2141422186941957993","potions_obtained":[{"floor":3,"key":"PowerPotion"},{"floor":4,"key":"Energy Potion"},{"floor":16,"key":"Weak Potion"},{"floor":24,"key":"EntropicBrew"},{"floor":28,"key":"Swift Potion"},{"floor":30,"key":"Block Potion"}],"is_trial":false,"path_per_floor":["M","M","M","M","$","R","M","?","T","M","$","R","M","?","R","B",null,"M","M","$","M","M","?","M","R","T","R","M","$","M","M","R","B"],"character_chosen":"IRONCLAD","items_purchased":["Shrug It Off","Burning Pact","Sentinel","True Grit","Reckless Charge"],"campfire_rested":1,"item_purchase_floors":[5,20,20,29,29],"current_hp_per_floor":[72,72,72,60,60,60,51,44,44,40,40,40,44,62,62,42,72,72,65,65,62,45,45,45,45,45,45,45,45,44,28,49,0],"gold":35,"neow_bonus":"REMOVE_TWO","is_prod":false,"is_daily":false,"chose_seed":false,"campfire_upgraded":5,"win_rate":0,"timestamp":1552281371,"path_taken":["M","?","M","M","$","R","M","?","T","?","?","R","M","?","R","BOSS","M","M","$","M","M","?","M","R","T","R","M","$","M","M","R","BOSS"],"build_version":"2019-01-23","purchased_purges":2,"victory":false,"max_hp_per_floor":[72,72,72,72,72,72,72,72,72,72,72,72,72,72,72,72,72,72,72,72,72,72,72,72,72,72,72,72,72,72,72,72,72],"card_choices":[{"not_picked":["Warcry","Intimidate"],"picked":"Anger","floor":1},{"not_picked":["Thunderclap","Wild Strike"],"picked":"Headbutt","floor":2},{"not_picked":["Disarm","Clash"],"picked":"Body Slam","floor":3},{"not_picked":["Cleave","Shockwave"],"picked":"Feel No Pain","floor":4},{"not_picked":["Havoc","Cleave","Evolve"],"picked":"SKIP","floor":7},{"not_picked":["Thunderclap","Battle Trance","Sword Boomerang"],"picked":"SKIP","floor":10},{"not_picked":["Thunderclap","Sword Boomerang"],"picked":"Battle Trance","floor":10},{"not_picked":["Inflame","Metallicize"],"picked":"Offering","floor":13},{"not_picked":["Exhume","Impervious"],"picked":"Fiend Fire","floor":16},{"not_picked":["Corruption","Rupture+1","Cleave"],"picked":"SKIP","floor":18},{"not_picked":["Heavy Blade","Second Wind"],"picked":"Flame Barrier","floor":19},{"not_picked":["Clash+1","Sword Boomerang+1","Infernal Blade"],"picked":"SKIP","floor":21},{"not_picked":["Cleave","Flex","Havoc"],"picked":"SKIP","floor":22},{"not_picked":["Headbutt","Infernal Blade"],"picked":"Warcry+1","floor":24},{"not_picked":["Infernal Blade","Clash+1","Wild Strike"],"picked":"SKIP","floor":28},{"not_picked":["Twin Strike","Flex"],"picked":"Brutality","floor":30},{"not_picked":["Searing Blow","Thunderclap","True Grit"],"picked":"SKIP","floor":31}],"player_experience":859280,"relics_obtained":[],"event_choices":[{"damage_healed":0,"gold_gain":75,"player_choice":"Touch","damage_taken":7,"max_hp_gain":0,"max_hp_loss":0,"event_name":"FaceTrader","floor":8,"gold_loss":0},{"damage_healed":18,"gold_gain":0,"player_choice":"Healed","damage_taken":0,"max_hp_gain":0,"max_hp_loss":0,"event_name":"The Cleric","floor":14,"gold_loss":35},{"cards_removed":["Strike_R"],"damage_healed":0,"gold_gain":0,"player_choice":"Card Removal","damage_taken":0,"max_hp_gain":0,"max_hp_loss":0,"event_name":"Wheel of Change","floor":23,"gold_loss":0}],"is_beta":false,"boss_relics":[{"not_picked":[]}],"items_purged_floors":[5,11],"is_endless":false,"potions_floor_spawned":[3,4,16,24,28,30],"killed_by":"Champ","ascension_level":0}