{"gold_per_floor":[114,126,126,151,21,21,65,89,89,89,89,110,123,148,148,239,239,264,279,145,415,436,474,474,514,514,539,539,539,564,72,72,163,163,176,176,235,250,77,117,2,40,40,59,77,77,120,453,453,453],"floor_reached":50,"playtime":3196,"items_purged":["Anger","Strike_R+1"],"score":1194,"play_id":"08e5635b-9bdd-4a25-b2f5-249352a02342","local_time":"20190420014838","is_ascension_mode":true,"campfire_choices":[{"data":"Shockwave","floor":6.0,"key":"SMITH"},{"data":"Carnage","floor":10.0,"key":"SMITH"},{"data":"Inflame","floor":15.0,"key":"SMITH"},{"floor":24.0,"key":"REST"},{"floor":28.0,"key":"REST"},{"data":"Limit Break","floor":32.0,"key":"SMITH"},{"floor":46.0,"key":"RECALL"},{"floor":49.0,"key":"REST"}],"neow_cost":"NONE","seed_source_timestamp":429477479323614,"circlet_count":0,"master_deck":["AscendersBane","Strike_R+1","Strike_R+1","Strike_R+1","Strike_R+1","Defend_R+1","Defend_R+1","Defend_R+1","Defend_R+1","Bash","Power Through","Clothesline+1","Shockwave+1","Sever Soul","Carnage+1","True Grit","Uppercut","Shrug It Off","Inflame+1","Juggernaut","Shrug It Off","Armaments","Corruption","Entrench","Entrench+1","Limit Break+1","Inflame","Immolate","Feed","Dual Wield","Headbutt+1","Disarm"],"special_seed":0,"relics":["Burning Blood","NeowsBlessing","Du-Vu Doll","Sundial","Snecko Eye","Pear","Happy Flower","Self Forming Clay","Bag of Preparation","Sozu","Unceasing Top","Mango","Potion Belt","Anchor","Mummified Hand"],"potions_floor_usage":[],"damage_taken":[{"damage":0.0,"enemies":"Cultist","floor":1.0,"turns":1.0},{"damage":0.0,"enemies":"Small Slimes","floor":2.0,"turns":2.0},{"damage":1.0,"enemies":"2 Louse","floor":4.0,"turns":2.0},{"damage":12.0,"enemies":"Lagavulin","floor":7.0,"turns":8.0},{"damage":11.0,"enemies":"Exordium Thugs","floor":8.0,"turns":4.0},{"damage":0.0,"enemies":"3 Louse","floor":12.0,"turns":3.0},{"damage":0.0,"enemies":"Large Slime","floor":13.0,"turns":4.0},{"damage":6.0,"enemies":"Red Slaver","floor":14.0,"turns":2.0},{"damage":28.0,"enemies":"The Guardian","floor":16.0,"turns":11.0},{"damage":0.0,"enemies":"Chosen","floor":18.0,"turns":2.0},{"damage":4.0,"enemies":"2 Thieves","floor":19.0,"turns":4.0},{"damage":9.0,"enemies":"Snake Plant","floor":22.0,"turns":2.0},{"damage":34.0,"enemies":"Gremlin Leader","floor":23.0,"turns":5.0},{"damage":26.0,"enemies":"Slavers","floor":25.0,"turns":4.0},{"damage":4.0,"enemies":"3 Cultists","floor":27.0,"turns":5.0},{"damage":2.0,"enemies":"Centurion and Healer","floor":30.0,"turns":4.0},{"damage":19.0,"enemies":"Champ","floor":33.0,"turns":10.0},{"damage":0.0,"enemies":"3 Darklings","floor":35.0,"turns":4.0},{"damage":6.0,"enemies":"2 Orb Walkers","floor":37.0,"turns":4.0},{"damage":0.0,"enemies":"Orb Walker","floor":38.0,"turns":4.0},{"damage":1.0,"enemies":"Nemesis","floor":40.0,"turns":5.0},{"damage":52.0,"enemies":"Giant Head","floor":42.0,"turns":7.0},{"damage":0.0,"enemies":"Jaw Worm Horde","floor":44.0,"turns":4.0},{"damage":12.0,"enemies":"Writhing Mass","floor":45.0,"turns":6.0},{"damage":40.0,"enemies":"Reptomancer","floor":47.0,"turns":6.0},{"damage":50,"enemies":"Time Eater","floor":50,"turns":7}],"seed_played":"3559399187067110468","potions_obtained":[{"floor":1.0,"key":"GamblersBrew"},{"floor":4.0,"key":"BloodPotion"},{"floor":12.0,"key":"Swift Potion"},{"floor":13.0,"key":"Fire Potion"},{"floor":22.0,"key":"Block Potion"},{"floor":33.0,"key":"EntropicBrew"}],"is_trial":false,"path_per_floor":["M","M","?","M","$","R","E","M","T","R","?","M","M","M","R","B",null,"M","M","$","?","M","E","R","E","T","M","R","?","M","$","R","B",null,"M","?","?","M","$","E","?","E","T","M","M","R","E","?","R","B"],"character_chosen":"IRONCLAD","items_purchased":["Shockwave","Sever Soul","Armaments","Bag of Preparation","Limit Break","Inflame","Feed"],"campfire_rested":3,"item_purchase_floors":[5,5,20,31,31,31,39],"current_hp_per_floor":[74,75,68,68,68,68,62,63,63,63,43,49,55,55,55,33,59,65,67,67,43,40,22,45,25,25,27,50,50,54,54,54,41,69,75,65,65,71,71,90,90,44,44,53,50,50,19,19,49,0],"gold":453,"neow_bonus":"THREE_ENEMY_KILL","is_prod":false,"is_daily":false,"chose_seed":false,"campfire_upgraded":4,"win_rate":0,"timestamp":1555717718,"path_taken":["M","?","?","M","$","R","E","M","T","R","?","M","M","M","R","BOSS","M","M","$","?","?","E","R","E","T","M","R","?","M","$","R","BOSS","M","?","?","M","$","E","?","E","T","M","?","R","E","?","R","BOSS"],"build_version":"2019-04-04","purchased_purges":2,"victory":false,"max_hp_per_floor":[75,75,68,68,68,68,68,68,68,68,68,68,68,68,68,68,68,68,68,68,68,68,78,78,78,78,78,78,78,78,78,78,78,78,78,78,78,78,78,92,92,92,92,95,98,98,101,101,101,101],"card_choices":[{"not_picked":["Warcry","Reckless Charge"],"picked":"Power Through","floor":1.0},{"not_picked":["Rupture","Burning Pact"],"picked":"Clothesline","floor":2.0},{"not_picked":["Ghostly Armor","Dropkick"],"picked":"Anger","floor":4.0},{"not_picked":["Hemokinesis","Ghostly Armor"],"picked":"Carnage","floor":7.0},{"not_picked":["Pommel Strike","Cleave"],"picked":"True Grit","floor":8.0},{"not_picked":["Intimidate","Thunderclap"],"picked":"Uppercut","floor":12.0},{"not_picked":["Cleave","Perfected Strike"],"picked":"Shrug It Off","floor":13.0},{"not_picked":["Sword Boomerang","Cleave"],"picked":"Inflame","floor":14.0},{"not_picked":["Barricade","Berserk"],"picked":"Juggernaut","floor":16.0},{"not_picked":["Wild Strike","Twin Strike","Clash"],"picked":"SKIP","floor":18.0},{"not_picked":["Ghostly Armor","Whirlwind"],"picked":"Shrug It Off","floor":19.0},{"not_picked":["Cleave","Clash","Intimidate"],"picked":"SKIP","floor":22.0},{"not_picked":["Cleave","Clash","Intimidate"],"picked":"SKIP","floor":22.0},{"not_picked":["Cleave","Clash","Intimidate"],"picked":"SKIP","floor":22.0},{"not_picked":["Cleave+1","Pommel Strike"],"picked":"Corruption","floor":23.0},{"not_picked":["Perfected Strike","Second Wind"],"picked":"Entrench","floor":25.0},{"not_picked":["Headbutt","Reckless Charge","Flex"],"picked":"SKIP","floor":27.0},{"not_picked":["Intimidate","Ghostly Armor"],"picked":"Entrench+1","floor":30.0},{"not_picked":["Exhume","Barricade"],"picked":"Immolate","floor":33.0},{"not_picked":["Iron Wave","Clothesline","Havoc"],"picked":"SKIP","floor":35.0},{"not_picked":["Iron Wave","Clothesline","Havoc"],"picked":"SKIP","floor":35.0},{"not_picked":["Sever Soul+1","Ghostly Armor","Whirlwind"],"picked":"SKIP","floor":38.0},{"not_picked":["Clash+1","Rampage"],"picked":"Dual Wield","floor":40.0},{"not_picked":["Intimidate","Twin Strike","Blood for Blood"],"picked":"SKIP","floor":42.0},{"not_picked":["Second Wind","Cleave","Wild Strike"],"picked":"SKIP","floor":44.0},{"not_picked":["Pummel","Warcry"],"picked":"Headbutt+1","floor":45.0},{"not_picked":["Clothesline","Sword Boomerang"],"picked":"Disarm","floor":47.0}],"player_experience":1695660,"relics_obtained":[{"floor":7.0,"key":"Du-Vu Doll"},{"floor":9.0,"key":"Sundial"},{"floor":23.0,"key":"Pear"},{"floor":25.0,"key":"Happy Flower"},{"floor":26.0,"key":"Self Forming Clay"},{"floor":37.0,"key":"Unceasing Top"},{"floor":40.0,"key":"Mango"},{"floor":42.0,"key":"Anchor"},{"floor":47.0,"key":"Mummified Hand"}],"event_choices":[{"damage_healed":0.0,"max_hp_gain":0.0,"max_hp_loss":7.0,"gold_gain":0.0,"event_name":"Golden Idol","player_choice":"Lose Max HP","floor":3.0,"gold_loss":0.0,"damage_taken":0.0,"relics_obtained":["Golden Idol"]},{"damage_healed":0.0,"max_hp_gain":0.0,"max_hp_loss":0.0,"gold_gain":0.0,"event_name":"Shining Light","player_choice":"Entered Light","floor":11.0,"gold_loss":0.0,"damage_taken":20.0,"cards_upgraded":["Clothesline","Strike_R"]},{"damage_healed":0.0,"max_hp_gain":0.0,"max_hp_loss":0.0,"gold_gain":270.0,"event_name":"Knowing Skull","player_choice":"GOLD GOLD GOLD ","floor":21.0,"potions_obtained":[],"gold_loss":0.0,"damage_taken":24.0,"cards_obtained":[]},{"damage_healed":0.0,"max_hp_gain":0.0,"max_hp_loss":0.0,"gold_gain":0.0,"event_name":"Back to Basics","player_choice":"Simplicity","floor":29.0,"gold_loss":0.0,"damage_taken":0.0,"cards_upgraded":["Strike_R","Strike_R","Strike_R","Strike_R","Defend_R","Defend_R","Defend_R","Defend_R"]},{"damage_healed":0.0,"max_hp_gain":0.0,"max_hp_loss":0.0,"gold_gain":0.0,"event_name":"SensoryStone","player_choice":"Memory 3","floor":36.0,"gold_loss":0.0,"damage_taken":10.0},{"damage_healed":0.0,"max_hp_gain":0.0,"max_hp_loss":0.0,"gold_gain":0.0,"event_name":"Mysterious Sphere","player_choice":"Fight","floor":37.0,"gold_loss":0.0,"damage_taken":0.0},{"damage_healed":0.0,"max_hp_gain":0.0,"max_hp_loss":0.0,"gold_gain":0.0,"event_name":"WeMeetAgain","player_choice":"Paid Gold","floor":41.0,"gold_loss":115.0,"damage_taken":0.0,"relics_obtained":["Potion Belt"]},{"damage_healed":0.0,"max_hp_gain":0.0,"max_hp_loss":0.0,"gold_gain":333.0,"event_name":"The Moai Head","player_choice":"Gave Idol","floor":48.0,"relics_lost":["Golden Idol"],"gold_loss":0.0,"damage_taken":0.0}],"is_beta":true,"boss_relics":[{"not_picked":["Mark of Pain","Orrery"],"picked":"Snecko Eye"},{"not_picked":["Pandora\u0027s Box","Busted Crown"],"picked":"Sozu"}],"items_purged_floors":[20,31],"is_endless":false,"potions_floor_spawned":[1,4,12,13,14,18,22,33,35,38,42,44],"killed_by":"Time Eater","ascension_level":20}