{"gold_per_floor":[111,18,18,37,57,57,92,105,131,131,151,227,227,31,31,130,193,218,218,45,45,45,45,45,64,64,64,82,82],"floor_reached":29,"playtime":1890,"items_purged":["Strike_G"],"score":409,"play_id":"36f40584-11b7-42f8-89e7-4ff602ae0417","local_time":"20190406012425","is_ascension_mode":true,"campfire_choices":[{"data":"Flechettes","floor":6,"key":"SMITH"},{"floor":10,"key":"REST"},{"floor":13,"key":"REST"},{"data":"Prepared","floor":15,"key":"SMITH"},{"data":"Concentrate","floor":23,"key":"SMITH"}],"neow_cost":"TEN_PERCENT_HP_LOSS","seed_source_timestamp":872009085032030,"circlet_count":0,"master_deck":["AscendersBane","Defend_G","Defend_G","Defend_G","Defend_G","Defend_G","Strike_G+1","Strike_G","Strike_G","Strike_G","Survivor","Neutralize","Concentrate+1","Prepared+1","Footwork","Flechettes+1","Masterful Stab","Acrobatics","Deadly Poison","Cloak And Dagger","Panache","Adrenaline+1","PiercingWail+1","Backflip+1","Finesse+1","Well Laid Plans+1","Blur+1"],"relics":["Ring of the Snake","Tough Bandages","Golden Idol","Juzu Bracelet","Potion Belt","Toxic Egg 2","Tiny House","Sundial"],"potions_floor_usage":[5,16,16,28,28,29],"damage_taken":[{"damage":10,"enemies":"Jaw Worm","floor":1,"turns":7},{"damage":0,"enemies":"Cultist","floor":4,"turns":5},{"damage":1,"enemies":"Small Slimes","floor":5,"turns":4},{"damage":52,"enemies":"3 Sentries","floor":7,"turns":16},{"damage":0,"enemies":"2 Fungi Beasts","floor":8,"turns":4},{"damage":0,"enemies":"Exordium Wildlife","floor":11,"turns":2},{"damage":11,"enemies":"Slime Boss","floor":16,"turns":10},{"damage":21,"enemies":"Spheric Guardian","floor":18,"turns":9},{"damage":0,"enemies":"Shell Parasite","floor":25,"turns":5},{"damage":21,"enemies":"Chosen and Byrds","floor":28,"turns":13},{"damage":13,"enemies":"Cultist and Chosen","floor":29,"turns":4}],"seed_played":"2444206702695541204","potions_obtained":[{"floor":5,"key":"Fruit Juice"},{"floor":8,"key":"SkillPotion"},{"floor":11,"key":"PowerPotion"},{"floor":16,"key":"SpeedPotion"},{"floor":17,"key":"EssenceOfSteel"},{"floor":18,"key":"GamblersBrew"},{"floor":25,"key":"Energy Potion"}],"is_trial":false,"path_per_floor":["M","$","?","M","M","R","E","M","T","R","M","T","R","$","R","B",null,"M","?","$","?","?","R","?","M","T","?","M","M"],"character_chosen":"THE_SILENT","items_purchased":["Prepared","Footwork","Panache","Finesse+1"],"campfire_rested":2,"item_purchase_floors":[2,2,14,20],"current_hp_per_floor":[49,49,49,49,53,53,1,1,1,18,18,18,35,35,35,24,55,34,34,34,34,34,34,34,34,34,34,13,0],"gold":82,"neow_bonus":"ONE_RARE_RELIC","is_prod":false,"is_daily":false,"chose_seed":false,"campfire_upgraded":3,"win_rate":0,"timestamp":1554528265,"path_taken":["M","$","?","M","M","R","E","M","T","R","M","?","R","$","R","BOSS","M","?","$","?","?","R","?","M","T","?","M","M"],"build_version":"2019-01-23","purchased_purges":1,"victory":false,"max_hp_per_floor":[60,60,54,54,59,59,59,59,59,59,59,59,59,59,59,59,64,64,64,64,64,64,64,64,64,64,64,64,64],"card_choices":[{"not_picked":["Sucker Punch","Footwork"],"picked":"Concentrate","floor":1},{"not_picked":["Bane","Heel Hook"],"picked":"Flechettes","floor":4},{"not_picked":["Prepared","Slice"],"picked":"Masterful Stab","floor":5},{"not_picked":["Bullet Time","Bouncing Flask"],"picked":"Acrobatics","floor":7},{"not_picked":["Escape Plan","Bane"],"picked":"Deadly Poison","floor":8},{"not_picked":["Distraction","Quick Slash"],"picked":"Cloak And Dagger","floor":11},{"not_picked":["Doppelganger+1","Burst+1"],"picked":"Adrenaline+1","floor":16},{"not_picked":["Dagger Spray","Masterful Stab"],"picked":"PiercingWail+1","floor":17},{"not_picked":["Leg Sweep+1","Dash"],"picked":"Backflip+1","floor":18},{"not_picked":["Heel Hook","Outmaneuver+1"],"picked":"Well Laid Plans+1","floor":25},{"not_picked":["Blade Dance+1","Deadly Poison+1"],"picked":"Blur+1","floor":28}],"player_experience":915899,"relics_obtained":[{"floor":7,"key":"Juzu Bracelet"},{"floor":9,"key":"Potion Belt"},{"floor":12,"key":"Toxic Egg 2"},{"floor":26,"key":"Sundial"}],"event_choices":[{"damage_healed":0,"gold_gain":0,"player_choice":"Lose Max HP","damage_taken":0,"relics_obtained":["Golden Idol"],"max_hp_gain":0,"max_hp_loss":6,"event_name":"Golden Idol","floor":3,"gold_loss":0},{"damage_healed":0,"gold_gain":0,"player_choice":"Ignored","damage_taken":0,"max_hp_gain":0,"max_hp_loss":0,"event_name":"Vampires","floor":19,"gold_loss":0},{"damage_healed":0,"gold_gain":0,"player_choice":"Ignored","damage_taken":0,"max_hp_gain":0,"max_hp_loss":0,"event_name":"Beggar","floor":21,"gold_loss":0},{"damage_healed":0,"gold_gain":0,"player_choice":"Ignored","damage_taken":0,"max_hp_gain":0,"max_hp_loss":0,"event_name":"The Mausoleum","floor":24,"gold_loss":0},{"damage_healed":0,"gold_gain":0,"player_choice":"Ignored","damage_taken":0,"max_hp_gain":0,"max_hp_loss":0,"event_name":"Cursed Tome","floor":27,"gold_loss":0}],"is_beta":false,"boss_relics":[{"not_picked":["Velvet Choker","Sozu"],"picked":"Tiny House"}],"items_purged_floors":[20],"is_endless":false,"potions_floor_spawned":[5,8,11,16,18,25],"killed_by":"Cultist and Chosen","ascension_level":17}