{"gold_per_floor":[109,109,11,26,42,42,58,90,90,90,90,165,184,196,196,298,298,310,322,322,322],"floor_reached":21,"playtime":1719,"items_purged":[],"score":181,"play_id":"e5c79663-c318-4ea8-aa3a-24c0676eab92","local_time":"20190325140701","is_ascension_mode":false,"campfire_choices":[{"floor":6,"key":"RECALL"},{"floor":10,"key":"REST"},{"floor":15,"key":"REST"}],"neow_cost":"NONE","seed_source_timestamp":3910033693496,"circlet_count":0,"master_deck":["Strike_R","Strike_R","Strike_R","Defend_R","Defend_R","Defend_R","Bash","Iron Wave","Flex","Anger","Armaments","Ghostly Armor","Ghostly Armor","Disarm","Reaper","Impervious","Dual Wield+1","Body Slam"],"relics":["Burning Blood","NlothsMask","Turnip","Empty Cage"],"potions_floor_usage":[16,16,20],"damage_taken":[{"damage":15,"enemies":"Jaw Worm","floor":1,"turns":6},{"damage":1,"enemies":"Cultist","floor":4,"turns":3},{"damage":1,"enemies":"2 Louse","floor":5,"turns":3},{"damage":3,"enemies":"2 Fungi Beasts","floor":7,"turns":3},{"damage":45,"enemies":"3 Sentries","floor":8,"turns":18},{"damage":3,"enemies":"Exordium Wildlife","floor":13,"turns":7},{"damage":0,"enemies":"Looter","floor":14,"turns":4},{"damage":35,"enemies":"Slime Boss","floor":16,"turns":18},{"damage":30,"enemies":"Spheric Guardian","floor":18,"turns":8},{"damage":22,"enemies":"Chosen","floor":19,"turns":8},{"damage":40,"enemies":"Colosseum Slavers","floor":20,"turns":6},{"damage":30,"enemies":"Sentry and Sphere","floor":21,"turns":7}],"seed_played":"-89546787332527296","potions_obtained":[{"floor":1,"key":"EssenceOfSteel"},{"floor":7,"key":"Strength Potion"},{"floor":8,"key":"SpeedPotion"},{"floor":13,"key":"SpeedPotion"},{"floor":16,"key":"FairyPotion"},{"floor":18,"key":"Explosive Potion"}],"is_trial":false,"path_per_floor":["?","M","?","?","?"],"character_chosen":"IRONCLAD","items_purchased":["Flex","Anger"],"campfire_rested":2,"item_purchase_floors":[3,3],"current_hp_per_floor":[79,79,79,84,88,88,88,49,49,75,75,64,67,73,88,60,88,64,48,14,0],"gold":322,"neow_bonus":"TEN_PERCENT_HP_BONUS","is_prod":false,"is_daily":false,"chose_seed":false,"campfire_upgraded":0,"win_rate":0,"timestamp":1553537221,"path_taken":["M","?","$","M","?","R","M","E","T","R","?","?","M","M","R","BOSS","M","M","?","M"],"build_version":"2019-01-23","purchased_purges":0,"victory":false,"max_hp_per_floor":[88,88,88,88,88,88,88,88,88,88,88,88,88,88,88,88,88,88,88,88,88],"card_choices":[{"not_picked":["Warcry","Perfected Strike"],"picked":"Iron Wave","floor":1},{"not_picked":["Flex","Second Wind"],"picked":"Armaments","floor":4},{"not_picked":["Battle Trance","Carnage"],"picked":"Ghostly Armor","floor":5},{"not_picked":["Corruption","Body Slam"],"picked":"Ghostly Armor","floor":7},{"not_picked":["Combust","Heavy Blade"],"picked":"Disarm","floor":8},{"not_picked":["Burning Pact","Armaments"],"picked":"Reaper","floor":13},{"not_picked":["Reckless Charge","Second Wind","Body Slam"],"picked":"SKIP","floor":14},{"not_picked":["Fiend Fire","Berserk"],"picked":"Impervious","floor":16},{"not_picked":["Evolve","Thunderclap"],"picked":"Dual Wield+1","floor":18},{"not_picked":["Heavy Blade","Perfected Strike"],"picked":"Body Slam","floor":19}],"player_experience":68307,"relics_obtained":[{"floor":8,"key":"Turnip"}],"event_choices":[{"damage_healed":0,"gold_gain":0,"player_choice":"Trade","damage_taken":0,"relics_obtained":["NlothsMask"],"max_hp_gain":0,"max_hp_loss":0,"event_name":"FaceTrader","floor":2,"gold_loss":0},{"cards_removed":["Strike_R"],"damage_healed":0,"gold_gain":0,"player_choice":"Forget","damage_taken":0,"max_hp_gain":0,"max_hp_loss":0,"event_name":"Living Wall","floor":11,"gold_loss":0},{"damage_healed":0,"gold_gain":75,"player_choice":"Gather Gold","damage_taken":11,"max_hp_gain":0,"max_hp_loss":0,"event_name":"World of Goop","floor":12,"gold_loss":0},{"damage_healed":0,"gold_gain":0,"player_choice":"Fight","damage_taken":0,"max_hp_gain":0,"max_hp_loss":0,"event_name":"Colosseum","floor":20,"gold_loss":0},{"damage_healed":0,"gold_gain":0,"player_choice":"Fled From Nobs","damage_taken":0,"max_hp_gain":0,"max_hp_loss":0,"event_name":"Colosseum","floor":20,"gold_loss":0}],"is_beta":false,"boss_relics":[{"not_picked":["Philosopher\u0027s Stone","Cursed Key"],"picked":"Empty Cage"}],"items_purged_floors":[],"is_endless":false,"potions_floor_spawned":[1,7,8,13,16,18],"killed_by":"Sentry and Sphere","ascension_level":0}