{"gold_per_floor":[113,129,142,36,36,36,52,52,52,67,39,39,4,16,16,16],"floor_reached":16,"playtime":834,"items_purged":[],"score":92,"play_id":"c0321078-f3b6-407d-a8c9-f12101531892","local_time":"20190324135548","is_ascension_mode":false,"campfire_choices":[{"data":"Static Discharge","floor":8,"key":"SMITH"},{"floor":12,"key":"REST"},{"floor":15,"key":"DIG"}],"neow_cost":"NONE","seed_source_timestamp":1884017188494,"circlet_count":0,"master_deck":["Strike_B","Strike_B","Strike_B","Strike_B","Defend_B","Defend_B","Defend_B","Defend_B","Zap","Dualcast+1","Fusion","Static Discharge","Redo","Barrage","Static Discharge+1","Capacitor","Beam Cell","Redo"],"relics":["Cracked Core","Shovel","Peace Pipe"],"potions_floor_usage":[],"damage_taken":[{"damage":1,"enemies":"Cultist","floor":1,"turns":3},{"damage":12,"enemies":"2 Louse","floor":2,"turns":2},{"damage":0,"enemies":"Small Slimes","floor":3,"turns":3},{"damage":9,"enemies":"Blue Slaver","floor":7,"turns":3},{"damage":16,"enemies":"2 Fungi Beasts","floor":10,"turns":4},{"damage":10,"enemies":"3 Louse","floor":14,"turns":3},{"damage":65,"enemies":"The Guardian","floor":16,"turns":7}],"seed_played":"-5951980358152919678","potions_obtained":[{"floor":1,"key":"SteroidPotion"},{"floor":5,"key":"Strength Potion"},{"floor":5,"key":"Weak Potion"},{"floor":7,"key":"Fire Potion"},{"floor":10,"key":"Dexterity Potion"}],"is_trial":false,"path_per_floor":["M","?","$","M","?","?"],"character_chosen":"DEFECT","items_purchased":["Barrage","Static Discharge"],"campfire_rested":1,"item_purchase_floors":[4,4],"current_hp_per_floor":[74,62,62,62,62,62,53,53,53,37,37,59,75,65,65,0],"gold":16,"neow_bonus":"UPGRADE_CARD","is_prod":false,"is_daily":false,"chose_seed":false,"campfire_upgraded":1,"win_rate":0.0,"timestamp":1553450148,"path_taken":["M","M","?","$","?","?","?","R","T","M","?","R","?","M","R","BOSS"],"build_version":"2019-01-23","purchased_purges":0,"victory":false,"max_hp_per_floor":[75,75,75,75,75,75,75,75,75,75,75,75,75,75,75,75],"card_choices":[{"not_picked":["Ball Lightning","Leap"],"picked":"Fusion","floor":1},{"not_picked":["Stack","Barrage"],"picked":"Static Discharge","floor":2},{"not_picked":["Cold Snap","Fusion"],"picked":"Redo","floor":3},{"not_picked":["Redo","Defragment"],"picked":"Capacitor","floor":7},{"not_picked":["Conserve Battery","Force Field"],"picked":"Beam Cell","floor":10},{"not_picked":["Hologram","Gash"],"picked":"Redo","floor":14}],"player_experience":40965,"relics_obtained":[{"floor":9,"key":"Shovel"},{"floor":15,"key":"Peace Pipe"}],"event_choices":[{"damage_healed":0,"gold_gain":0,"player_choice":"Got Potions","damage_taken":0,"max_hp_gain":0,"max_hp_loss":0,"event_name":"Lab","floor":5,"gold_loss":0},{"damage_healed":0,"gold_gain":0,"player_choice":"Left Gold","damage_taken":0,"max_hp_gain":0,"max_hp_loss":0,"event_name":"World of Goop","floor":11,"gold_loss":28},{"damage_healed":18,"gold_gain":0,"player_choice":"Healed","damage_taken":0,"max_hp_gain":0,"max_hp_loss":0,"event_name":"The Cleric","floor":13,"gold_loss":35}],"is_beta":false,"boss_relics":[],"items_purged_floors":[],"is_endless":false,"potions_floor_spawned":[1,7,10,14],"killed_by":"The Guardian","ascension_level":0}