{"gold_per_floor":[361,361,286,52,68,68,68,83,83,133,147,164,179,49,49,49],"floor_reached":16,"playtime":768,"items_purged":["Strike_B"],"score":204,"play_id":"f3d379db-b7a4-4665-bc9a-8acc3fdb37a4","local_time":"20190119124654","is_ascension_mode":true,"campfire_choices":[{"data":"Blizzard","floor":7,"key":"SMITH"},{"data":"Blizzard","floor":15,"key":"SMITH"}],"neow_cost":"TEN_PERCENT_HP_LOSS","seed_source_timestamp":778280938319360,"circlet_count":0,"master_deck":["AscendersBane","Strike_B","Strike_B","Strike_B","Defend_B","Defend_B","Defend_B","Defend_B","Zap","Dualcast","Cold Snap","Blizzard+1","Coolheaded","Self Repair","Coolheaded","Coolheaded","Blizzard+1","Cold Snap","Go for the Eyes"],"relics":["Cracked Core","Sundial","Mercury Hourglass"],"potions_floor_usage":[6,13],"damage_taken":[{"damage":10,"enemies":"Small Slimes","floor":1,"turns":5},{"damage":3,"enemies":"Jaw Worm","floor":5,"turns":4},{"damage":0,"enemies":"Lagavulin","floor":6,"turns":2},{"damage":7,"enemies":"2 Louse","floor":8,"turns":4},{"damage":13,"enemies":"Exordium Thugs","floor":11,"turns":4},{"damage":6,"enemies":"3 Louse","floor":12,"turns":2},{"damage":0,"enemies":"2 Fungi Beasts","floor":13,"turns":2},{"damage":49,"enemies":"Hexaghost","floor":16,"turns":11}],"seed_played":"1354102175136372257","potions_obtained":[{"floor":5,"key":"SmokeBomb"},{"floor":8,"key":"Fire Potion"},{"floor":12,"key":"FearPotion"}],"is_trial":false,"path_per_floor":["M","?","?","$","M","E","R","M","T","?","M","M","M","$","R","B"],"character_chosen":"DEFECT","items_purchased":["Blizzard","Coolheaded","Self Repair","Go for the Eyes"],"campfire_rested":0,"item_purchase_floors":[4,4,4,14],"current_hp_per_floor":[54,54,54,54,58,58,58,58,58,52,46,40,47,47,47,0],"gold":49,"neow_bonus":"TWO_FIFTY_GOLD","is_prod":false,"is_daily":false,"chose_seed":false,"campfire_upgraded":2,"win_rate":0,"timestamp":1547898414,"path_taken":["M","?","?","$","M","E","R","M","T","?","M","M","?","$","R","BOSS"],"build_version":"2019-01-17","purchased_purges":1,"victory":false,"max_hp_per_floor":[64,64,64,64,64,64,64,64,64,64,64,64,64,64,64,64],"card_choices":[{"not_picked":["Beam Cell","Streamline"],"picked":"Cold Snap","floor":1},{"not_picked":["Fission","Leap"],"picked":"Coolheaded","floor":5},{"not_picked":["Compile Driver","Undo"],"picked":"Coolheaded","floor":8},{"not_picked":["Turbo","Chaos"],"picked":"Blizzard","floor":11},{"not_picked":["Stack","Meteor Strike","Gash"],"picked":"SKIP","floor":12},{"not_picked":["Stack","Beam Cell"],"picked":"Cold Snap","floor":13}],"player_experience":526817,"relics_obtained":[{"floor":9,"key":"Mercury Hourglass"}],"event_choices":[{"damage_healed":0,"gold_gain":0,"player_choice":"Box","damage_taken":0,"relics_obtained":["Sundial"],"max_hp_gain":0,"max_hp_loss":0,"event_name":"Big Fish","floor":2,"gold_loss":0,"cards_obtained":["Regret"]},{"cards_removed":["Regret"],"damage_healed":0,"gold_gain":0,"player_choice":"Card Removal","damage_taken":0,"max_hp_gain":0,"max_hp_loss":0,"event_name":"The Cleric","floor":3,"gold_loss":75},{"damage_healed":0,"gold_gain":50,"player_choice":"Touch","damage_taken":6,"max_hp_gain":0,"max_hp_loss":0,"event_name":"FaceTrader","floor":10,"gold_loss":0}],"is_beta":true,"boss_relics":[],"items_purged_floors":[14],"is_endless":false,"potions_floor_spawned":[5,6,8,12],"killed_by":"Hexaghost","ascension_level":20}