{"gold_per_floor":[114,114,114,189,239,239,254,254,254,134,149,164,14,29,29,129,129,144,243,343,193,193,193,208,238,238,238,253,268,283,333,333,453,453,468,496,496,496,511,526,541,541,616,616,631,646,646],"floor_reached":47,"playtime":38903,"items_purged":[],"score":762,"play_id":"540cd563-a662-4e2e-af93-90293b215495","local_time":"20190314214335","daily_mods":["Allstar","Hoarder","Terminal"],"is_ascension_mode":false,"campfire_choices":[{"data":"Apotheosis","floor":6,"key":"SMITH"},{"data":"Apotheosis","floor":8,"key":"SMITH"},{"data":"Apotheosis","floor":15,"key":"SMITH"},{"data":"Magnetism","floor":23,"key":"SMITH"},{"floor":32,"key":"REST"},{"floor":44,"key":"REST"}],"neow_cost":"","seed_source_timestamp":0,"circlet_count":0,"master_deck":["Defend_G","Defend_G","Defend_G","Defend_G","Strike_G","Strike_G","Strike_G","Strike_G","Strike_G","Survivor","Neutralize","Deep Breath","Deep Breath","Deep Breath+1","Blind","Blind","Blind","Magnetism","Magnetism","Magnetism+1","Impatience","Impatience","Impatience","Apotheosis+1","Apotheosis+1","Apotheosis+1","Flying Knee","Flying Knee","Flying Knee","Dagger Throw","Dagger Throw","Dagger Throw","All Out Attack","All Out Attack","All Out Attack","Expertise","Expertise","Expertise","Die Die Die","Die Die Die","Die Die Die","Dagger Throw+1","Dagger Throw+1","Dagger Throw+1","Endless Agony","Endless Agony","Endless Agony","Decay","Decay","Decay","Decay","Decay","Decay","Doubt","Doubt","Doubt","Leg Sweep","Leg Sweep","Leg Sweep","Dagger Throw","Dagger Throw","Dagger Throw","Mayhem+1","Mayhem+1","Mayhem+1","Calculated Gamble+1","Calculated Gamble+1","Calculated Gamble+1","Acrobatics+1","Acrobatics+1","Acrobatics+1","Backflip","Backflip","Backflip","Acrobatics","Acrobatics","Acrobatics"],"special_seed":17967,"relics":["Ring of the Snake","Dream Catcher","Bottled Tornado","Tiny Chest","Anchor","Busted Crown","Bird Faced Urn","Pantograph","Bag of Preparation","Incense Burner","Paper Crane","Darkstone Periapt","Prayer Wheel","Calling Bell","Orichalcum","Frozen Egg 2","Pocketwatch","Tingsha","Meat on the Bone"],"potions_floor_usage":[16,20,33,33,33,42,47],"damage_taken":[{"damage":0,"enemies":"Jaw Worm","floor":1,"turns":4},{"damage":0,"enemies":"Small Slimes","floor":7,"turns":3},{"damage":0,"enemies":"2 Louse","floor":11,"turns":2},{"damage":2,"enemies":"Exordium Wildlife","floor":12,"turns":4},{"damage":1,"enemies":"Exordium Thugs","floor":14,"turns":3},{"damage":21,"enemies":"The Guardian","floor":16,"turns":11},{"damage":0,"enemies":"Spheric Guardian","floor":18,"turns":3},{"damage":5,"enemies":"Colosseum Slavers","floor":20,"turns":3},{"damage":6,"enemies":"Colosseum Nobs","floor":20,"turns":5},{"damage":2,"enemies":"Shell Parasite","floor":24,"turns":3},{"damage":0,"enemies":"Book of Stabbing","floor":25,"turns":4},{"damage":0,"enemies":"Shelled Parasite and Fungi","floor":28,"turns":3},{"damage":0,"enemies":"Sentry and Sphere","floor":29,"turns":3},{"damage":0,"enemies":"Chosen and Byrds","floor":30,"turns":3},{"damage":10,"enemies":"Gremlin Leader","floor":31,"turns":5},{"damage":38,"enemies":"Automaton","floor":33,"turns":7},{"damage":0,"enemies":"Orb Walker","floor":35,"turns":3},{"damage":32,"enemies":"2 Orb Walkers","floor":36,"turns":4},{"damage":2,"enemies":"3 Shapes","floor":39,"turns":3},{"damage":0,"enemies":"Maw","floor":40,"turns":6},{"damage":2,"enemies":"4 Shapes","floor":41,"turns":2},{"damage":23,"enemies":"Reptomancer","floor":42,"turns":5},{"damage":0,"enemies":"Spire Growth","floor":45,"turns":3},{"damage":8,"enemies":"Maw","floor":46,"turns":8},{"damage":34,"enemies":"Giant Head","floor":47,"turns":9}],"seed_played":"8324277603862970171","potions_obtained":[{"floor":7,"key":"SpeedPotion"},{"floor":12,"key":"SkillPotion"},{"floor":16,"key":"Swift Potion"},{"floor":20,"key":"AttackPotion"},{"floor":25,"key":"Swift Potion"},{"floor":31,"key":"LiquidBronze"},{"floor":33,"key":"PowerPotion"},{"floor":36,"key":"LiquidBronze"},{"floor":41,"key":"SmokeBomb"},{"floor":45,"key":"SmokeBomb"}],"is_trial":false,"path_per_floor":["M","?","?","?","T","R","M","R","T","$","M","M","$","M","R","B",null,"M","?","?","$","?","R","M","E","T","T","M","M","M","E","R","B",null,"M","?","?","?","M","M","M","E","T","R","M","M","E"],"character_chosen":"THE_SILENT","items_purchased":["Tiny Chest","Anchor","Bag of Preparation"],"campfire_rested":2,"item_purchase_floors":[10,13,21],"current_hp_per_floor":[68,67,60,49,49,49,49,49,49,49,49,47,47,46,46,25,52,51,50,39,39,39,39,37,37,37,37,37,37,37,29,37,1,53,52,22,22,22,20,30,28,5,5,18,30,28,0],"gold":646,"neow_bonus":"","is_prod":false,"is_daily":true,"chose_seed":false,"campfire_upgraded":4,"win_rate":0,"timestamp":1552625015,"path_taken":["M","?","?","?","?","R","M","R","T","$","M","?","?","M","R","BOSS","M","?","?","$","?","R","?","E","T","?","M","M","?","E","R","BOSS","M","?","?","?","M","M","M","E","T","R","M","?","E"],"build_version":"2019-01-23","purchased_purges":0,"victory":false,"max_hp_per_floor":[68,67,66,65,64,63,62,61,60,59,58,57,56,55,54,53,52,51,50,49,48,47,46,45,44,43,42,41,40,39,38,37,36,53,52,51,50,49,48,47,46,45,44,43,42,41,41],"card_choices":[{"not_picked":["Quick Slash","Setup","PiercingWail"],"picked":"SKIP","floor":1},{"not_picked":["Choke","Terror"],"picked":"Flying Knee","floor":7},{"not_picked":["Deadly Poison","Well Laid Plans"],"picked":"Dagger Throw","floor":11},{"not_picked":["Flying Knee","Crippling Poison"],"picked":"All Out Attack","floor":12},{"not_picked":["Cloak And Dagger","Noxious Fumes"],"picked":"Expertise","floor":14},{"not_picked":["Grand Finale","Tools of the Trade"],"picked":"Die Die Die","floor":16},{"not_picked":["Outmaneuver"],"picked":"SKIP","floor":18},{"not_picked":["Outmaneuver"],"picked":"SKIP","floor":24},{"not_picked":[],"picked":"Dagger Throw+1","floor":25},{"not_picked":["Dagger Throw"],"picked":"SKIP","floor":28},{"not_picked":[],"picked":"Endless Agony","floor":29},{"not_picked":["Cloak And Dagger"],"picked":"SKIP","floor":30},{"not_picked":["Outmaneuver"],"picked":"SKIP","floor":31},{"not_picked":[],"picked":"Leg Sweep","floor":35},{"not_picked":["Caltrops+1"],"picked":"SKIP","floor":35},{"not_picked":[],"picked":"Dagger Throw","floor":36},{"not_picked":[],"picked":"Mayhem+1","floor":37},{"not_picked":[],"picked":"Calculated Gamble+1","floor":39},{"not_picked":[],"picked":"Acrobatics+1","floor":39},{"not_picked":["Terror+1"],"picked":"SKIP","floor":40},{"not_picked":["Leg Sweep"],"picked":"SKIP","floor":40},{"not_picked":[],"picked":"Backflip","floor":41},{"not_picked":["Dodge and Roll+1"],"picked":"SKIP","floor":41},{"not_picked":[],"picked":"Acrobatics","floor":45},{"not_picked":["Prepared"],"picked":"SKIP","floor":45},{"not_picked":["Footwork+1"],"picked":"SKIP","floor":46},{"not_picked":["Dagger Throw+1"],"picked":"SKIP","floor":46}],"player_experience":1323229,"relics_obtained":[{"floor":5,"key":"Dream Catcher"},{"floor":9,"key":"Bottled Tornado"},{"floor":20,"key":"Bird Faced Urn"},{"floor":20,"key":"Pantograph"},{"floor":25,"key":"Incense Burner"},{"floor":26,"key":"Paper Crane"},{"floor":27,"key":"Darkstone Periapt"},{"floor":31,"key":"Prayer Wheel"},{"floor":34,"key":"Orichalcum"},{"floor":34,"key":"Frozen Egg 2"},{"floor":34,"key":"Pocketwatch"},{"floor":36,"key":"Tingsha"},{"floor":43,"key":"Meat on the Bone"}],"event_choices":[{"damage_healed":0,"gold_gain":0,"player_choice":"Ignored","damage_taken":0,"max_hp_gain":0,"max_hp_loss":0,"event_name":"Liars Game","floor":2,"gold_loss":0},{"cards_removed":["Defend_G"],"damage_healed":0,"gold_gain":0,"player_choice":"Card Removal","damage_taken":7,"max_hp_gain":0,"max_hp_loss":0,"event_name":"Golden Wing","floor":3,"gold_loss":0},{"damage_healed":0,"gold_gain":75,"player_choice":"Gather Gold","damage_taken":11,"max_hp_gain":0,"max_hp_loss":0,"event_name":"World of Goop","floor":4,"gold_loss":0},{"damage_healed":0,"gold_gain":99,"player_choice":"Stole From Cult","damage_taken":0,"max_hp_gain":0,"max_hp_loss":0,"event_name":"Nest","floor":19,"gold_loss":0},{"damage_healed":0,"gold_gain":0,"player_choice":"Fight","damage_taken":0,"max_hp_gain":0,"max_hp_loss":0,"event_name":"Colosseum","floor":20,"gold_loss":0},{"damage_healed":0,"gold_gain":0,"player_choice":"Fought Nobs","damage_taken":0,"max_hp_gain":0,"max_hp_loss":0,"event_name":"Colosseum","floor":20,"gold_loss":0},{"damage_healed":0,"gold_gain":0,"player_choice":"Ignored","damage_taken":0,"max_hp_gain":0,"max_hp_loss":0,"event_name":"Ghosts","floor":22,"gold_loss":0},{"damage_healed":0,"gold_gain":0,"player_choice":"Fight","damage_taken":0,"max_hp_gain":0,"max_hp_loss":0,"event_name":"Mysterious Sphere","floor":36,"gold_loss":0},{"damage_healed":0,"gold_gain":0,"player_choice":"Memory 1","damage_taken":0,"max_hp_gain":0,"max_hp_loss":0,"event_name":"SensoryStone","floor":37,"gold_loss":0},{"damage_healed":0,"gold_gain":0,"player_choice":"Upgraded","damage_taken":0,"max_hp_gain":0,"max_hp_loss":0,"event_name":"Upgrade Shrine","floor":38,"gold_loss":0,"cards_upgraded":["Deep Breath"]}],"is_beta":false,"boss_relics":[{"not_picked":["Runic Dome","Eternal Feather"],"picked":"Busted Crown"},{"not_picked":["Sozu","HoveringKite"],"picked":"Calling Bell"}],"items_purged_floors":[],"is_endless":false,"potions_floor_spawned":[7,12,16,20,20,25,31,33,36,41,45],"killed_by":"Giant Head","ascension_level":0}