{"gold_per_floor":[119,136,156,136,149,149,160,189,189,189,189,199,215,250,250,351,351,363,66,66,97,114,114,145,145,168,182,182,207,220,232,232,232],"floor_reached":33,"playtime":2843,"items_purged":["Regret"],"score":471,"play_id":"eb8afe75-cb6e-4854-ac71-bb04a96079b1","local_time":"20180728222639","is_ascension_mode":true,"campfire_choices":[{"data":"Neutralize","floor":6,"key":"SMITH"},{"data":"Poisoned Stab","floor":11,"key":"SMITH"},{"data":"Dash","floor":15,"key":"SMITH"},{"data":"Malaise","floor":23,"key":"SMITH"},{"floor":25,"key":"REST"},{"floor":32,"key":"REST"}],"neow_cost":"NONE","seed_source_timestamp":360201522475063,"circlet_count":0,"master_deck":["Defend_G","Defend_G","Defend_G","Defend_G","Defend_G","Strike_G","Strike_G","Strike_G","Strike_G","Strike_G","Survivor","Neutralize+1","Infinite Blades","Poisoned Stab+1","Dash+1","Poisoned Stab","Skewer+1","Leg Sweep","Blur","Malaise+1","Cloak And Dagger+1","Accuracy","All Out Attack+1","Noxious Fumes","Accuracy","Die Die Die+1"],"relics":["Ring of the Snake","Orichalcum","Gremlin Horn","Happy Flower","Calling Bell","Regal Pillow","Molten Egg 2","Incense Burner","Bronze Scales","Shuriken","Red Mask","Art of War","Lantern","Ancient Tea Set"],"potions_floor_usage":[7,14,16,21,27,33,33],"damage_taken":[{"damage":2,"enemies":"Small Slimes","floor":1,"turns":4},{"damage":0,"enemies":"Cultist","floor":2,"turns":3},{"damage":0,"enemies":"2 Louse","floor":3,"turns":3},{"damage":4,"enemies":"Red Slaver","floor":5,"turns":5},{"damage":3,"enemies":"3 Louse","floor":7,"turns":3},{"damage":28,"enemies":"Gremlin Nob","floor":8,"turns":4},{"damage":0,"enemies":"Exordium Wildlife","floor":12,"turns":3},{"damage":4,"enemies":"Blue Slaver","floor":13,"turns":4},{"damage":9,"enemies":"Lagavulin","floor":14,"turns":6},{"damage":0,"enemies":"Slime Boss","floor":16,"turns":9},{"damage":6,"enemies":"Shell Parasite","floor":18,"turns":6},{"damage":25,"floor":21,"turns":4},{"damage":0,"enemies":"3 Byrds","floor":22,"turns":2},{"damage":14,"enemies":"Book of Stabbing","floor":24,"turns":6},{"damage":8,"enemies":"Slaver and Parasite","floor":27,"turns":7},{"damage":41,"enemies":"Slavers","floor":29,"turns":5},{"damage":0,"enemies":"Snake Plant","floor":30,"turns":4},{"damage":5,"enemies":"Centurion and Healer","floor":31,"turns":6},{"damage":57,"enemies":"Collector","floor":33,"turns":7}],"seed_played":"-9181324432370350260","potions_obtained":[{"floor":1,"key":"GhostInAJar"},{"floor":2,"key":"Dexterity Potion"},{"floor":4,"key":"SkillPotion"},{"floor":12,"key":"Explosive Potion"},{"floor":14,"key":"Poison Potion"},{"floor":21,"key":"SteroidPotion"},{"floor":30,"key":"Explosive Potion"},{"floor":31,"key":"Dexterity Potion"}],"is_trial":false,"path_per_floor":["M","M","M","?","M","R","M","E","T","?","R","M","M","E","R","B",null,"M","$","?","?","M","R","E","R","T","M","?","E","M","M","R"],"character_chosen":"THE_SILENT","items_purchased":["Bronze Scales","Accuracy"],"campfire_rested":2,"item_purchase_floors":[19,19],"current_hp_per_floor":[68,68,68,68,64,64,61,33,33,33,33,33,29,20,20,20,63,57,57,57,32,32,32,18,56,56,48,48,7,7,2,40,0],"gold":232,"neow_bonus":"TEN_PERCENT_HP_BONUS","is_prod":false,"is_daily":false,"chose_seed":false,"campfire_upgraded":4,"win_rate":0,"timestamp":1532780799,"path_taken":["M","M","M","?","M","R","M","E","T","?","R","M","M","E","R","BOSS","M","$","?","?","M","R","E","R","T","?","?","E","M","M","R","BOSS"],"build_version":"2018-07-26","purchased_purges":1,"victory":false,"max_hp_per_floor":[77,77,77,77,77,77,77,77,77,77,77,77,77,77,77,77,77,77,77,77,77,77,77,77,77,77,77,77,77,77,77,77,77],"card_choices":[{"not_picked":["Bane","Setup"],"picked":"Infinite Blades","floor":1},{"not_picked":["Distraction","Flying Knee"],"picked":"Poisoned Stab","floor":2},{"not_picked":["Underhanded Strike","Slice"],"picked":"Dash","floor":3},{"not_picked":["Choke","Tactician"],"picked":"Poisoned Stab","floor":5},{"not_picked":["Crippling Poison","Sucker Punch"],"picked":"Skewer","floor":7},{"not_picked":["All Out Attack","Deflect","Heel Hook"],"picked":"SKIP","floor":8},{"not_picked":["Blade Dance","Deflect"],"picked":"Leg Sweep","floor":12},{"not_picked":["Sucker Punch","Outmaneuver","Quick Slash"],"picked":"SKIP","floor":13},{"not_picked":["Skewer","Blade Dance"],"picked":"Blur","floor":14},{"not_picked":["A Thousand Cuts","Glass Knife"],"picked":"Malaise","floor":16},{"not_picked":["Infinite Blades","Well Laid Plans"],"picked":"Cloak And Dagger+1","floor":18},{"not_picked":["Deflect","Expertise+1"],"picked":"All Out Attack+1","floor":21},{"not_picked":["Flying Knee+1","Catalyst"],"picked":"Noxious Fumes","floor":22},{"not_picked":["Poisoned Stab+1","Sucker Punch+1","Deflect"],"picked":"SKIP","floor":24},{"not_picked":["Terror+1","Setup"],"picked":"Accuracy","floor":27},{"not_picked":["Sucker Punch+1","Dagger Throw+1","Heel Hook+1"],"picked":"SKIP","floor":29},{"not_picked":["Sucker Punch+1","Terror"],"picked":"Die Die Die+1","floor":30},{"not_picked":["Deadly Poison","Quick Slash+1","Riddle With Holes+1"],"picked":"SKIP","floor":31}],"player_experience":208587,"relics_obtained":[{"floor":8,"key":"Orichalcum"},{"floor":9,"key":"Gremlin Horn"},{"floor":14,"key":"Happy Flower"},{"floor":17,"key":"Regal Pillow"},{"floor":17,"key":"Molten Egg 2"},{"floor":17,"key":"Incense Burner"},{"floor":21,"key":"Red Mask"},{"floor":24,"key":"Art of War"},{"floor":26,"key":"Lantern"},{"floor":29,"key":"Ancient Tea Set"}],"event_choices":[{"event_name":"The Woman in Blue","player_choice":"Bought 1 Potion","floor":4,"damage_taken":0},{"event_name":"Upgrade Shrine","player_choice":"Upgraded","floor":10,"damage_taken":0},{"event_name":"The Mausoleum","player_choice":"Yes","floor":20,"damage_taken":0},{"event_name":"Masked Bandits","player_choice":"Fought over 66 gold","floor":21,"damage_taken":0},{"event_name":"Fountain of Cleansing","player_choice":"Removed Curse","floor":28,"damage_taken":0}],"is_beta":false,"boss_relics":[{"not_picked":["Ring of the Serpent","Eternal Feather"],"picked":"Calling Bell"}],"items_purged_floors":[19],"is_endless":false,"potions_floor_spawned":[1,2,12,13,14,21,30,31],"killed_by":"Collector","ascension_level":7}