{"gold_per_floor":[114,129,129,129,144,144,159,189,189,204,234,234,264,279,279,379,379,394,94,109,124,224,239,239,254,254,269,284,284,299,299,299,399,399,414,514,529,29,89,89,104,104,104,119,119,169,184,199,199,199],"floor_reached":50,"playtime":16081,"items_purged":["Defend_B","Strike_B"],"score":552,"play_id":"7fb78e79-a778-457f-be91-f31cb765c2a1","local_time":"20190103160740","daily_mods":["Specialized","Diverse","DeadlyEvents"],"is_ascension_mode":false,"campfire_choices":[{"data":"Shrug It Off","floor":6,"key":"SMITH"},{"floor":12,"key":"REST"},{"floor":15,"key":"REST"},{"floor":24,"key":"REST"},{"floor":29,"key":"REST"},{"floor":32,"key":"REST"},{"floor":40,"key":"REST"},{"floor":42,"key":"REST"},{"floor":45,"key":"REST"},{"floor":49,"key":"REST"}],"neow_cost":"","seed_source_timestamp":0,"circlet_count":0,"master_deck":["Strike_B+1","Strike_B","Strike_B","Defend_B","Defend_B","Defend_B","Zap+1","Dualcast","Shrug It Off","Shrug It Off","Shrug It Off","Shrug It Off","Shrug It Off+1","Backstab","Footwork","Loop","Feed","Prepared","Storm+1","Echo Form+1","Outmaneuver+1","Metallicize+1","Seeing Red+1","Storm+1","Backflip+1","Dagger Throw+1"],"special_seed":17899,"relics":["Cracked Core","Sundial","The Courier","Bottled Flame","Oddly Smooth Stone","Centennial Puzzle","Philosopher\u0027s Stone","Ginger","Pocketwatch","Frozen Egg 2","Cables","Black Star","Unceasing Top","DollysMirror","Gremlin Horn","Tiny Chest","Torii","Mercury Hourglass","Happy Flower"],"potions_floor_usage":[22,22,22,31,33,33,39,44,47,47],"damage_taken":[{"damage":0,"enemies":"Jaw Worm","floor":1,"turns":5},{"damage":0,"enemies":"2 Louse","floor":2,"turns":2},{"damage":0,"enemies":"Small Slimes","floor":5,"turns":3},{"damage":0,"enemies":"Blue Slaver","floor":7,"turns":4},{"damage":3,"enemies":"Gremlin Nob","floor":8,"turns":4},{"damage":2,"enemies":"Red Slaver","floor":10,"turns":3},{"damage":26,"enemies":"3 Sentries","floor":11,"turns":6},{"damage":3,"enemies":"Lagavulin","floor":13,"turns":7},{"damage":0,"enemies":"Large Slime","floor":14,"turns":5},{"damage":21,"enemies":"Slime Boss","floor":16,"turns":12},{"damage":0,"enemies":"Chosen","floor":18,"turns":5},{"damage":6,"enemies":"2 Thieves","floor":20,"turns":4},{"damage":4,"enemies":"Chosen and Byrds","floor":21,"turns":7},{"damage":9,"enemies":"Colosseum Slavers","floor":22,"turns":5},{"damage":43,"enemies":"Colosseum Nobs","floor":22,"turns":6},{"damage":6,"enemies":"Snake Plant","floor":23,"turns":6},{"damage":13,"enemies":"Cultist and Chosen","floor":25,"turns":7},{"damage":13,"enemies":"Snecko","floor":27,"turns":5},{"damage":9,"enemies":"Centurion and Healer","floor":28,"turns":5},{"damage":0,"enemies":"Snake Plant","floor":30,"turns":4},{"damage":0,"enemies":"Snecko","floor":31,"turns":2},{"damage":38,"enemies":"Collector","floor":33,"turns":20},{"damage":28,"enemies":"3 Shapes","floor":35,"turns":5},{"damage":21,"enemies":"Mind Bloom Boss Battle","floor":36,"turns":8},{"damage":26,"enemies":"3 Darklings","floor":37,"turns":8},{"damage":6,"enemies":"Reptomancer","floor":39,"turns":9},{"damage":26,"enemies":"4 Shapes","floor":41,"turns":5},{"damage":10,"enemies":"Sphere and 2 Shapes","floor":44,"turns":4},{"damage":26,"enemies":"Jaw Worm Horde","floor":47,"turns":4},{"damage":0,"enemies":"Transient","floor":48,"turns":5},{"damage":89,"enemies":"Time Eater","floor":50,"turns":13}],"seed_played":"6069031500032485637","potions_obtained":[{"floor":1,"key":"FocusPotion"},{"floor":7,"key":"Energy Potion"},{"floor":13,"key":"Block Potion"},{"floor":23,"key":"SmokeBomb"},{"floor":25,"key":"SkillPotion"},{"floor":28,"key":"Energy Potion"},{"floor":39,"key":"LiquidBronze"},{"floor":41,"key":"Regen Potion"},{"floor":44,"key":"EssenceOfSteel"}],"is_trial":false,"path_per_floor":["M","M","?","?","M","R","M","E","T","M","E","R","E","M","R","B",null,"M","$","M","M","?","M","R","M","T","M","M","R","M","M","R","B",null,"M","?","M","$","E","R","M","R","T","M","R","T","M","M","R","B"],"character_chosen":"DEFECT","items_purchased":["Ginger","DollysMirror","Gremlin Horn","EssenceOfSteel"],"campfire_rested":9,"item_purchase_floors":[19,38,38,38],"current_hp_per_floor":[75,75,68,53,53,53,53,50,50,48,22,44,41,41,63,42,75,75,75,72,71,22,16,41,31,31,18,9,35,35,35,61,23,87,62,41,15,15,9,36,13,40,40,45,73,73,47,47,75,0],"gold":199,"neow_bonus":"","is_prod":false,"is_daily":true,"chose_seed":false,"campfire_upgraded":1,"win_rate":0,"timestamp":1546560460,"path_taken":["M","M","?","?","M","R","M","E","T","?","?","R","E","M","R","BOSS","M","$","M","M","?","?","R","M","T","?","?","R","M","M","R","BOSS","M","?","M","?","?","R","M","R","T","M","R","?","?","M","R","BOSS"],"build_version":"2018-12-20","purchased_purges":2,"victory":false,"max_hp_per_floor":[75,75,75,75,75,75,75,75,75,75,75,75,75,75,75,75,75,75,75,78,81,84,84,84,87,87,87,87,87,87,87,87,87,87,90,90,90,90,90,90,93,93,93,96,96,96,96,96,96,96],"card_choices":[{"not_picked":["Cloak And Dagger","Steam","Go for the Eyes"],"picked":"SKIP","floor":1},{"not_picked":["Dropkick","Cloak And Dagger","Entrench"],"picked":"SKIP","floor":2},{"not_picked":["Twin Strike","Scrape","Acrobatics"],"picked":"SKIP","floor":5},{"not_picked":["Wild Strike","Glacier"],"picked":"Backstab","floor":7},{"not_picked":["Sever Soul","Turbo"],"picked":"Footwork","floor":8},{"not_picked":["Clash","Blizzard","Armaments"],"picked":"SKIP","floor":10},{"not_picked":["Dark Embrace","Steam","Sucker Punch"],"picked":"SKIP","floor":11},{"not_picked":["Redo","Pommel Strike","True Grit"],"picked":"SKIP","floor":13},{"not_picked":["Disarm","Cleave"],"picked":"Loop","floor":14},{"not_picked":["Doppelganger","Glass Knife"],"picked":"Feed","floor":16},{"not_picked":["Cleave","Whirlwind","Anger"],"picked":"SKIP","floor":18},{"not_picked":["Fusion","Acrobatics","Sword Boomerang+1"],"picked":"SKIP","floor":20},{"not_picked":["Sucker Punch","Distraction"],"picked":"Prepared","floor":21},{"not_picked":["Heavy Blade","Reckless Charge","Pommel Strike"],"picked":"SKIP","floor":23},{"not_picked":["Iron Wave","Compile Driver"],"picked":"Storm+1","floor":25},{"not_picked":["Leap","Steam Power+1","Power Through+1"],"picked":"SKIP","floor":27},{"not_picked":["Bullet Time","Compile Driver","Quick Slash"],"picked":"SKIP","floor":28},{"not_picked":["Bane","Beam Cell","Warcry"],"picked":"SKIP","floor":30},{"not_picked":["Night Terror","Tools of the Trade+1"],"picked":"Echo Form+1","floor":33},{"not_picked":["Cloak And Dagger","Sweeping Beam"],"picked":"Outmaneuver+1","floor":35},{"not_picked":["Caltrops+1","Steam"],"picked":"Metallicize+1","floor":36},{"not_picked":["Endless Agony+1","Heavy Blade+1"],"picked":"Seeing Red+1","floor":37},{"not_picked":["Wild Strike+1","Riddle With Holes+1","Limit Break"],"picked":"SKIP","floor":39},{"not_picked":["Setup","Iron Wave"],"picked":"Backflip+1","floor":41},{"not_picked":["Rebound","Feel No Pain+1","Perfected Strike+1"],"picked":"SKIP","floor":44},{"not_picked":["Acrobatics","Headbutt"],"picked":"Dagger Throw+1","floor":47},{"not_picked":["Beam Cell+1","Armaments","Cleave"],"picked":"SKIP","floor":48}],"player_experience":484489,"relics_obtained":[{"floor":8,"key":"The Courier"},{"floor":9,"key":"Bottled Flame"},{"floor":11,"key":"Oddly Smooth Stone"},{"floor":13,"key":"Centennial Puzzle"},{"floor":22,"key":"Pocketwatch"},{"floor":22,"key":"Frozen Egg 2"},{"floor":26,"key":"Cables"},{"floor":36,"key":"Unceasing Top"},{"floor":39,"key":"Tiny Chest"},{"floor":39,"key":"Torii"},{"floor":43,"key":"Mercury Hourglass"},{"floor":46,"key":"Happy Flower"}],"event_choices":[{"damage_healed":0,"gold_gain":0,"player_choice":"Success","damage_taken":7,"relics_obtained":["Sundial"],"max_hp_gain":0,"max_hp_loss":0,"event_name":"Scrap Ooze","floor":3,"gold_loss":0},{"damage_healed":0,"gold_gain":0,"player_choice":"Entered Light","damage_taken":15,"max_hp_gain":0,"max_hp_loss":0,"event_name":"Shining Light","floor":4,"gold_loss":0,"cards_upgraded":["Zap","Strike_B"]},{"damage_healed":0,"gold_gain":0,"player_choice":"Fight","damage_taken":0,"max_hp_gain":0,"max_hp_loss":0,"event_name":"Colosseum","floor":22,"gold_loss":0},{"damage_healed":0,"gold_gain":0,"player_choice":"Fought Nobs","damage_taken":0,"max_hp_gain":0,"max_hp_loss":0,"event_name":"Colosseum","floor":22,"gold_loss":0},{"damage_healed":0,"gold_gain":0,"player_choice":"Fight","damage_taken":0,"max_hp_gain":0,"max_hp_loss":0,"event_name":"MindBloom","floor":36,"gold_loss":0}],"is_beta":false,"boss_relics":[{"not_picked":["Tiny House","FrozenCore"],"picked":"Philosopher\u0027s Stone"},{"not_picked":["Runic Pyramid","Inserter"],"picked":"Black Star"}],"items_purged_floors":[19,38],"is_endless":false,"potions_floor_spawned":[1,7,13,14,16,20,22,23,25,28,30,39,41,44],"killed_by":"Time Eater","ascension_level":0}