{"gold_per_floor":[114,114,64,79,94,94,124,124,124,124,139,139,169,244,244,344,344,359,329,404,419,434,434,449,464,464,479,479,494,509,524,524,624,924,939,939,858,873,888,888,888,888,938,938,188,188,203,218,218,218],"floor_reached":50,"playtime":37802,"items_purged":[],"score":763,"play_id":"5da4e23e-001f-487c-85d4-30695ddceb63","local_time":"20190305221610","daily_mods":["Chimera","Hoarder","Terminal"],"is_ascension_mode":false,"campfire_choices":[{"data":"Armaments","floor":6,"key":"SMITH"},{"data":"Zap","floor":8,"key":"SMITH"},{"data":"Strike_G","floor":12,"key":"SMITH"},{"data":"Armaments","floor":15,"key":"SMITH"},{"data":"Heavy Blade","floor":23,"key":"SMITH"},{"data":"Heavy Blade","floor":28,"key":"SMITH"},{"data":"Shrug It Off","floor":32,"key":"SMITH"},{"data":"Heavy Blade","floor":40,"key":"SMITH"},{"data":"Limit Break","floor":42,"key":"SMITH"},{"data":"Shrug It Off","floor":46,"key":"SMITH"},{"data":"Demon Form","floor":49,"key":"SMITH"}],"neow_cost":"","seed_source_timestamp":0,"circlet_count":0,"master_deck":["Bash+1","Survivor","Zap+1","Strike_R+1","Strike_G+1","Defend_R","Armaments","Armaments+1","Armaments+1","Shrug It Off+1","Shrug It Off+1","Shrug It Off+1","Spot Weakness+1","Spot Weakness+1","Spot Weakness+1","Heavy Blade","Heavy Blade","Heavy Blade","Heavy Blade+1","Heavy Blade+1","Heavy Blade+1","Heavy Blade+1","Heavy Blade+1","Heavy Blade+1","Limit Break","Limit Break","Limit Break+1","Havoc+1","Havoc+1","Havoc+1","Demon Form+1","Demon Form","Parasite","Parasite","Parasite","Sword Boomerang","Sword Boomerang","Sword Boomerang","Flash of Steel","Flash of Steel","Flash of Steel","Flex+1","Flex+1","Flex+1","Cleave+1","Cleave+1","Cleave+1","Parasite","Parasite","Parasite","Spot Weakness+1","Spot Weakness+1","Spot Weakness+1","Power Through+1","Power Through+1","Power Through+1"],"special_seed":17960,"relics":["Burning Blood","Omamori","Whetstone","Magic Flower","Orichalcum","Empty Cage","Question Card","Calling Bell","Juzu Bracelet","Shuriken","Old Coin","Vajra","Sling","Toxic Egg 2","Darkstone Periapt"],"potions_floor_usage":[7,16,18,22,31,33,33,38,41,47,50],"damage_taken":[{"damage":0,"enemies":"Small Slimes","floor":1,"turns":3},{"damage":0,"enemies":"2 Louse","floor":4,"turns":3},{"damage":1,"enemies":"Cultist","floor":5,"turns":3},{"damage":18,"enemies":"Gremlin Nob","floor":7,"turns":6},{"damage":3,"enemies":"Large Slime","floor":11,"turns":6},{"damage":9,"enemies":"Lagavulin","floor":13,"turns":6},{"damage":27,"enemies":"Slime Boss","floor":16,"turns":17},{"damage":0,"enemies":"3 Byrds","floor":18,"turns":5},{"damage":13,"enemies":"2 Thieves","floor":19,"turns":5},{"damage":19,"enemies":"Chosen and Byrds","floor":21,"turns":9},{"damage":8,"enemies":"Centurion and Healer","floor":22,"turns":6},{"damage":22,"enemies":"Shelled Parasite and Fungi","floor":24,"turns":4},{"damage":13,"enemies":"Chosen and Byrds","floor":25,"turns":6},{"damage":5,"enemies":"Snecko","floor":27,"turns":4},{"damage":26,"enemies":"Shelled Parasite and Fungi","floor":29,"turns":4},{"damage":3,"enemies":"Cultist and Chosen","floor":30,"turns":5},{"damage":6,"enemies":"Snake Plant","floor":31,"turns":3},{"damage":29,"enemies":"Automaton","floor":33,"turns":11},{"damage":4,"enemies":"Orb Walker","floor":35,"turns":4},{"damage":0,"enemies":"3 Shapes","floor":38,"turns":6},{"damage":12,"enemies":"Sphere and 2 Shapes","floor":39,"turns":5},{"damage":17,"enemies":"Nemesis","floor":41,"turns":4},{"damage":24,"enemies":"Writhing Mass","floor":47,"turns":5},{"damage":5,"enemies":"Spire Growth","floor":48,"turns":3},{"damage":31,"enemies":"Time Eater","floor":50,"turns":4}],"seed_played":"-7796585460280550823","potions_obtained":[{"floor":1,"key":"Block Potion"},{"floor":7,"key":"LiquidBronze"},{"floor":11,"key":"Strength Potion"},{"floor":16,"key":"Regen Potion"},{"floor":21,"key":"SpeedPotion"},{"floor":29,"key":"SmokeBomb"},{"floor":30,"key":"EssenceOfSteel"},{"floor":31,"key":"Dexterity Potion"},{"floor":33,"key":"SkillPotion"},{"floor":38,"key":"FearPotion"},{"floor":47,"key":"PowerPotion"}],"is_trial":false,"path_per_floor":["M","?","?","M","M","R","E","R","T","?","M","R","E","?","R","B",null,"M","M","?","M","M","R","M","M","T","M","R","M","M","M","R","B",null,"M","?","$","M","M","R","E","R","T","?","$","R","M","M","R","B"],"character_chosen":"IRONCLAD","items_purchased":["Flash of Steel","Sling","AttackPotion","Toxic Egg 2","Darkstone Periapt"],"campfire_rested":0,"item_purchase_floors":[37,45,45,45,45],"current_hp_per_floor":[78,77,76,75,74,73,61,61,61,54,60,60,60,49,49,31,62,61,57,51,41,57,56,43,39,39,43,43,26,32,35,35,15,45,44,43,42,41,38,38,30,30,30,30,30,30,24,28,28,0],"gold":218,"neow_bonus":"","is_prod":false,"is_daily":true,"chose_seed":false,"campfire_upgraded":11,"win_rate":0,"timestamp":1551852970,"path_taken":["M","?","?","M","M","R","E","R","T","?","M","R","E","?","R","BOSS","M","M","?","M","?","R","M","M","T","M","R","M","M","M","R","BOSS","M","?","$","M","M","R","E","R","T","?","$","R","M","M","R","BOSS"],"build_version":"2019-01-23","purchased_purges":0,"victory":false,"max_hp_per_floor":[78,77,76,75,74,73,72,71,70,69,68,67,66,65,64,63,62,61,60,59,58,57,56,55,54,53,52,51,50,49,48,47,46,45,44,43,42,41,40,39,38,37,36,35,34,33,38,37,36,36],"card_choices":[{"not_picked":["Pummel","Heavy Blade","Clothesline"],"picked":"SKIP","floor":1},{"not_picked":["Ghostly Armor","Rupture","Twin Strike"],"picked":"SKIP","floor":4},{"not_picked":["Pommel Strike","Anger"],"picked":"Armaments","floor":5},{"not_picked":["Headbutt","Entrench","Second Wind"],"picked":"SKIP","floor":7},{"not_picked":["True Grit","Pummel","Ghostly Armor"],"picked":"SKIP","floor":11},{"not_picked":["Blood for Blood","True Grit"],"picked":"Shrug It Off","floor":13},{"not_picked":["Clothesline","Blood for Blood","Sword Boomerang"],"picked":"SKIP","floor":18},{"not_picked":["Clothesline","Metallicize"],"picked":"Spot Weakness+1","floor":19},{"not_picked":["Iron Wave","Flex"],"picked":"Heavy Blade","floor":21},{"not_picked":["Ghostly Armor","Pommel Strike"],"picked":"Heavy Blade","floor":22},{"not_picked":["Shockwave+1","Entrench"],"picked":"Heavy Blade+1","floor":24},{"not_picked":["Body Slam","True Grit","Pommel Strike"],"picked":"SKIP","floor":25},{"not_picked":["Fire Breathing+1","Flex","Spot Weakness+1"],"picked":"Limit Break","floor":27},{"not_picked":["Warcry+1","Twin Strike+1","Pommel Strike"],"picked":"Havoc+1","floor":29},{"not_picked":["Clash","Feel No Pain","Heavy Blade","Anger"],"picked":"SKIP","floor":30},{"not_picked":["Twin Strike","Disarm","Wild Strike","Havoc"],"picked":"SKIP","floor":31},{"not_picked":["Barricade","Bludgeon","Exhume"],"picked":"Demon Form","floor":33},{"not_picked":["Seeing Red","Perfected Strike+1","Pommel Strike"],"picked":"Sword Boomerang","floor":35},{"not_picked":["True Grit","Heavy Blade+1","Body Slam"],"picked":"Flex+1","floor":38},{"not_picked":["Power Through","Headbutt+1","Dual Wield+1"],"picked":"Cleave+1","floor":39},{"not_picked":["Body Slam+1","Corruption","Heavy Blade+1"],"picked":"Spot Weakness+1","floor":47},{"not_picked":["Dropkick+1","Carnage+1","Clothesline+1"],"picked":"Power Through+1","floor":48}],"player_experience":1087129,"relics_obtained":[{"floor":7,"key":"Omamori"},{"floor":9,"key":"Whetstone"},{"floor":13,"key":"Orichalcum"},{"floor":26,"key":"Question Card"},{"floor":34,"key":"Juzu Bracelet"},{"floor":34,"key":"Shuriken"},{"floor":34,"key":"Old Coin"},{"floor":43,"key":"Vajra"}],"event_choices":[{"damage_healed":0,"gold_gain":0,"player_choice":"Ignored","damage_taken":0,"max_hp_gain":0,"max_hp_loss":0,"event_name":"Liars Game","floor":2,"gold_loss":0},{"cards_removed":["Strike_B"],"damage_healed":0,"gold_gain":0,"player_choice":"Card Removal","damage_taken":0,"max_hp_gain":0,"max_hp_loss":0,"event_name":"The Cleric","floor":3,"gold_loss":50},{"damage_healed":0,"gold_gain":0,"player_choice":"Success","damage_taken":7,"relics_obtained":["Magic Flower"],"max_hp_gain":0,"max_hp_loss":0,"event_name":"Scrap Ooze","floor":10,"gold_loss":0},{"damage_healed":0,"gold_gain":75,"player_choice":"Gather Gold","damage_taken":11,"max_hp_gain":0,"max_hp_loss":0,"event_name":"World of Goop","floor":14,"gold_loss":0},{"damage_healed":0,"gold_gain":75,"player_choice":"Touch","damage_taken":6,"max_hp_gain":0,"max_hp_loss":0,"event_name":"FaceTrader","floor":20,"gold_loss":0},{"cards_removed":["Demon Form"],"damage_healed":0,"gold_gain":0,"player_choice":"Removed Power","damage_taken":0,"max_hp_gain":0,"max_hp_loss":0,"event_name":"Falling","floor":36,"gold_loss":0},{"damage_healed":0,"gold_gain":0,"player_choice":"Upgraded","damage_taken":0,"max_hp_gain":0,"max_hp_loss":0,"event_name":"Upgrade Shrine","floor":44,"gold_loss":0,"cards_upgraded":["Shrug It Off"]}],"is_beta":false,"boss_relics":[{"not_picked":["Mark of Pain","Coffee Dripper"],"picked":"Empty Cage"},{"not_picked":["Snecko Eye","Runic Pyramid"],"picked":"Calling Bell"}],"items_purged_floors":[],"is_endless":false,"potions_floor_spawned":[1,7,11,16,21,29,30,31,33,38,47],"killed_by":"Time Eater","ascension_level":0}