{"gold_per_floor":[114,39,54,69,84,84,99,99,149,164,194,194,209,224,224,324,324,339,264,264,279,29,29,44,44,44,44,59,74,104,119,119,219,219,234,249,249,99,128,128,143,143,143,158,173,188,203,233,233,233],"floor_reached":51,"playtime":3430,"items_purged":["Strike_R","Defend_R"],"score":832,"play_id":"14cca507-1ac3-40e5-abc3-7cb07d679233","local_time":"20190210123206","daily_mods":["Cursed Run","Blue Cards","DeadlyEvents"],"is_ascension_mode":false,"campfire_choices":[{"data":"Bash","floor":6,"key":"SMITH"},{"data":"Conserve Battery","floor":12,"key":"SMITH"},{"data":"Pommel Strike","floor":15,"key":"SMITH"},{"data":"Hello World","floor":23,"key":"SMITH"},{"data":"Metallicize","floor":25,"key":"SMITH"},{"data":"Go for the Eyes","floor":27,"key":"SMITH"},{"floor":32,"key":"REST"},{"floor":40,"key":"DIG"},{"data":"Demon Form","floor":42,"key":"SMITH"},{"floor":49,"key":"DIG"}],"neow_cost":"","seed_source_timestamp":163363946877969,"circlet_count":0,"master_deck":["Strike_R","Defend_R+1","Defend_R","Bash+1","Sword Boomerang+1","Sword Boomerang+1","Conserve Battery+1","Injury","Metallicize+1","Go for the Eyes+1","Pommel Strike+1","Darkness+1","Doubt","Demon Form+1","Hello World+1","Shame","Sweeping Beam","Pain","Shame","Echo Form+1","Battle Trance+1","Self Repair+1","Shrug It Off+1","Anger+1","Writhe","Parasite","Cleave","Streamline","Flex+1","Shame"],"special_seed":17937,"relics":["Cursed Key","Darkstone Periapt","Du-Vu Doll","Dodecahedron","Bronze Scales","Potion Belt","Busted Crown","FossilizedHelix","Blood Vial","Pocketwatch","Red Skull","Astrolabe","Whetstone","Shovel","Regal Pillow","War Paint","Paper Frog","Pear"],"potions_floor_usage":[24,30,33,33,33,33,35,36,36,36,50,50],"damage_taken":[{"damage":0,"enemies":"Small Slimes","floor":1,"turns":3},{"damage":1,"enemies":"Cultist","floor":3,"turns":3},{"damage":7,"enemies":"2 Louse","floor":4,"turns":2},{"damage":0,"enemies":"Large Slime","floor":5,"turns":3},{"damage":6,"enemies":"Exordium Wildlife","floor":7,"turns":4},{"damage":0,"enemies":"Looter","floor":10,"turns":2},{"damage":8,"enemies":"Lagavulin","floor":11,"turns":5},{"damage":8,"enemies":"2 Fungi Beasts","floor":13,"turns":2},{"damage":0,"enemies":"Exordium Wildlife","floor":14,"turns":3},{"damage":17,"enemies":"Slime Boss","floor":16,"turns":9},{"damage":5,"enemies":"Chosen","floor":18,"turns":4},{"damage":0,"enemies":"2 Thieves","floor":21,"turns":3},{"damage":0,"enemies":"Centurion and Healer","floor":24,"turns":3},{"damage":1,"enemies":"Snecko","floor":28,"turns":4},{"damage":4,"enemies":"3 Cultists","floor":29,"turns":3},{"damage":39,"enemies":"Slavers","floor":30,"turns":4},{"damage":3,"enemies":"Chosen and Byrds","floor":31,"turns":4},{"damage":23,"enemies":"Collector","floor":33,"turns":6},{"damage":21,"enemies":"3 Shapes","floor":35,"turns":5},{"damage":20,"enemies":"3 Darklings","floor":36,"turns":2},{"damage":37,"enemies":"2 Orb Walkers","floor":39,"turns":4},{"damage":12,"enemies":"Jaw Worm Horde","floor":41,"turns":3},{"damage":17,"enemies":"Spire Growth","floor":44,"turns":3},{"damage":0,"enemies":"Sphere and 2 Shapes","floor":45,"turns":2},{"damage":18,"enemies":"Maw","floor":46,"turns":6},{"damage":25,"enemies":"Jaw Worm Horde","floor":47,"turns":3},{"damage":10,"enemies":"Giant Head","floor":48,"turns":5},{"damage":30,"enemies":"Time Eater","floor":50,"turns":4}],"seed_played":"-8803609640175454799","potions_obtained":[{"floor":3,"key":"Dexterity Potion"},{"floor":4,"key":"AttackPotion"},{"floor":5,"key":"Fire Potion"},{"floor":16,"key":"Dexterity Potion"},{"floor":21,"key":"PowerPotion"},{"floor":28,"key":"EntropicBrew"},{"floor":30,"key":"FairyPotion"},{"floor":33,"key":"Weak Potion"},{"floor":35,"key":"AttackPotion"},{"floor":39,"key":"Strength Potion"},{"floor":44,"key":"Energy Potion"},{"floor":48,"key":"SneckoOil"}],"is_trial":false,"path_per_floor":["M","$","M","M","M","R","M","?","T","M","E","R","M","M","R","B",null,"M","?","?","M","$","R","M","R","T","R","M","M","E","M","R","B",null,"M","M","?","$","?","R","M","R","T","M","M","M","M","E","R","B",null],"character_chosen":"IRONCLAD","items_purchased":["Blood Vial","Whetstone"],"campfire_rested":1,"item_purchase_floors":[22,38],"current_hp_per_floor":[80,80,79,72,72,72,66,66,72,72,64,64,56,56,56,45,92,87,87,93,93,93,93,95,95,101,101,102,100,63,62,93,78,110,99,81,115,115,89,89,79,79,85,80,92,86,73,75,85,63],"gold":233,"neow_bonus":"","is_prod":false,"is_daily":true,"chose_seed":false,"campfire_upgraded":7,"win_rate":0,"timestamp":1549830726,"path_taken":["M","$","M","M","M","R","M","?","T","M","?","R","M","M","R","BOSS","M","?","?","?","$","R","M","R","T","R","M","?","?","M","R","BOSS","M","M","?","$","?","R","M","R","T","M","M","M","M","?","R","BOSS"],"build_version":"2019-01-23","purchased_purges":2,"victory":true,"max_hp_per_floor":[80,80,80,80,80,80,80,80,86,86,86,86,86,86,86,92,92,92,92,98,98,98,98,98,98,104,104,104,104,104,104,104,110,110,110,110,116,116,116,116,116,116,122,122,122,122,122,122,132,138],"card_choices":[{"not_picked":["Redo","Conserve Battery"],"picked":"Sword Boomerang","floor":1},{"not_picked":["Armaments","Combust"],"picked":"Sword Boomerang","floor":3},{"not_picked":["Twin Strike","Exhume","Cleave"],"picked":"SKIP","floor":4},{"not_picked":["Iron Wave","Thunderclap"],"picked":"Conserve Battery","floor":5},{"not_picked":["Cleave","Entrench","Rebound"],"picked":"SKIP","floor":7},{"not_picked":["Twin Strike","Leap"],"picked":"Metallicize","floor":10},{"not_picked":["Cleave","Shrug It Off"],"picked":"Go for the Eyes","floor":11},{"not_picked":["Meteor Strike","Body Slam"],"picked":"Pommel Strike","floor":13},{"not_picked":["Bloodletting","Stack"],"picked":"Darkness","floor":14},{"not_picked":["Thunder Strike","Multi-Cast"],"picked":"Demon Form","floor":16},{"not_picked":[],"picked":"Hello World","floor":18},{"not_picked":["Stack+1"],"picked":"SKIP","floor":21},{"not_picked":[],"picked":"Sweeping Beam","floor":24},{"not_picked":["Redo+1"],"picked":"SKIP","floor":28},{"not_picked":["Wild Strike"],"picked":"SKIP","floor":29},{"not_picked":["Demon Form"],"picked":"SKIP","floor":30},{"not_picked":["Cold Snap"],"picked":"SKIP","floor":31},{"not_picked":[],"picked":"Shrug It Off+1","floor":35},{"not_picked":[],"picked":"Anger+1","floor":36},{"not_picked":["Headbutt"],"picked":"SKIP","floor":41},{"not_picked":[],"picked":"Cleave","floor":44},{"not_picked":["Armaments"],"picked":"SKIP","floor":45},{"not_picked":[],"picked":"Streamline","floor":46},{"not_picked":[],"picked":"Flex+1","floor":47},{"not_picked":["Corruption+1"],"picked":"SKIP","floor":48}],"player_experience":663490,"relics_obtained":[{"floor":9,"key":"Bronze Scales"},{"floor":11,"key":"Potion Belt"},{"floor":26,"key":"Pocketwatch"},{"floor":30,"key":"Red Skull"},{"floor":39,"key":"Shovel"},{"floor":40,"key":"Regal Pillow"},{"floor":43,"key":"War Paint"},{"floor":48,"key":"Paper Frog"},{"floor":49,"key":"Pear"}],"event_choices":[{"damage_healed":0,"gold_gain":0,"player_choice":"Gave Potion","damage_taken":0,"relics_obtained":["Dodecahedron"],"max_hp_gain":0,"max_hp_loss":0,"event_name":"WeMeetAgain","floor":8,"gold_loss":0},{"cards_removed":["Defend_R"],"damage_healed":0,"gold_gain":0,"player_choice":"Gave Gold","damage_taken":0,"max_hp_gain":0,"max_hp_loss":0,"event_name":"Beggar","floor":19,"gold_loss":75},{"damage_healed":0,"gold_gain":0,"player_choice":"Stole Relic","damage_taken":0,"relics_obtained":["FossilizedHelix"],"max_hp_gain":0,"max_hp_loss":0,"event_name":"Addict","floor":20,"gold_loss":0,"cards_obtained":["Shame"]},{"damage_healed":28,"gold_gain":0,"player_choice":"Writhe","damage_taken":0,"max_hp_gain":0,"max_hp_loss":0,"event_name":"Winding Halls","floor":37,"gold_loss":0,"cards_obtained":["Writhe"]},{"damage_healed":0,"gold_gain":0,"player_choice":"Fight","damage_taken":0,"max_hp_gain":0,"max_hp_loss":0,"event_name":"Mysterious Sphere","floor":39,"gold_loss":0}],"is_beta":false,"boss_relics":[{"not_picked":["Coffee Dripper","Sozu"],"picked":"Busted Crown"},{"not_picked":["Fusion Hammer","Velvet Choker"],"picked":"Astrolabe"}],"items_purged_floors":[2,22],"is_endless":false,"potions_floor_spawned":[3,4,5,16,21,28,30,33,35,39,44,45,48],"ascension_level":0}