{"gold_per_floor":[115,115,130,145,162,162,162,162,162,180,180,196,196,215,215,320,370,390,77,91,107,126,159,159,74,74,74,0,0,0,0,12,127,139,161,186,212,241,270,282,325,337,349,381,393,422,454,566,578,590],"floor_reached":51,"playtime":4053,"items_purged":["Strike_G"],"score":668,"play_id":"3b4b78b2-2311-4398-b530-a9aa71669775","local_time":"20181225174016","is_ascension_mode":false,"campfire_choices":[{"data":"Venomology","floor":6,"key":"SMITH"},{"floor":8,"key":"REST"},{"data":"Bouncing Flask","floor":11,"key":"SMITH"},{"data":"Survivor","floor":15,"key":"SMITH"},{"data":"Infinite Blades","floor":24,"key":"SMITH"},{"data":"Noxious Fumes","floor":27,"key":"SMITH"},{"data":"Neutralize","floor":29,"key":"SMITH"},{"floor":32,"key":"REST"},{"data":"Prepared","floor":40,"key":"SMITH"},{"floor":42,"key":"REST"},{"floor":49,"key":"REST"}],"neow_cost":"NONE","seed_source_timestamp":404429139253901,"circlet_count":0,"master_deck":["Defend_G","Defend_G","Defend_G","Defend_G+1","Strike_G","Strike_G+1","Strike_G","Strike_G+1","Survivor+1","Neutralize+1","Escape Plan","Prepared+1","Venomology+1","Bouncing Flask+1","Poisoned Stab","Dodge and Roll+1","Burst+1","Deadly Poison+1","Noxious Fumes+1","Infinite Blades+1","Adrenaline+1","Catalyst+1","Deadly Poison+1","Bane+1","Poisoned Stab+1"],"relics":["Ring of the Snake","Shuriken","Toxic Egg 2","Tiny House","Mercury Hourglass","Snake Skull","Gremlin Horn","Letter Opener","MawBank","Black Star","Molten Egg 2","Question Card","Ornamental Fan","Unceasing Top"],"potions_floor_usage":[12,14,16,18,20,21,21,22,23,23,33,36,37,37,38,39,41,41,44,44,46,47,47,50,50,50,50,50,50],"damage_taken":[{"damage":0,"enemies":"Small Slimes","floor":1,"turns":3},{"damage":3,"enemies":"2 Louse","floor":3,"turns":4},{"damage":0,"enemies":"Jaw Worm","floor":4,"turns":4},{"damage":5,"enemies":"Red Slaver","floor":5,"turns":5},{"damage":8,"enemies":"Gremlin Gang","floor":10,"turns":7},{"damage":2,"enemies":"2 Fungi Beasts","floor":12,"turns":3},{"damage":5,"enemies":"Large Slime","floor":14,"turns":6},{"damage":7,"enemies":"The Guardian","floor":16,"turns":7},{"damage":0,"enemies":"Shell Parasite","floor":18,"turns":4},{"damage":0,"enemies":"Chosen","floor":20,"turns":4},{"damage":8,"enemies":"3 Cultists","floor":21,"turns":4},{"damage":12,"enemies":"Centurion and Healer","floor":22,"turns":7},{"damage":19,"enemies":"Gremlin Leader","floor":23,"turns":6},{"damage":20,"enemies":"Collector","floor":33,"turns":7},{"damage":6,"enemies":"Orb Walker","floor":35,"turns":3},{"damage":0,"enemies":"3 Shapes","floor":36,"turns":3},{"damage":4,"enemies":"Spire Growth","floor":37,"turns":5},{"damage":0,"enemies":"4 Shapes","floor":38,"turns":3},{"damage":17,"enemies":"Transient","floor":39,"turns":5},{"damage":25,"enemies":"Nemesis","floor":41,"turns":3},{"damage":3,"enemies":"Jaw Worm Horde","floor":44,"turns":3},{"damage":5,"enemies":"Spire Growth","floor":46,"turns":4},{"damage":0,"enemies":"4 Shapes","floor":47,"turns":2},{"damage":6,"enemies":"Mind Bloom Boss Battle","floor":48,"turns":5},{"damage":67,"enemies":"Time Eater","floor":50,"turns":5}],"seed_played":"730369841437377609","potions_obtained":[{"floor":1,"key":"Strength Potion"},{"floor":10,"key":"Ancient Potion"},{"floor":12,"key":"Poison Potion"},{"floor":17,"key":"AttackPotion"},{"floor":20,"key":"LiquidBronze"},{"floor":22,"key":"Strength Potion"},{"floor":39,"key":"Dexterity Potion"},{"floor":46,"key":"SkillPotion"},{"floor":48,"key":"SkillPotion"}],"is_trial":false,"path_per_floor":["M","?","M","M","M","R","?","R","T","M","R","M","T","M","R","B",null,"M","$","M","M","M","E","R","?","T","R","?","R","?","?","R","B",null,"M","M","M","M","M","R","E","R","T","M","?","M","M","?","R","B",null],"character_chosen":"THE_SILENT","items_purchased":["Mercury Hourglass"],"campfire_rested":4,"item_purchase_floors":[19],"current_hp_per_floor":[77,62,59,59,54,54,47,70,70,62,62,60,60,55,55,48,82,82,82,82,74,71,52,52,52,52,52,52,52,52,52,76,56,82,76,76,72,72,55,55,30,54,54,51,51,46,46,40,64,8],"gold":602,"neow_bonus":"TEN_PERCENT_HP_BONUS","is_prod":false,"is_daily":false,"chose_seed":false,"campfire_upgraded":7,"win_rate":0,"timestamp":1545788416,"path_taken":["M","?","M","M","M","R","?","R","T","M","R","M","?","?","R","BOSS","M","$","?","M","M","E","R","?","T","R","?","R","?","?","R","BOSS","M","M","M","M","M","R","E","R","T","M","?","M","?","?","R","BOSS"],"build_version":"2018-12-20","purchased_purges":1,"victory":true,"max_hp_per_floor":[77,77,77,77,77,77,77,77,77,77,77,77,77,77,77,77,82,82,82,82,82,82,82,82,82,82,82,82,82,82,82,82,82,82,82,82,82,82,82,82,82,82,82,82,82,82,82,82,82,82],"card_choices":[{"not_picked":["Acrobatics","Backflip"],"picked":"Escape Plan","floor":1},{"not_picked":["Caltrops","Tactician"],"picked":"Poisoned Stab","floor":3},{"not_picked":["Skewer","Heel Hook"],"picked":"Prepared","floor":4},{"not_picked":["All Out Attack","Sucker Punch"],"picked":"Venomology","floor":5},{"not_picked":["Underhanded Strike","Skewer"],"picked":"Bouncing Flask","floor":10},{"not_picked":["Acrobatics","Skewer"],"picked":"Poisoned Stab","floor":12},{"not_picked":["Dagger Spray","Catalyst+1"],"picked":"Dodge and Roll+1","floor":14},{"not_picked":["Bullet Time+1","Tools of the Trade"],"picked":"Burst+1","floor":16},{"not_picked":["Eviscerate","Sucker Punch"],"picked":"Deadly Poison+1","floor":17},{"not_picked":["Dash+1","Caltrops"],"picked":"Noxious Fumes","floor":18},{"not_picked":["Outmaneuver+1","Slice"],"picked":"Infinite Blades","floor":20},{"not_picked":["Dagger Spray+1","Endless Agony+1","Dodge and Roll+1"],"picked":"SKIP","floor":21},{"not_picked":["PiercingWail+1","Tactician+1","Reflex+1"],"picked":"SKIP","floor":22},{"not_picked":["Die Die Die","Dodge and Roll+1","All Out Attack"],"picked":"SKIP","floor":23},{"not_picked":["Venomology+1","Die Die Die"],"picked":"Adrenaline+1","floor":33},{"not_picked":["Dagger Spray","Dagger Throw","Leg Sweep+1"],"picked":"SKIP","floor":35},{"not_picked":["Dagger Spray","Quick Slash","Flechettes"],"picked":"SKIP","floor":36},{"not_picked":["Blade Dance+1","Predator+1","Flying Knee"],"picked":"SKIP","floor":37},{"not_picked":["Dagger Throw","All Out Attack+1"],"picked":"Catalyst+1","floor":38},{"not_picked":["Distraction+1","Choke"],"picked":"Deadly Poison+1","floor":39},{"not_picked":["Quick Slash+1","Phantasmal Killer+1","Endless Agony"],"picked":"SKIP","floor":41},{"not_picked":["Outmaneuver+1","Choke+1","Quick Slash+1"],"picked":"Bane+1","floor":44},{"not_picked":["PiercingWail+1","Dodge and Roll+1","Quick Slash+1","Deflect+1"],"picked":"SKIP","floor":46},{"not_picked":["Tactician+1","Heel Hook+1","Blade Dance+1","PiercingWail+1"],"picked":"SKIP","floor":47},{"not_picked":["Dagger Spray+1","Glass Knife+1","Well Laid Plans"],"picked":"Poisoned Stab+1","floor":48}],"player_experience":369277,"relics_obtained":[{"floor":9,"key":"Shuriken"},{"floor":13,"key":"Toxic Egg 2"},{"floor":23,"key":"Snake Skull"},{"floor":26,"key":"Letter Opener"},{"floor":41,"key":"Molten Egg 2"},{"floor":41,"key":"Question Card"},{"floor":43,"key":"Ornamental Fan"},{"floor":48,"key":"Unceasing Top"}],"event_choices":[{"damage_healed":0,"gold_gain":0,"player_choice":"Entered Light","damage_taken":15,"max_hp_gain":0,"max_hp_loss":0,"event_name":"Shining Light","floor":2,"gold_loss":0,"cards_upgraded":["Strike_G","Defend_G"]},{"cards_removed":["Defend_G"],"damage_healed":0,"gold_gain":0,"player_choice":"Card Removal","damage_taken":7,"max_hp_gain":0,"max_hp_loss":0,"event_name":"Golden Wing","floor":7,"gold_loss":0},{"damage_healed":0,"gold_gain":0,"player_choice":"Obtained Relic","damage_taken":0,"relics_obtained":["Gremlin Horn"],"max_hp_gain":0,"max_hp_loss":0,"event_name":"Addict","floor":25,"gold_loss":85},{"damage_healed":0,"gold_gain":0,"player_choice":"Paid Fearfully","damage_taken":0,"max_hp_gain":0,"max_hp_loss":0,"event_name":"Masked Bandits","floor":28,"gold_loss":74},{"damage_healed":0,"gold_gain":0,"player_choice":"Ignored","damage_taken":0,"max_hp_gain":0,"max_hp_loss":0,"event_name":"Beggar","floor":30,"gold_loss":0},{"cards_removed":["Poisoned Stab"],"damage_healed":0,"gold_gain":0,"player_choice":"Gave Card","damage_taken":0,"relics_obtained":["MawBank"],"max_hp_gain":0,"max_hp_loss":0,"event_name":"WeMeetAgain","floor":31,"gold_loss":0},{"damage_healed":0,"gold_gain":0,"player_choice":"Ignored","damage_taken":0,"max_hp_gain":0,"max_hp_loss":0,"event_name":"SecretPortal","floor":45,"gold_loss":0},{"damage_healed":0,"gold_gain":0,"player_choice":"Fight","damage_taken":0,"max_hp_gain":0,"max_hp_loss":0,"event_name":"MindBloom","floor":48,"gold_loss":0}],"is_beta":false,"boss_relics":[{"not_picked":["Velvet Choker","Ectoplasm"],"picked":"Tiny House"},{"not_picked":["Astrolabe","White Beast Statue"],"picked":"Black Star"}],"items_purged_floors":[19],"is_endless":false,"potions_floor_spawned":[1,10,12,14,16,20,22,35,36,39,46,48],"ascension_level":0}