{"gold_per_floor":[215,215,229,229,34,64,80,80,80,2,2,30,58,68,68,166,166,180,280,297,316,291,291,303,303,371,399,62,62,74,88,88,88],"floor_reached":33,"playtime":3710,"items_purged":["Regret"],"score":275,"play_id":"0892104e-9dbe-43bb-b760-3795569f32e2","local_time":"20190324200655","is_ascension_mode":false,"campfire_choices":[{"floor":11,"key":"REST"},{"floor":15,"key":"REST"},{"floor":23,"key":"REST"},{"floor":29,"key":"REST"},{"floor":32,"key":"REST"}],"neow_cost":"NONE","seed_source_timestamp":21278185342587,"circlet_count":0,"master_deck":["Strike_R","Strike_R","Strike_R","Strike_R","Strike_R","Defend_R+1","Defend_R","Defend_R+1","Defend_R","Bash","Uppercut","Battle Trance","Shrug It Off","Inflame","Infernal Blade","Double Tap","Metallicize","Feel No Pain","Anger+1","Body Slam+1","Berserk","Clash+1","Burning Pact","Iron Wave+1","Armaments","Twin Strike+1","Whirlwind+1","Decay","Rampage+1","Combust","Armaments","Warcry"],"relics":["Burning Blood","StoneCalendar","Pear","Molten Egg 2","Paper Frog","Odd Mushroom","Smiling Mask","Velvet Choker","Peace Pipe","Gremlin Horn","Mummified Hand","Bronze Scales","Ornamental Fan"],"potions_floor_usage":[16,19,33,33],"damage_taken":[{"damage":8,"enemies":"Small Slimes","floor":1,"turns":3},{"damage":4,"enemies":"2 Louse","floor":3,"turns":2},{"damage":26,"enemies":"3 Sentries","floor":6,"turns":7},{"damage":1,"enemies":"Cultist","floor":7,"turns":3},{"damage":23,"enemies":"The Mushroom Lair","floor":12,"turns":5},{"damage":15,"enemies":"Lagavulin","floor":13,"turns":6},{"damage":6,"enemies":"Blue Slaver","floor":14,"turns":4},{"damage":21,"enemies":"Slime Boss","floor":16,"turns":6},{"damage":25,"enemies":"Shell Parasite","floor":18,"turns":4},{"damage":11,"enemies":"Colosseum Slavers","floor":19,"turns":5},{"damage":9,"enemies":"Colosseum Nobs","floor":19,"turns":5},{"damage":0,"enemies":"Chosen","floor":20,"turns":3},{"damage":21,"enemies":"Snake Plant","floor":21,"turns":3},{"damage":9,"enemies":"Centurion and Healer","floor":24,"turns":6},{"damage":68,"enemies":"Book of Stabbing","floor":27,"turns":6},{"damage":20,"enemies":"Shelled Parasite and Fungi","floor":30,"turns":4},{"damage":17,"enemies":"Chosen and Byrds","floor":31,"turns":5},{"damage":56,"enemies":"Collector","floor":33,"turns":3}],"seed_played":"-2335434462604519271","potions_obtained":[{"floor":3,"key":"Strength Potion"},{"floor":6,"key":"Swift Potion"},{"floor":7,"key":"SmokeBomb"},{"floor":13,"key":"PowerPotion"},{"floor":20,"key":"Regen Potion"},{"floor":21,"key":"SkillPotion"}],"is_trial":false,"path_per_floor":["?","?","M","?","$","?","?","$","?","$"],"character_chosen":"IRONCLAD","items_purchased":["Shrug It Off","Inflame","Metallicize","Twin Strike+1","Ornamental Fan","Combust"],"campfire_rested":5,"item_purchase_floors":[5,5,10,22,28,28],"current_hp_per_floor":[78,78,80,90,90,70,75,57,57,57,84,67,58,58,85,70,90,71,63,69,54,54,81,78,78,78,16,16,43,29,18,45,0],"gold":88,"neow_bonus":"HUNDRED_GOLD","is_prod":false,"is_daily":false,"chose_seed":false,"campfire_upgraded":0,"win_rate":0,"timestamp":1553472415,"path_taken":["M","?","M","?","$","E","?","?","T","?","R","?","E","M","R","BOSS","M","?","M","M","?","R","M","?","T","E","?","R","M","M","R","BOSS"],"build_version":"2019-01-23","purchased_purges":1,"victory":false,"max_hp_per_floor":[80,80,80,90,90,90,90,90,90,90,90,90,90,90,90,90,90,90,90,90,90,90,90,90,90,90,90,90,90,90,90,90,90],"card_choices":[{"not_picked":["Heavy Blade","Disarm"],"picked":"Uppercut","floor":1},{"not_picked":["Power Through","Armaments"],"picked":"Battle Trance","floor":3},{"not_picked":["Sword Boomerang","Wild Strike"],"picked":"Infernal Blade","floor":6},{"not_picked":["Battle Trance","Body Slam+1"],"picked":"Double Tap","floor":7},{"not_picked":["Heavy Blade+1","Warcry"],"picked":"Feel No Pain","floor":12},{"not_picked":["Battle Trance","Iron Wave+1"],"picked":"Anger+1","floor":13},{"not_picked":["Headbutt+1","Thunderclap+1"],"picked":"Body Slam+1","floor":14},{"not_picked":["Limit Break","Juggernaut"],"picked":"Berserk","floor":16},{"not_picked":["Rupture","Twin Strike+1"],"picked":"Clash+1","floor":18},{"not_picked":["Disarm","Intimidate"],"picked":"Burning Pact","floor":19},{"not_picked":["Thunderclap+1","Corruption+1"],"picked":"Iron Wave+1","floor":20},{"not_picked":["Whirlwind+1","Dropkick+1"],"picked":"Armaments","floor":21},{"not_picked":["Sword Boomerang+1","Shockwave"],"picked":"Whirlwind+1","floor":24},{"not_picked":["Intimidate","Shockwave"],"picked":"Rampage+1","floor":27},{"not_picked":["Twin Strike+1","Thunderclap+1"],"picked":"Armaments","floor":30},{"not_picked":["Wild Strike+1","True Grit"],"picked":"Warcry","floor":31}],"player_experience":59578,"relics_obtained":[{"floor":6,"key":"Molten Egg 2"},{"floor":9,"key":"Paper Frog"},{"floor":12,"key":"Odd Mushroom"},{"floor":13,"key":"Smiling Mask"},{"floor":19,"key":"Peace Pipe"},{"floor":19,"key":"Gremlin Horn"},{"floor":26,"key":"Mummified Hand"},{"floor":27,"key":"Bronze Scales"}],"event_choices":[{"damage_healed":0,"gold_gain":0,"player_choice":"Box","damage_taken":0,"relics_obtained":["StoneCalendar"],"max_hp_gain":0,"max_hp_loss":0,"event_name":"Big Fish","floor":2,"gold_loss":0,"cards_obtained":["Regret"]},{"damage_healed":0,"gold_gain":0,"player_choice":"Gave Potion","damage_taken":0,"relics_obtained":["Pear"],"max_hp_gain":0,"max_hp_loss":0,"event_name":"WeMeetAgain","floor":4,"gold_loss":0},{"damage_healed":0,"gold_gain":0,"player_choice":"Entered Light","damage_taken":18,"max_hp_gain":0,"max_hp_loss":0,"event_name":"Shining Light","floor":8,"gold_loss":0,"cards_upgraded":["Defend_R","Defend_R"]},{"damage_healed":0,"gold_gain":0,"player_choice":"Fought Mushrooms","damage_taken":0,"max_hp_gain":0,"max_hp_loss":0,"event_name":"Mushrooms","floor":12,"gold_loss":0},{"damage_healed":0,"gold_gain":0,"player_choice":"Fight","damage_taken":0,"max_hp_gain":0,"max_hp_loss":0,"event_name":"Colosseum","floor":19,"gold_loss":0},{"damage_healed":0,"gold_gain":0,"player_choice":"Fought Nobs","damage_taken":0,"max_hp_gain":0,"max_hp_loss":0,"event_name":"Colosseum","floor":19,"gold_loss":0},{"damage_healed":0,"gold_gain":0,"player_choice":"Smashed Altar","damage_taken":0,"max_hp_gain":0,"max_hp_loss":0,"event_name":"Forgotten Altar","floor":25,"gold_loss":0,"cards_obtained":["Decay"]}],"is_beta":false,"boss_relics":[{"not_picked":["Black Blood","Runic Pyramid"],"picked":"Velvet Choker"}],"items_purged_floors":[5],"is_endless":false,"potions_floor_spawned":[3,6,7,13,19,20,21,24,30],"killed_by":"Collector","ascension_level":0}