{"gold_per_floor":[113,128,128,148,166,166,186,198,224,224,250,284,284,14,14,119,119,129,129,139,159,172,172,206,131,131,131,163,174,185,203,203,307,307,325,325,340,201,601,631,631,631,631,416,449,449],"floor_reached":46,"playtime":3768,"items_purged":["Strike_R","Strike_R","Strike_R"],"score":895,"play_id":"de7f2c1e-3f53-4fcb-b869-fcd21d16d074","local_time":"20190410004644","is_ascension_mode":true,"campfire_choices":[{"data":"Uppercut","floor":6,"key":"SMITH"},{"data":"Shockwave","floor":13,"key":"SMITH"},{"data":"Shrug It Off","floor":15,"key":"SMITH"},{"floor":23,"key":"REST"},{"floor":32,"key":"REST"},{"floor":41,"key":"REST"}],"neow_cost":"NONE","seed_source_timestamp":296741513012532,"circlet_count":0,"master_deck":["AscendersBane","Strike_R","Defend_R+1","Defend_R","Defend_R+1","Defend_R","Bash+1","Cleave","Pommel Strike","Uppercut+1","Impervious","Shrug It Off+1","Dropkick","Shrug It Off","Shockwave+1","Armaments+1","Juggernaut","Body Slam","Body Slam+1","Double Tap+1","Headbutt","Ghostly Armor+1","Impervious+1","Rage+1","Flame Barrier+1","PanicButton+1","Madness+1","Discovery+1","Demon Form"],"relics":["Burning Blood","Odd Mushroom","Kunai","Toxic Egg 2","Sozu","Nloth\u0027s Gift","Red Skull","War Paint","Oddly Smooth Stone","Mango","Fusion Hammer","Old Coin","Ornamental Fan","Darkstone Periapt","Potion Belt"],"potions_floor_usage":[16,21,28],"damage_taken":[{"damage":3,"enemies":"2 Louse","floor":1,"turns":3},{"damage":7,"enemies":"Jaw Worm","floor":2,"turns":3},{"damage":6,"enemies":"Cultist","floor":4,"turns":4},{"damage":9,"enemies":"Red Slaver","floor":5,"turns":6},{"damage":8,"enemies":"Blue Slaver","floor":7,"turns":4},{"damage":2,"enemies":"2 Fungi Beasts","floor":8,"turns":3},{"damage":12,"enemies":"The Mushroom Lair","floor":11,"turns":5},{"damage":14,"enemies":"Gremlin Nob","floor":12,"turns":4},{"damage":35,"enemies":"The Guardian","floor":16,"turns":14},{"damage":5,"enemies":"Spheric Guardian","floor":18,"turns":5},{"damage":13,"enemies":"3 Byrds","floor":20,"turns":6},{"damage":8,"enemies":"Centurion and Healer","floor":21,"turns":7},{"damage":20,"enemies":"Snake Plant","floor":22,"turns":4},{"damage":41,"enemies":"Book of Stabbing","floor":24,"turns":6},{"damage":28,"enemies":"Gremlin Leader","floor":28,"turns":7},{"damage":1,"enemies":"3 Cultists","floor":29,"turns":5},{"damage":6,"enemies":"Snecko","floor":30,"turns":4},{"damage":0,"enemies":"Centurion and Healer","floor":31,"turns":7},{"damage":41,"enemies":"Collector","floor":33,"turns":9},{"damage":9,"enemies":"3 Darklings","floor":35,"turns":5},{"damage":9,"enemies":"Orb Walker","floor":37,"turns":3},{"damage":0,"enemies":"Mind Bloom Boss Battle","floor":39,"turns":7},{"damage":2,"enemies":"Nemesis","floor":40,"turns":9},{"damage":59,"enemies":"Reptomancer","floor":45,"turns":5},{"damage":36,"enemies":"3 Darklings","floor":46,"turns":3}],"seed_played":"1689502886816992207","potions_obtained":[{"floor":2,"key":"LiquidBronze"},{"floor":4,"key":"Regen Potion"},{"floor":16,"key":"Swift Potion"}],"is_trial":false,"path_per_floor":["M","M","?","M","M","R","M","M","T","?","?","E","R","$","R","B",null,"M","?","M","M","M","R","E","$","T","?","E","M","M","M","R","B",null,"M","?","M","$","?","E","R","?","T","$","E","M"],"character_chosen":"IRONCLAD","items_purchased":["Toxic Egg 2","Armaments+1","Flame Barrier+1","Discovery+1"],"campfire_rested":3,"item_purchase_floors":[14,14,38,44],"current_hp_per_floor":[75,74,67,67,64,64,62,66,66,71,65,57,57,57,57,28,71,72,72,65,63,49,74,39,39,39,39,46,51,51,57,86,51,87,84,84,81,81,87,91,99,89,89,89,36,0],"gold":449,"neow_bonus":"UPGRADE_CARD","is_prod":false,"is_daily":false,"chose_seed":false,"campfire_upgraded":3,"win_rate":0,"timestamp":1554871604,"path_taken":["M","M","?","M","M","R","M","M","T","?","?","E","R","$","R","BOSS","M","?","M","M","?","R","E","?","T","?","E","M","M","M","R","BOSS","M","?","M","$","?","E","R","?","T","$","E","M"],"build_version":"2019-01-23","purchased_purges":3,"victory":false,"max_hp_per_floor":[80,80,80,80,80,80,80,80,80,85,85,85,85,85,85,85,85,85,85,85,85,85,85,85,85,85,85,99,99,99,99,99,99,99,99,99,99,99,99,99,99,99,99,99,99,99],"card_choices":[{"not_picked":["Clothesline","Anger"],"picked":"Cleave","floor":1},{"not_picked":["Twin Strike","Wild Strike"],"picked":"Pommel Strike","floor":2},{"not_picked":["Spot Weakness","Havoc"],"picked":"Uppercut","floor":4},{"not_picked":["Uppercut","Cleave"],"picked":"Impervious","floor":5},{"not_picked":["Sword Boomerang","Cleave"],"picked":"Shrug It Off","floor":7},{"not_picked":["Rage","Fire Breathing"],"picked":"Dropkick","floor":8},{"not_picked":["Body Slam","Heavy Blade"],"picked":"Shrug It Off","floor":11},{"not_picked":["Pommel Strike","Cleave"],"picked":"Shockwave","floor":12},{"not_picked":["Impervious+1","Barricade"],"picked":"Juggernaut","floor":16},{"not_picked":["Armaments+1","Iron Wave","Pommel Strike"],"picked":"SKIP","floor":18},{"not_picked":["Blood for Blood","Brutality"],"picked":"Body Slam","floor":20},{"not_picked":["Carnage","Thunderclap+1"],"picked":"Body Slam+1","floor":21},{"not_picked":["Thunderclap","Fire Breathing"],"picked":"Double Tap+1","floor":22},{"not_picked":["Inflame","Pummel+1"],"picked":"Headbutt","floor":24},{"not_picked":["Iron Wave","Havoc+1","Dark Embrace"],"picked":"SKIP","floor":28},{"not_picked":["True Grit+1","Clash+1","Armaments+1"],"picked":"SKIP","floor":29},{"not_picked":["Searing Blow","Body Slam","Headbutt"],"picked":"SKIP","floor":30},{"not_picked":["Clothesline","Perfected Strike"],"picked":"Ghostly Armor+1","floor":31},{"not_picked":["Juggernaut","Barricade"],"picked":"Impervious+1","floor":33},{"not_picked":["Clothesline","Heavy Blade"],"picked":"Rage+1","floor":35},{"not_picked":["True Grit+1","Body Slam+1","Uppercut"],"picked":"SKIP","floor":37},{"not_picked":["Bludgeon","Iron Wave+1","Pommel Strike"],"picked":"SKIP","floor":40},{"not_picked":["HandOfGreed","Panacea+1"],"picked":"PanicButton+1","floor":42},{"not_picked":["Mayhem","Impatience+1"],"picked":"Madness+1","floor":42},{"not_picked":["Body Slam","Twin Strike"],"picked":"Demon Form","floor":45}],"player_experience":929759,"relics_obtained":[{"floor":9,"key":"Dream Catcher"},{"floor":11,"key":"Odd Mushroom"},{"floor":12,"key":"Kunai"},{"floor":24,"key":"Red Skull"},{"floor":26,"key":"War Paint"},{"floor":28,"key":"Mango"},{"floor":39,"key":"Old Coin"},{"floor":40,"key":"Ornamental Fan"},{"floor":43,"key":"Darkstone Periapt"},{"floor":45,"key":"Potion Belt"}],"event_choices":[{"cards_removed":["Strike_R"],"damage_healed":0,"gold_gain":0,"player_choice":"Card Removal","damage_taken":7,"max_hp_gain":0,"max_hp_loss":0,"event_name":"Golden Wing","floor":3,"gold_loss":0},{"damage_healed":0,"gold_gain":0,"player_choice":"Donut","damage_taken":0,"max_hp_gain":5,"max_hp_loss":0,"event_name":"Big Fish","floor":10,"gold_loss":0},{"damage_healed":0,"gold_gain":0,"player_choice":"Fought Mushrooms","damage_taken":0,"max_hp_gain":0,"max_hp_loss":0,"event_name":"Mushrooms","floor":11,"gold_loss":0},{"damage_healed":0,"gold_gain":0,"player_choice":"Traded Relic","damage_taken":0,"relics_obtained":["Nloth\u0027s Gift"],"max_hp_gain":0,"max_hp_loss":0,"event_name":"N\u0027loth","floor":19,"relics_lost":["Dream Catcher"],"gold_loss":0},{"damage_healed":0,"gold_gain":0,"player_choice":"Opened","damage_taken":0,"relics_obtained":["Oddly Smooth Stone"],"max_hp_gain":0,"max_hp_loss":0,"event_name":"The Mausoleum","floor":27,"gold_loss":0},{"damage_healed":0,"gold_gain":0,"player_choice":"Ignored","damage_taken":0,"max_hp_gain":0,"max_hp_loss":0,"event_name":"Tomb of Lord Red Mask","floor":36,"gold_loss":0},{"damage_healed":0,"gold_gain":0,"player_choice":"Fight","damage_taken":0,"max_hp_gain":0,"max_hp_loss":0,"event_name":"MindBloom","floor":39,"gold_loss":0},{"damage_healed":0,"gold_gain":0,"player_choice":"Memory 3","damage_taken":10,"max_hp_gain":0,"max_hp_loss":0,"event_name":"SensoryStone","floor":42,"gold_loss":0}],"is_beta":false,"boss_relics":[{"not_picked":["Runic Dome","Runic Cube"],"picked":"Sozu"},{"not_picked":["Orrery","Black Blood"],"picked":"Fusion Hammer"}],"items_purged_floors":[25,38,44],"is_endless":false,"potions_floor_spawned":[2,4,7,12,16,20,24,30,39,45],"killed_by":"3 Darklings","ascension_level":11}