{"gold_per_floor":[15,25,45,45,55,55,55,75,75,91,106,126,126,142,142,238,238,254,22,22,22,22,52,52],"floor_reached":24,"playtime":1407,"items_purged":["Strike_B"],"score":242,"play_id":"bac5e3a2-b948-49e0-a377-23c402b3441f","local_time":"20190418214550","is_ascension_mode":true,"campfire_choices":[{"data":"Zap","floor":6,"key":"SMITH"},{"floor":13,"key":"REST"},{"floor":15,"key":"REST"}],"neow_cost":"NO_GOLD","seed_source_timestamp":341056596812,"circlet_count":0,"master_deck":["Strike_B","Strike_B","Defend_B","Defend_B","Defend_B","Defend_B","Zap+1","Dualcast","Redo","BootSequence","Rebound","Beam Cell","Loop","Coolheaded","Streamline+1","Undo","Chaos","Machine Learning","Sweeping Beam+1","Glacier","Core Surge+1"],"relics":["Cracked Core","Molten Egg 2","Black Star","PreservedInsect","Bottled Tornado","Bird Faced Urn"],"potions_floor_usage":[7],"damage_taken":[{"damage":7,"enemies":"Small Slimes","floor":1,"turns":3},{"damage":14,"enemies":"Jaw Worm","floor":2,"turns":4},{"damage":6,"enemies":"Cultist","floor":3,"turns":4},{"damage":15,"enemies":"Gremlin Gang","floor":5,"turns":6},{"damage":15,"enemies":"Gremlin Nob","floor":7,"turns":3},{"damage":0,"enemies":"3 Louse","floor":8,"turns":2},{"damage":3,"enemies":"Blue Slaver","floor":10,"turns":3},{"damage":2,"enemies":"Red Slaver","floor":11,"turns":3},{"damage":10,"enemies":"2 Fungi Beasts","floor":12,"turns":3},{"damage":0,"enemies":"Looter","floor":14,"turns":2},{"damage":48,"enemies":"Hexaghost","floor":16,"turns":11},{"damage":23,"enemies":"Shell Parasite","floor":18,"turns":4},{"damage":44,"enemies":"Book of Stabbing","floor":23,"turns":6},{"damage":24,"enemies":"3 Byrds","floor":24,"turns":4}],"seed_played":"5038604878194391342","potions_obtained":[{"floor":5,"key":"SmokeBomb"},{"floor":10,"key":"SpeedPotion"},{"floor":12,"key":"FearPotion"},{"floor":23,"key":"SteroidPotion"}],"is_trial":false,"path_per_floor":["?","?","?","$"],"character_chosen":"DEFECT","items_purchased":["PreservedInsect"],"campfire_rested":2,"item_purchase_floors":[19],"current_hp_per_floor":[82,68,62,55,40,40,25,25,25,22,20,10,36,36,62,14,89,66,66,66,66,66,22,0],"gold":52,"neow_bonus":"TWENTY_PERCENT_HP_BONUS","is_prod":false,"is_daily":false,"chose_seed":false,"campfire_upgraded":1,"win_rate":0,"timestamp":1555638350,"path_taken":["M","M","M","?","M","R","E","M","T","M","M","M","R","M","R","BOSS","M","$","?","?","?","E","M"],"build_version":"2019-01-23","purchased_purges":1,"victory":false,"max_hp_per_floor":[89,89,89,89,89,89,89,89,89,89,89,89,89,89,89,89,89,89,89,89,89,89,89,89],"card_choices":[{"not_picked":["Barrage","Steam"],"picked":"Redo","floor":1},{"not_picked":["Ball Lightning","Go for the Eyes"],"picked":"BootSequence","floor":2},{"not_picked":["Go for the Eyes","Stack"],"picked":"Rebound","floor":3},{"not_picked":["Rip and Tear","Turbo"],"picked":"Beam Cell","floor":5},{"not_picked":["Redo","Beam Cell"],"picked":"Loop","floor":8},{"not_picked":["Lockon+1","Amplify"],"picked":"Coolheaded","floor":10},{"not_picked":["Force Field","Stack"],"picked":"Streamline+1","floor":11},{"not_picked":["Rebound+1","Aggregate"],"picked":"Undo","floor":12},{"not_picked":["Sweeping Beam+1","Hologram"],"picked":"Chaos","floor":14},{"not_picked":["Thunder Strike+1","Seek"],"picked":"Machine Learning","floor":16},{"not_picked":["Redo","Leap"],"picked":"Sweeping Beam+1","floor":18},{"not_picked":["Loop","Reprogram"],"picked":"Core Surge+1","floor":23}],"player_experience":187185,"relics_obtained":[{"floor":9,"key":"Molten Egg 2"},{"floor":23,"key":"Bottled Tornado"},{"floor":23,"key":"Bird Faced Urn"}],"event_choices":[{"cards_removed":["Strike_B"],"damage_healed":0,"gold_gain":0,"player_choice":"Card Removal","damage_taken":7,"max_hp_gain":0,"max_hp_loss":0,"event_name":"Golden Wing","floor":4,"gold_loss":0},{"damage_healed":0,"gold_gain":0,"player_choice":"Read","damage_taken":0,"max_hp_gain":0,"max_hp_loss":0,"event_name":"The Library","floor":20,"gold_loss":0,"cards_obtained":["Glacier"]},{"damage_healed":0,"gold_gain":0,"player_choice":"Ignored","damage_taken":0,"max_hp_gain":0,"max_hp_loss":0,"event_name":"Beggar","floor":21,"gold_loss":0}],"is_beta":false,"boss_relics":[{"not_picked":["Runic Dome","Coffee Dripper"],"picked":"Black Star"}],"items_purged_floors":[19],"is_endless":false,"potions_floor_spawned":[5,7,10,12,23],"killed_by":"3 Byrds","ascension_level":2}