{"gold_per_floor":[361,379,379,14,14,14,33,33,58,58,91,101,126,301,301,403,403,378,281,293,392,392,392,404,420,443,443,459,479,479,204,204,204],"floor_reached":33,"playtime":2289,"items_purged":["Regret","Defend_G","Shame"],"score":268,"play_id":"472a59f6-541c-4d04-848f-994383049f2f","local_time":"20190402173017","is_ascension_mode":true,"campfire_choices":[{"data":"Neutralize","floor":6,"key":"SMITH"},{"floor":8,"key":"RECALL"},{"data":"Survivor","floor":10,"key":"SMITH"},{"data":"Sucker Punch","floor":15,"key":"SMITH"},{"data":"Envenom","floor":23,"key":"SMITH"},{"floor":27,"key":"REST"},{"floor":30,"key":"REST"},{"data":"Infinite Blades","floor":32,"key":"SMITH"}],"neow_cost":"CURSE","seed_source_timestamp":8735389521440,"circlet_count":0,"master_deck":["Defend_G","Defend_G","Defend_G","Defend_G","Strike_G","Strike_G","Strike_G","Strike_G","Survivor+1","Neutralize+1","Dagger Throw","Backstab","Backflip","Cloak And Dagger","Sucker Punch+1","Envenom+1","Malaise","Infinite Blades","Blade Dance","Dash","Flying Knee","Quick Slash+1","Cloak And Dagger+1","Dodge and Roll+1","Infinite Blades+1","Burst"],"relics":["Ring of the Snake","Meat on the Bone","Juzu Bracelet","PreservedInsect","Smiling Mask","Empty Cage","Letter Opener","Bag of Marbles"],"potions_floor_usage":[16,16,16,18,25,28,29],"damage_taken":[{"damage":2,"enemies":"2 Louse","floor":1,"turns":5},{"damage":0,"enemies":"Small Slimes","floor":2,"turns":3},{"damage":0,"enemies":"Cultist","floor":7,"turns":3},{"damage":10,"enemies":"3 Sentries","floor":11,"turns":11},{"damage":1,"enemies":"Looter","floor":12,"turns":2},{"damage":21,"enemies":"Lagavulin","floor":13,"turns":6},{"damage":15,"enemies":"The Guardian","floor":16,"turns":12},{"damage":19,"enemies":"2 Thieves","floor":18,"turns":5},{"damage":10,"enemies":"3 Byrds","floor":20,"turns":7},{"damage":12,"enemies":"Snake Plant","floor":24,"turns":8},{"damage":59,"enemies":"3 Cultists","floor":25,"turns":7},{"damage":16,"enemies":"Shelled Parasite and Fungi","floor":28,"turns":9},{"damage":2,"enemies":"Snecko","floor":29,"turns":4},{"damage":75,"enemies":"Automaton","floor":33,"turns":12}],"seed_played":"5669272637744115053","potions_obtained":[{"floor":11,"key":"LiquidBronze"},{"floor":12,"key":"Regen Potion"},{"floor":13,"key":"SneckoOil"},{"floor":16,"key":"Fruit Juice"},{"floor":18,"key":"Regen Potion"},{"floor":20,"key":"Ancient Potion"},{"floor":25,"key":"AttackPotion"}],"is_trial":false,"path_per_floor":["?","?","?","?","?"],"character_chosen":"THE_SILENT","items_purchased":["Meat on the Bone","Backstab","Blade Dance","Infinite Blades","Burst"],"campfire_rested":2,"item_purchase_floors":[4,4,19,31,31],"current_hp_per_floor":[68,68,73,73,73,73,73,73,73,73,63,62,41,41,41,46,80,61,61,51,51,51,51,51,16,16,40,36,46,70,70,70,0],"gold":204,"neow_bonus":"TWO_FIFTY_GOLD","is_prod":false,"is_daily":false,"chose_seed":false,"campfire_upgraded":5,"win_rate":0,"timestamp":1554240617,"path_taken":["M","M","?","$","?","R","M","R","T","R","E","M","E","?","R","BOSS","M","$","M","?","?","R","M","M","T","R","M","M","R","$","R","BOSS"],"build_version":"2019-01-23","purchased_purges":3,"victory":false,"max_hp_per_floor":[70,70,75,75,75,75,75,75,75,75,75,75,75,75,75,80,80,80,80,80,80,80,80,80,80,80,80,80,80,80,80,80,80],"card_choices":[{"not_picked":["Eviscerate","Acrobatics"],"picked":"Dagger Throw","floor":1},{"not_picked":["Catalyst","Caltrops"],"picked":"Blade Dance","floor":2},{"not_picked":["Calculated Gamble","Deadly Poison"],"picked":"Backflip","floor":7},{"not_picked":["Crippling Poison","Dagger Spray"],"picked":"Cloak And Dagger","floor":11},{"not_picked":["PiercingWail","Concentrate"],"picked":"Sucker Punch","floor":12},{"not_picked":["Cloak And Dagger","Reflex"],"picked":"Envenom","floor":13},{"not_picked":["Bullet Time","Envenom"],"picked":"Malaise","floor":16},{"not_picked":["Setup","Caltrops"],"picked":"Infinite Blades","floor":18},{"not_picked":["Underhanded Strike+1","Bane"],"picked":"Dash","floor":20},{"not_picked":["Underhanded Strike","Dodge and Roll"],"picked":"Flying Knee","floor":24},{"not_picked":["Tactician","Blur"],"picked":"Quick Slash+1","floor":25},{"not_picked":["PiercingWail","Acrobatics+1"],"picked":"Cloak And Dagger+1","floor":28},{"not_picked":["Crippling Poison","Catalyst"],"picked":"Dodge and Roll+1","floor":29}],"player_experience":106006,"relics_obtained":[{"floor":11,"key":"PreservedInsect"},{"floor":13,"key":"Smiling Mask"},{"floor":26,"key":"Bag of Marbles"}],"event_choices":[{"damage_healed":0,"gold_gain":0,"player_choice":"Donut","damage_taken":0,"max_hp_gain":5,"max_hp_loss":0,"event_name":"Big Fish","floor":3,"gold_loss":0},{"cards_removed":["Blade Dance"],"damage_healed":0,"gold_gain":0,"player_choice":"Gave Card","damage_taken":0,"relics_obtained":["Juzu Bracelet"],"max_hp_gain":0,"max_hp_loss":0,"event_name":"WeMeetAgain","floor":5,"gold_loss":0},{"damage_healed":0,"gold_gain":175,"player_choice":"AGREE","damage_taken":0,"max_hp_gain":0,"max_hp_loss":0,"event_name":"Liars Game","floor":14,"gold_loss":0,"cards_obtained":["Doubt"]},{"damage_healed":0,"gold_gain":99,"player_choice":"Stole From Cult","damage_taken":0,"max_hp_gain":0,"max_hp_loss":0,"event_name":"Nest","floor":21,"gold_loss":0},{"damage_healed":0,"gold_gain":0,"player_choice":"Stole Relic","damage_taken":0,"relics_obtained":["Letter Opener"],"max_hp_gain":0,"max_hp_loss":0,"event_name":"Addict","floor":22,"gold_loss":0,"cards_obtained":["Shame"]}],"is_beta":false,"boss_relics":[{"not_picked":["White Beast Statue","Eternal Feather"],"picked":"Empty Cage"}],"items_purged_floors":[4,19,31],"is_endless":false,"potions_floor_spawned":[11,12,13,16,18,20,25],"killed_by":"Automaton","ascension_level":1}