{"gold_per_floor":[119,134,9,23,33,33,51,51,78,98,115,129,161,174,174,174],"floor_reached":16,"playtime":979,"items_purged":[],"score":108,"play_id":"2d1aa4d1-402f-4467-99a1-e1e7adf0646e","local_time":"20190331174600","is_ascension_mode":false,"campfire_choices":[{"floor":6.0,"key":"RECALL"},{"floor":15,"key":"REST"}],"neow_cost":"NONE","seed_source_timestamp":0,"circlet_count":0,"master_deck":["Defend_G","Defend_G","Defend_G","Defend_G","Defend_G","Strike_G","Strike_G","Strike_G","Strike_G","Strike_G","Survivor","Neutralize","Backstab","Footwork","Riddle With Holes","Sucker Punch","Concentrate","Deflect","Malaise","Deadly Poison","Deflect"],"special_seed":0,"relics":["Ring of the Snake","Blood Vial"],"potions_floor_usage":[13,16],"damage_taken":[{"damage":0.0,"enemies":"Cultist","floor":1.0,"turns":4.0},{"damage":2.0,"enemies":"Jaw Worm","floor":2.0,"turns":4.0},{"damage":1.0,"enemies":"Small Slimes","floor":4.0,"turns":3.0},{"damage":0.0,"enemies":"Exordium Wildlife","floor":5.0,"turns":2.0},{"damage":7.0,"enemies":"Exordium Thugs","floor":7.0,"turns":5.0},{"damage":9.0,"enemies":"2 Fungi Beasts","floor":10.0,"turns":4.0},{"damage":4.0,"enemies":"Lots of Slimes","floor":11.0,"turns":6.0},{"damage":2,"enemies":"Looter","floor":12,"turns":4},{"damage":34,"enemies":"Lagavulin","floor":13,"turns":9},{"damage":8,"enemies":"Exordium Wildlife","floor":14,"turns":3},{"damage":32,"enemies":"Slime Boss","floor":16,"turns":7}],"seed_played":"-2550731702696303531","potions_obtained":[{"floor":1.0,"key":"FearPotion"},{"floor":4.0,"key":"LiquidBronze"},{"floor":7.0,"key":"SneckoOil"},{"floor":10.0,"key":"FearPotion"},{"floor":13,"key":"SpeedPotion"}],"is_trial":false,"path_per_floor":["M","?","M"],"character_chosen":"THE_SILENT","items_purchased":["Riddle With Holes","Block Potion"],"campfire_rested":1,"item_purchase_floors":[3,3],"current_hp_per_floor":[77,75,75,74,74,74,67,67,67,58,54,52,18,12,35,5],"gold":174,"neow_bonus":"TEN_PERCENT_HP_BONUS","is_prod":false,"is_daily":false,"chose_seed":false,"campfire_upgraded":0,"win_rate":0,"timestamp":1554068760,"path_taken":["M","?","$","M","M","R","M","?","T","M","?","M","E","M","R","BOSS"],"build_version":"2019-01-23","purchased_purges":0,"victory":false,"max_hp_per_floor":[77,77,77,77,77,77,77,77,77,77,77,77,77,77,77,77],"card_choices":[{"not_picked":["Acrobatics","Backflip"],"picked":"Backstab","floor":1.0},{"not_picked":["Distraction","Setup"],"picked":"Footwork","floor":2.0},{"not_picked":["Flechettes","Outmaneuver"],"picked":"Sucker Punch","floor":4.0},{"not_picked":["Masterful Stab","Blade Dance"],"picked":"Concentrate","floor":5.0},{"not_picked":["Quick Slash","Flechettes"],"picked":"Deflect","floor":7.0},{"not_picked":["Prepared","Dodge and Roll"],"picked":"Malaise","floor":10.0},{"not_picked":["Acrobatics","Reflex"],"picked":"Deadly Poison","floor":11.0},{"not_picked":["Expertise","Bouncing Flask"],"picked":"Deflect","floor":12},{"not_picked":["Prepared","Tactician","Skewer"],"picked":"SKIP","floor":13},{"not_picked":["Slice","Outmaneuver","Poisoned Stab"],"picked":"SKIP","floor":14}],"player_experience":97514,"relics_obtained":[{"floor":13,"key":"Blood Vial"}],"event_choices":[{"damage_healed":0.0,"max_hp_gain":0.0,"max_hp_loss":0.0,"gold_gain":0.0,"event_name":"NoteForYourself","player_choice":"Ignored","floor":8.0,"gold_loss":0.0,"damage_taken":0.0}],"is_beta":false,"boss_relics":[],"items_purged_floors":[],"is_endless":false,"potions_floor_spawned":[1,4,7,10,13],"killed_by":"Slime Boss","ascension_level":0}