{"path_per_floor":["M","M","?","M","M","R","M","R","T","$","$","R","M","M","R","B",null,"M","M","M","M","M","R","$","M","T","E","R","M","?","M","R"],"character_chosen":"DEFECT","items_purchased":["Vajra","Thread and Needle","Blood Vial"],"gold_per_floor":[368,387,462,475,491,491,508,508,508,363,3,3,17,29,29,131,161,172,185,196,207,217,217,69,79,103,135,135,145,145,158,158,158],"floor_reached":33,"campfire_rested":2,"playtime":1633,"item_purchase_floors":[10,11,24],"current_hp_per_floor":[67,67,56,48,34,34,15,15,22,22,22,22,22,18,18,18,71,59,58,48,43,15,15,15,10,10,5,31,33,33,35,61,0],"items_purged":["Doubt"],"gold":158,"score":504,"play_id":"92e934fd-fb95-47be-8683-c0aa6fedc003","local_time":"20180526192932","is_prod":false,"is_daily":false,"chose_seed":false,"is_ascension_mode":true,"campfire_upgraded":5,"win_rate":0,"timestamp":1527355772,"campfire_choices":[{"data":"Rip and Tear","floor":6,"key":"SMITH"},{"data":"Sweeping Beam","floor":8,"key":"SMITH"},{"data":"Rip and Tear","floor":12,"key":"SMITH"},{"data":"Beam Cell","floor":15,"key":"SMITH"},{"data":"Chill","floor":23,"key":"SMITH"},{"floor":28,"key":"REST"},{"floor":32,"key":"REST"}],"path_taken":["M","M","?","M","?","R","M","R","T","?","$","R","?","M","R","BOSS","M","M","M","M","M","R","$","M","T","E","R","M","?","?","R","BOSS"],"build_version":"2018-05-25","seed_source_timestamp":625105345809898,"purchased_purges":1,"victory":false,"master_deck":["Strike_B","Strike_B","Strike_B+1","Defend_B","Defend_B","Defend_B","Defend_B","Zap","Dualcast","AscendersBane","Sweeping Beam+1","Rip and Tear+1","Leap","Ball Lightning","Rip and Tear+1","Beam Cell+1","Cold Snap","Buffer","Auto Shields","Auto Shields","Chill+1","Cold Snap","Double Energy","Steam","Redo+1"],"max_hp_per_floor":[75,75,75,75,75,75,75,75,82,82,82,82,82,82,82,82,87,87,87,87,87,87,87,87,87,87,87,87,87,87,87,87,87],"relics":["Cracked Core","Strawberry","Vajra","Thread and Needle","Tiny House","Blood Vial","Oddly Smooth Stone","Bag of Marbles"],"card_choices":[{"not_picked":["Storm","Barrage"],"picked":"Sweeping Beam","floor":1},{"not_picked":["Barrage","White Noise"],"picked":"Rip and Tear","floor":2},{"not_picked":["White Noise","Defragment"],"picked":"Leap","floor":4},{"not_picked":["Barrage","Leap"],"picked":"Ball Lightning","floor":5},{"not_picked":["Rebound","Redo"],"picked":"Rip and Tear","floor":7},{"not_picked":["Force Field","Turbo"],"picked":"Beam Cell","floor":13},{"not_picked":["Compile Driver","Streamline"],"picked":"Cold Snap","floor":14},{"not_picked":["Meteor Strike","Reboot"],"picked":"Buffer","floor":16},{"not_picked":["Compile Driver","Glacier"],"picked":"Auto Shields","floor":17},{"not_picked":["Consume","Gash","Barrage"],"picked":"SKIP","floor":18},{"not_picked":["Coolheaded","Leap"],"picked":"Auto Shields","floor":19},{"not_picked":["Redo","Coolheaded","Loop"],"picked":"SKIP","floor":20},{"not_picked":["Streamline","Cold Snap","Rip and Tear"],"picked":"SKIP","floor":21},{"not_picked":["Hologram","Stack"],"picked":"Chill","floor":22},{"not_picked":["Conserve Battery","Leap"],"picked":"Cold Snap","floor":25},{"not_picked":["Reinforced Body","Loop"],"picked":"Double Energy","floor":27},{"not_picked":["Rebound","Hello World"],"picked":"Steam","floor":29},{"not_picked":["Sweeping Beam","Lockon"],"picked":"Redo+1","floor":31}],"player_experience":137978,"potions_floor_usage":[2,18,20,20,21,22,27,27,31],"damage_taken":[{"damage":1,"enemies":"Cultist","floor":1,"turns":3},{"damage":0,"enemies":"2 Louse","floor":2,"turns":2},{"damage":8,"enemies":"Small Slimes","floor":4,"turns":2},{"damage":14,"enemies":"Exordium Thugs","floor":5,"turns":5},{"damage":19,"enemies":"Gremlin Gang","floor":7,"turns":4},{"damage":0,"enemies":"Blue Slaver","floor":13,"turns":3},{"damage":4,"enemies":"Red Slaver","floor":14,"turns":2},{"damage":0,"enemies":"Hexaghost","floor":16,"turns":7},{"damage":12,"enemies":"2 Thieves","floor":18,"turns":4},{"damage":1,"enemies":"Spheric Guardian","floor":19,"turns":3},{"damage":10,"enemies":"Slaver and Parasite","floor":20,"turns":6},{"damage":5,"enemies":"Centurion and Healer","floor":21,"turns":6},{"damage":28,"enemies":"Snake Plant","floor":22,"turns":6},{"damage":7,"enemies":"Sentry and Sphere","floor":25,"turns":5},{"damage":7,"enemies":"Slavers","floor":27,"turns":6},{"damage":0,"enemies":"Centurion and Healer","floor":29,"turns":5},{"damage":0,"enemies":"Cultist and Chosen","floor":31,"turns":5},{"damage":76,"enemies":"Collector","floor":33,"turns":7}],"relics_obtained":[{"floor":9,"key":"Strawberry"},{"floor":26,"key":"Oddly Smooth Stone"},{"floor":27,"key":"Bag of Marbles"}],"event_choices":[{"event_name":"World of Goop","player_choice":"Gather Gold","floor":3,"damage_taken":0},{"event_name":"Purifier","player_choice":"One Purge","floor":30,"damage_taken":0}],"boss_relics":[{"not_picked":["Eternal Feather","Astrolabe"],"picked":"Tiny House"}],"items_purged_floors":[11],"potions_floor_spawned":[1,7,14,19,20,22,25,27],"seed_played":"-3757300328703334578","killed_by":"Collector","ascension_level":12,"potions_obtained":[{"floor":1,"key":"Poison Potion"},{"floor":7,"key":"LiquidBronze"},{"floor":14,"key":"Block Potion"},{"floor":17,"key":"SteroidPotion"},{"floor":19,"key":"PowerPotion"},{"floor":20,"key":"Block Potion"},{"floor":22,"key":"EssenceOfSteel"},{"floor":25,"key":"Fire Potion"},{"floor":27,"key":"AttackPotion"}],"is_trial":false}