{"gold_per_floor":[113,132,132,27,127,127,145,145,191,191,225,225,225,245,245,373,373,388,388,378,378,378,378,388,421,476,487,487,487],"floor_reached":29,"playtime":2180,"items_purged":[],"score":266,"play_id":"4cc7bf50-a03d-402d-b142-9730b505f650","local_time":"20190323190658","is_ascension_mode":false,"campfire_choices":[{"data":"Well Laid Plans","floor":6,"key":"SMITH"},{"floor":8,"key":"REST"},{"floor":13,"key":"REST"},{"floor":15,"key":"REST"},{"floor":23,"key":"REST"},{"floor":28,"key":"REST"}],"neow_cost":"NONE","seed_source_timestamp":3695778822154,"circlet_count":0,"master_deck":["Defend_G","Defend_G","Defend_G+1","Defend_G","Defend_G","Strike_G","Strike_G","Strike_G","Strike_G","Strike_G","Survivor","Neutralize","Blur","Blade Dance+1","Well Laid Plans+1","Bouncing Flask","Dodge and Roll","Deadly Poison","Poisoned Stab","Envenom","Dagger Spray","Bane","Slice","Flechettes+1","Bane+1"],"relics":["Velvet Choker","Bloody Idol","War Paint","Happy Flower","Pear","Nloth\u0027s Gift","Shuriken","Pen Nib"],"potions_floor_usage":[16,16,27,27],"damage_taken":[{"damage":0,"enemies":"2 Louse","floor":1,"turns":4},{"damage":0,"enemies":"Cultist","floor":2,"turns":5},{"damage":0,"enemies":"Small Slimes","floor":7,"turns":3},{"damage":37,"enemies":"Gremlin Nob","floor":11,"turns":5},{"damage":0,"enemies":"Exordium Wildlife","floor":14,"turns":4},{"damage":49,"enemies":"Slime Boss","floor":16,"turns":14},{"damage":13,"enemies":"Spheric Guardian","floor":18,"turns":4},{"damage":19,"enemies":"2 Thieves","floor":20,"turns":4},{"damage":15,"enemies":"Shelled Parasite and Fungi","floor":24,"turns":7},{"damage":58,"enemies":"Book of Stabbing","floor":25,"turns":7},{"damage":7,"enemies":"3 Cultists","floor":27,"turns":4},{"damage":50,"enemies":"Cultist and Chosen","floor":29,"turns":5}],"seed_played":"7622388681827279721","potions_obtained":[{"floor":2,"key":"Swift Potion"},{"floor":7,"key":"LiquidBronze"},{"floor":20,"key":"Explosive Potion"},{"floor":25,"key":"Explosive Potion"}],"is_trial":false,"path_per_floor":["?","?","M","?","T","M","?","M","?","?","M"],"character_chosen":"THE_SILENT","items_purchased":["Well Laid Plans","Bouncing Flask"],"campfire_rested":5,"item_purchase_floors":[4,4],"current_hp_per_floor":[70,70,53,53,53,53,53,70,70,75,38,48,73,73,85,36,85,72,72,53,53,53,78,68,15,20,18,43,0],"gold":487,"neow_bonus":"BOSS_RELIC","is_prod":false,"is_daily":false,"chose_seed":false,"campfire_upgraded":1,"win_rate":0.0,"timestamp":1553382418,"path_taken":["M","M","?","$","?","R","?","R","T","?","E","?","R","?","R","BOSS","M","?","?","?","?","R","M","E","T","?","R","M"],"build_version":"2019-01-23","purchased_purges":0,"victory":false,"max_hp_per_floor":[70,70,70,70,70,70,70,70,70,75,75,85,85,85,85,85,85,85,85,85,85,85,85,85,85,85,85,85,85],"card_choices":[{"not_picked":["Acrobatics","Eviscerate"],"picked":"Blur","floor":1},{"not_picked":["Dagger Spray","Skewer"],"picked":"Blade Dance","floor":2},{"not_picked":["Tools of the Trade","Choke"],"picked":"Dodge and Roll","floor":7},{"not_picked":["Deflect","Dodge and Roll"],"picked":"Deadly Poison","floor":11},{"not_picked":["Skewer","Underhanded Strike"],"picked":"Poisoned Stab","floor":14},{"not_picked":["Phantasmal Killer","Tools of the Trade"],"picked":"Envenom","floor":16},{"not_picked":["Expertise","PiercingWail"],"picked":"Dagger Spray","floor":18},{"not_picked":["Die Die Die","PiercingWail"],"picked":"Bane","floor":20},{"not_picked":["Dagger Throw","Flying Knee"],"picked":"Slice","floor":24},{"not_picked":["Acrobatics","Backstab"],"picked":"Flechettes+1","floor":25},{"not_picked":["Prepared","Caltrops+1"],"picked":"Bane+1","floor":27}],"player_experience":26598,"relics_obtained":[{"floor":9,"key":"War Paint"},{"floor":11,"key":"Happy Flower"},{"floor":12,"key":"Pear"},{"floor":25,"key":"Shuriken"},{"floor":26,"key":"Pen Nib"}],"event_choices":[{"damage_healed":0,"gold_gain":0,"player_choice":"Take Damage","damage_taken":17,"relics_obtained":["Golden Idol"],"max_hp_gain":0,"max_hp_loss":0,"event_name":"Golden Idol","floor":3,"gold_loss":0},{"damage_healed":0,"gold_gain":100,"player_choice":"Pray","damage_taken":0,"max_hp_gain":0,"max_hp_loss":0,"event_name":"Golden Shrine","floor":5,"gold_loss":0},{"damage_healed":0,"gold_gain":0,"player_choice":"Donut","damage_taken":0,"max_hp_gain":5,"max_hp_loss":0,"event_name":"Big Fish","floor":10,"gold_loss":0},{"damage_healed":0,"gold_gain":0,"player_choice":"Traded Relic","damage_taken":0,"relics_obtained":["Nloth\u0027s Gift"],"max_hp_gain":0,"max_hp_loss":0,"event_name":"N\u0027loth","floor":19,"relics_lost":["Snecko Eye"],"gold_loss":0},{"damage_healed":0,"gold_gain":0,"player_choice":"Gave Idol","damage_taken":0,"relics_obtained":["Bloody Idol"],"max_hp_gain":0,"max_hp_loss":0,"event_name":"Forgotten Altar","floor":21,"relics_lost":["Golden Idol"],"gold_loss":0},{"damage_healed":0,"gold_gain":0,"player_choice":"Ignored","damage_taken":0,"max_hp_gain":0,"max_hp_loss":0,"event_name":"Beggar","floor":22,"gold_loss":0}],"is_beta":false,"boss_relics":[{"not_picked":["Runic Dome","Astrolabe"],"picked":"Snecko Eye"}],"items_purged_floors":[],"is_endless":false,"potions_floor_spawned":[2,7,20,25],"killed_by":"Cultist and Chosen","ascension_level":0}