{"gold_per_floor":[118,135,149,164,164,164,190,205,205,205,223,237,133,133,133,230,230,241,241,166,177,177,177,205,220,220,235,267,267,281,281,281,281],"floor_reached":33,"playtime":2967,"items_purged":["Defend_R"],"score":372,"play_id":"5752c15e-775e-4f3e-a1ce-40197fd0cb00","local_time":"20190408214015","is_ascension_mode":true,"campfire_choices":[{"data":"Armaments","floor":6.0,"key":"SMITH"},{"data":"True Grit","floor":10.0,"key":"SMITH"},{"data":"Searing Blow","floor":15.0,"key":"SMITH"},{"data":"Immolate","floor":23.0,"key":"SMITH"},{"data":"Whirlwind","floor":29,"key":"SMITH"},{"floor":32,"key":"REST"}],"neow_cost":"NONE","seed_source_timestamp":0,"circlet_count":0,"master_deck":["Defend_R","Defend_R","Defend_R","Bash+1","Anger","Ghostly Armor","Armaments+1","Searing Blow+1","True Grit+1","Whirlwind+1","Inflame","Shockwave","Immolate+1","Armaments+1","Bite","Bite","Bite","Bite","Bite","Inflame","Havoc+1","Shrug It Off","Corruption"],"special_seed":0,"relics":["Burning Blood","Turnip","Bird Faced Urn","Mark of Pain","FaceOfCleric","Champion Belt","Ginger","Pear","Girya"],"potions_floor_usage":[28,28,33,33],"damage_taken":[{"damage":8.0,"enemies":"Small Slimes","floor":1.0,"turns":4.0},{"damage":1.0,"enemies":"Cultist","floor":2.0,"turns":3.0},{"damage":9.0,"enemies":"2 Louse","floor":3.0,"turns":3.0},{"damage":16.0,"enemies":"Red Slaver","floor":4.0,"turns":6.0},{"damage":29.0,"enemies":"Gremlin Nob","floor":7.0,"turns":4.0},{"damage":0.0,"enemies":"3 Louse","floor":8.0,"turns":3.0},{"damage":17.0,"enemies":"Lots of Slimes","floor":11.0,"turns":4.0},{"damage":2.0,"enemies":"2 Fungi Beasts","floor":12.0,"turns":4.0},{"damage":44.0,"enemies":"The Guardian","floor":16.0,"turns":12.0},{"damage":0.0,"enemies":"3 Byrds","floor":18.0,"turns":4.0},{"damage":17.0,"enemies":"Shell Parasite","floor":21.0,"turns":5.0},{"damage":36.0,"enemies":"Slavers","floor":24.0,"turns":3.0},{"damage":34.0,"enemies":"Centurion and Healer","floor":25.0,"turns":6.0},{"damage":13,"enemies":"Snecko","floor":27,"turns":5},{"damage":45,"enemies":"Book of Stabbing","floor":28,"turns":6},{"damage":19,"enemies":"Cultist and Chosen","floor":30,"turns":5},{"damage":81,"enemies":"Automaton","floor":33,"turns":6}],"seed_played":"5540371047770687442","potions_obtained":[{"floor":0.0,"key":"AttackPotion"},{"floor":0.0,"key":"Dexterity Potion"},{"floor":0.0,"key":"SteroidPotion"},{"floor":8.0,"key":"LiquidBronze"},{"floor":11.0,"key":"BloodPotion"},{"floor":12.0,"key":"EssenceOfSteel"},{"floor":16.0,"key":"SneckoOil"},{"floor":27,"key":"Regen Potion"},{"floor":28,"key":"Block Potion"},{"floor":30,"key":"GamblersBrew"}],"is_trial":false,"path_per_floor":["M","M","M","M","?","R","E","M","T","R","M","M","$","?","R","B",null,"M","?","$","M","?","R","E","M","T","M","E","R","M","?","R","B"],"character_chosen":"IRONCLAD","items_purchased":["Inflame","Shockwave"],"campfire_rested":1,"item_purchase_floors":[13,13],"current_hp_per_floor":[78,80,77,67,67,67,44,50,50,50,39,51,51,51,51,15,80,80,56,56,49,49,49,32,24,24,31,36,36,35,35,56,0],"gold":281,"neow_bonus":"THREE_SMALL_POTIONS","is_prod":false,"is_daily":false,"chose_seed":false,"campfire_upgraded":5,"win_rate":0,"timestamp":1554777615,"path_taken":["M","M","M","M","?","R","E","M","T","R","M","M","$","?","R","BOSS","M","?","$","M","?","R","E","M","T","?","E","R","M","?","R","BOSS"],"build_version":"2019-01-23","purchased_purges":1,"victory":false,"max_hp_per_floor":[80,80,80,80,80,80,80,80,80,80,80,80,80,80,80,80,80,80,56,56,56,56,56,57,58,58,59,70,70,71,71,71,71],"card_choices":[{"not_picked":["Twin Strike","Headbutt"],"picked":"Anger","floor":1.0},{"not_picked":["Anger","Heavy Blade"],"picked":"Ghostly Armor","floor":2.0},{"not_picked":["Pommel Strike","Wild Strike"],"picked":"Armaments","floor":3.0},{"not_picked":["Brutality","Thunderclap"],"picked":"Pommel Strike","floor":4.0},{"not_picked":["Iron Wave","Perfected Strike"],"picked":"Searing Blow","floor":7.0},{"not_picked":["Clash","Armaments"],"picked":"True Grit","floor":8.0},{"not_picked":["Anger","Dropkick"],"picked":"Whirlwind","floor":11.0},{"not_picked":["Pommel Strike","Anger","Intimidate"],"picked":"SKIP","floor":12.0},{"not_picked":["Brutality","Offering"],"picked":"Immolate","floor":16.0},{"not_picked":["Clash","Carnage"],"picked":"Armaments+1","floor":18.0},{"not_picked":["Thunderclap","Evolve"],"picked":"Inflame","floor":21.0},{"not_picked":["Cleave+1","Ghostly Armor"],"picked":"Havoc+1","floor":24.0},{"not_picked":["Armaments","Clash","Iron Wave+1"],"picked":"SKIP","floor":25.0},{"not_picked":["Thunderclap+1","Sentinel+1"],"picked":"Shrug It Off","floor":27},{"not_picked":["Metallicize+1","Intimidate"],"picked":"Corruption","floor":28},{"not_picked":["Carnage","Burning Pact","Brutality"],"picked":"SKIP","floor":30}],"player_experience":216302,"relics_obtained":[{"floor":7.0,"key":"Turnip"},{"floor":9.0,"key":"Bird Faced Urn"},{"floor":24.0,"key":"Champion Belt"},{"floor":26.0,"key":"Ginger"},{"floor":28,"key":"Pear"}],"event_choices":[{"damage_healed":0.0,"max_hp_gain":0.0,"max_hp_loss":0.0,"gold_gain":0.0,"event_name":"Living Wall","player_choice":"Grow","floor":5.0,"gold_loss":0.0,"damage_taken":0.0,"cards_upgraded":["Bash"]},{"cards_removed":["Strike_R"],"damage_healed":0.0,"max_hp_gain":0.0,"max_hp_loss":0.0,"gold_gain":0.0,"event_name":"Bonfire Elementals","player_choice":"Offered Basic","floor":14.0,"gold_loss":0.0,"damage_taken":0.0},{"damage_healed":0.0,"max_hp_gain":0.0,"max_hp_loss":24.0,"gold_gain":0.0,"event_name":"Vampires","player_choice":"Became a vampire","floor":19.0,"gold_loss":0.0,"damage_taken":0.0,"cards_obtained":["Bite","Bite","Bite","Bite","Bite"]},{"damage_healed":0.0,"max_hp_gain":0.0,"max_hp_loss":0.0,"gold_gain":0.0,"event_name":"FaceTrader","player_choice":"Trade","floor":22.0,"gold_loss":0.0,"damage_taken":0.0,"relics_obtained":["FaceOfCleric"]},{"cards_removed":["Pommel Strike"],"damage_healed":0,"gold_gain":0,"player_choice":"Gave Card","damage_taken":0,"relics_obtained":["Girya"],"max_hp_gain":0,"max_hp_loss":0,"event_name":"WeMeetAgain","floor":31,"gold_loss":0}],"is_beta":false,"boss_relics":[{"not_picked":["Runic Pyramid","Runic Dome"],"picked":"Mark of Pain"}],"items_purged_floors":[20],"is_endless":false,"potions_floor_spawned":[8,11,12,16,27,28,30],"killed_by":"Automaton","ascension_level":4}