{"gold_per_floor":[363,363,23,43,53,53,68,94,94,94,94,104,115,134,134,230,230,247,522,116,135,39,39,39,39,64,64,64,64,82,100,100,196,196,213,213,34,49,61,61,11,11,11,11,11,27,27,46,46,46,46,46,10,43,43],"floor_reached":55,"playtime":3755,"items_purged":["Regret","Regret","Pain"],"score":667,"play_id":"e2078ff2-acd7-479a-8897-e109578621ff","local_time":"20190330122844","is_ascension_mode":false,"campfire_choices":[{"floor":6,"key":"REST"},{"floor":11,"key":"REST"},{"floor":15,"key":"RECALL"},{"data":"Neutralize","floor":23,"key":"SMITH"},{"floor":29,"key":"REST"},{"data":"Footwork","floor":32,"key":"SMITH"},{"data":"Accuracy","floor":40,"key":"SMITH"},{"data":"Accuracy","floor":42,"key":"SMITH"},{"data":"Sucker Punch","floor":44,"key":"SMITH"},{"floor":49,"key":"REST"},{"data":"Deflect","floor":52,"key":"SMITH"}],"neow_cost":"PERCENT_DAMAGE","seed_source_timestamp":50730908029596,"circlet_count":0,"master_deck":["Defend_G+1","Defend_G+1","Defend_G+1","Defend_G+1","Defend_G+1","Strike_G+1","Strike_G+1","Strike_G+1","Strike_G+1","Strike_G+1","Survivor","Neutralize+1","Deflect+1","Cloak And Dagger+1","Flying Knee","Poisoned Stab+1","Cloak And Dagger+1","Accuracy+1","Well Laid Plans","Outmaneuver+1","Acrobatics+1","Bullet Time+1","Sucker Punch+1","Dagger Throw","Concentrate+1","Blade Dance+1","Accuracy+1","Writhe","Footwork+1","Blade Dance+1","Backstab+1","Blade Dance+1","Madness+1","Madness+1","Dash","Deflect+1"],"relics":["Ring of the Snake","Bag of Preparation","Toxic Egg 2","Shuriken","Meat on the Bone","Busted Crown","Ornamental Fan","Nilry\u0027s Codex","Bronze Scales","Cursed Key","WarpedTongs","Mercury Hourglass"],"potions_floor_usage":[8,31,33,33,33,50,55],"damage_taken":[{"damage":0,"enemies":"Small Slimes","floor":1,"turns":3},{"damage":0,"enemies":"Jaw Worm","floor":4,"turns":3},{"damage":0,"enemies":"Cultist","floor":5,"turns":3},{"damage":11,"enemies":"Red Slaver","floor":7,"turns":4},{"damage":18,"enemies":"Lagavulin","floor":8,"turns":8},{"damage":0,"enemies":"Blue Slaver","floor":12,"turns":2},{"damage":0,"enemies":"3 Louse","floor":13,"turns":3},{"damage":0,"enemies":"2 Fungi Beasts","floor":14,"turns":3},{"damage":10,"enemies":"Slime Boss","floor":16,"turns":7},{"damage":7,"enemies":"Shell Parasite","floor":18,"turns":4},{"damage":0,"enemies":"3 Byrds","floor":21,"turns":4},{"damage":11,"enemies":"3 Cultists","floor":30,"turns":5},{"damage":0,"enemies":"Sentry and Sphere","floor":31,"turns":3},{"damage":8,"enemies":"Champ","floor":33,"turns":9},{"damage":0,"enemies":"3 Shapes","floor":35,"turns":4},{"damage":0,"enemies":"Orb Walker","floor":38,"turns":3},{"damage":0,"enemies":"Maw","floor":39,"turns":5},{"damage":0,"enemies":"Transient","floor":46,"turns":5},{"damage":6,"enemies":"Writhing Mass","floor":48,"turns":5},{"damage":47,"enemies":"Donu and Deca","floor":50,"turns":10},{"damage":16,"enemies":"Shield and Spear","floor":54,"turns":5},{"damage":87,"enemies":"The Heart","floor":55,"turns":5}],"seed_played":"-176678443094051648","potions_obtained":[{"floor":7,"key":"Fire Potion"},{"floor":14,"key":"Energy Potion"},{"floor":16,"key":"SkillPotion"},{"floor":18,"key":"SteroidPotion"},{"floor":21,"key":"AttackPotion"},{"floor":31,"key":"LiquidBronze"},{"floor":54,"key":"FearPotion"}],"is_trial":false,"path_per_floor":["?","?","?","M","$","?","?","?","?","$","M","?","T"],"character_chosen":"THE_SILENT","items_purchased":["Toxic Egg 2","Cloak And Dagger+1","Dagger Throw","Ornamental Fan","Blade Dance+1","Accuracy","Blade Dance+1","Weak Potion","Dash"],"campfire_rested":4,"item_purchase_floors":[3,3,20,20,22,22,37,41,53],"current_hp_per_floor":[49,49,49,49,49,70,59,41,41,27,48,48,48,48,48,38,70,63,63,63,63,63,63,47,47,47,47,47,68,57,57,57,49,70,70,70,70,70,70,70,70,70,70,70,61,61,61,55,70,35,70,70,70,54,0],"gold":43,"neow_bonus":"TWO_FIFTY_GOLD","is_prod":false,"is_daily":false,"chose_seed":false,"campfire_upgraded":6,"win_rate":0,"timestamp":1553963324,"path_taken":["M","?","$","M","M","R","M","E","T","?","R","M","M","M","R","BOSS","M","?","$","?","?","R","?","?","T","?","$","R","M","M","R","BOSS","M","?","?","?","M","R","$","R","T","R","?","M","?","M","R","BOSS","R","$","E","BOSS"],"build_version":"2019-01-23","purchased_purges":3,"victory":false,"max_hp_per_floor":[70,70,70,70,70,70,70,70,70,70,70,70,70,70,70,70,70,70,70,70,70,70,70,70,70,70,70,70,70,70,70,70,70,70,70,70,70,70,70,70,70,70,70,70,70,70,70,70,70,70,70,70,70,70,70],"card_choices":[{"not_picked":["Poisoned Stab","Deadly Poison"],"picked":"Deflect","floor":1},{"not_picked":["Distraction+1","Bouncing Flask+1"],"picked":"Flying Knee","floor":4},{"not_picked":["Flying Knee","Blur+1"],"picked":"Poisoned Stab","floor":5},{"not_picked":["Infinite Blades","Calculated Gamble+1"],"picked":"Cloak And Dagger+1","floor":7},{"not_picked":["Crippling Poison+1","Blur+1"],"picked":"Accuracy","floor":8},{"not_picked":["Acrobatics+1","Setup+1"],"picked":"Well Laid Plans","floor":12},{"not_picked":["Acrobatics+1","Prepared+1"],"picked":"Outmaneuver+1","floor":13},{"not_picked":["Quick Slash","Poisoned Stab"],"picked":"Acrobatics+1","floor":14},{"not_picked":["Wraith Form v2","Tools of the Trade"],"picked":"Bullet Time+1","floor":16},{"not_picked":[],"picked":"Sucker Punch","floor":18},{"not_picked":[],"picked":"Concentrate+1","floor":21},{"not_picked":[],"picked":"Footwork","floor":30},{"not_picked":[],"picked":"Blade Dance+1","floor":31},{"not_picked":[],"picked":"Backstab+1","floor":35},{"not_picked":["Concentrate+1"],"picked":"SKIP","floor":38},{"not_picked":["Bouncing Flask+1"],"picked":"SKIP","floor":39},{"not_picked":["Slice+1"],"picked":"SKIP","floor":46},{"not_picked":["Underhanded Strike+1"],"picked":"SKIP","floor":48},{"not_picked":[],"picked":"Deflect+1","floor":54}],"player_experience":93072,"relics_obtained":[{"floor":8,"key":"Shuriken"},{"floor":9,"key":"Meat on the Bone"},{"floor":24,"key":"Nilry\u0027s Codex"},{"floor":54,"key":"Mercury Hourglass"}],"event_choices":[{"damage_healed":0,"gold_gain":0,"player_choice":"Box","damage_taken":0,"relics_obtained":["Bag of Preparation"],"max_hp_gain":0,"max_hp_loss":0,"event_name":"Big Fish","floor":2,"gold_loss":0,"cards_obtained":["Regret"]},{"damage_healed":0,"gold_gain":0,"player_choice":"Entered Light","damage_taken":14,"max_hp_gain":0,"max_hp_loss":0,"event_name":"Shining Light","floor":10,"gold_loss":0,"cards_upgraded":["Strike_G","Poisoned Stab"]},{"damage_healed":0,"gold_gain":275,"player_choice":"Desecrate","damage_taken":0,"max_hp_gain":0,"max_hp_loss":0,"event_name":"Golden Shrine","floor":19,"gold_loss":0,"cards_obtained":["Regret"]},{"damage_healed":0,"gold_gain":0,"player_choice":"Obtained Book","damage_taken":16,"max_hp_gain":0,"max_hp_loss":0,"event_name":"Cursed Tome","floor":24,"gold_loss":0},{"damage_healed":0,"gold_gain":0,"player_choice":"Simplicity","damage_taken":0,"max_hp_gain":0,"max_hp_loss":0,"event_name":"Back to Basics","floor":25,"gold_loss":0,"cards_upgraded":["Defend_G","Defend_G","Defend_G","Defend_G","Defend_G","Strike_G","Strike_G","Strike_G","Strike_G"]},{"damage_healed":0,"gold_gain":0,"player_choice":"Opened","damage_taken":0,"relics_obtained":["Bronze Scales"],"max_hp_gain":0,"max_hp_loss":0,"event_name":"The Mausoleum","floor":27,"gold_loss":0,"cards_obtained":["Writhe"]},{"damage_healed":0,"gold_gain":0,"player_choice":"Rummage","damage_taken":0,"relics_obtained":["WarpedTongs"],"max_hp_gain":0,"max_hp_loss":0,"event_name":"Accursed Blacksmith","floor":36,"gold_loss":0,"cards_obtained":["Pain"]},{"damage_healed":0,"gold_gain":0,"player_choice":"Embrace Madness","damage_taken":9,"max_hp_gain":0,"max_hp_loss":0,"event_name":"Winding Halls","floor":45,"gold_loss":0,"cards_obtained":["Madness","Madness"]}],"is_beta":false,"boss_relics":[{"not_picked":["Runic Pyramid","Empty Cage"],"picked":"Busted Crown"},{"not_picked":["Fusion Hammer","Ring of the Serpent"],"picked":"Cursed Key"}],"items_purged_floors":[3,20,37],"is_endless":false,"potions_floor_spawned":[7,14,16,18,21,31,54],"killed_by":"The Heart","ascension_level":0}