{"gold_per_floor":[15,31,31,31,31,31,42,42,42,62,72,72,72,104,116,224,236,268,307,338,282,307,319],"floor_reached":23,"playtime":1087,"items_purged":[],"score":201,"play_id":"66f8fe08-d53f-49bc-aa4a-0370e26f6a3c","local_time":"20190216231617","is_ascension_mode":true,"campfire_choices":[{"data":"Bash","floor":6,"key":"SMITH"},{"data":"Dual Wield","floor":12,"key":"SMITH"},{"data":"Strike_R+1","floor":15,"key":"PURGE"}],"neow_cost":"NO_GOLD","seed_source_timestamp":658629937002425,"circlet_count":0,"master_deck":["Strike_R+1","Strike_R","Strike_R","Strike_R","Defend_R","Defend_R","Defend_R","Defend_R","Bash+1","Body Slam+1","Dropkick","Dual Wield+1","Double Tap","Flex+1"],"relics":["Burning Blood","Peace Pipe","Kunai","MawBank","Sozu","Red Mask","Vajra"],"potions_floor_usage":[16,19],"damage_taken":[{"damage":2,"enemies":"2 Louse","floor":1,"turns":3},{"damage":0,"enemies":"Small Slimes","floor":2,"turns":3},{"damage":0,"enemies":"Cultist","floor":7,"turns":2},{"damage":10,"enemies":"Exordium Wildlife","floor":10,"turns":4},{"damage":27,"enemies":"Lots of Slimes","floor":11,"turns":5},{"damage":31,"enemies":"Lagavulin","floor":14,"turns":8},{"damage":14,"enemies":"Hexaghost","floor":16,"turns":8},{"damage":9,"enemies":"Shell Parasite","floor":18,"turns":5},{"damage":33,"enemies":"Masked Bandits","floor":19,"turns":4},{"damage":0,"enemies":"Chosen","floor":20,"turns":3},{"damage":43,"enemies":"Shelled Parasite and Fungi","floor":22,"turns":5},{"damage":26,"enemies":"Book of Stabbing","floor":23,"turns":3}],"seed_played":"1215662619787619909","potions_obtained":[{"floor":14,"key":"Poison Potion"},{"floor":16,"key":"PowerPotion"}],"is_trial":false,"path_per_floor":["M","M","?","?","?","R","M","?","T","M","M","R","?","E","R","B",null,"M","?","M","?","M","E"],"character_chosen":"IRONCLAD","items_purchased":[],"campfire_rested":0,"item_purchase_floors":[],"current_hp_per_floor":[80,80,64,64,64,64,70,70,70,66,45,45,71,46,46,38,80,77,50,56,56,19,0],"gold":319,"neow_bonus":"ONE_RARE_RELIC","is_prod":false,"is_daily":false,"chose_seed":false,"campfire_upgraded":2,"win_rate":0,"timestamp":1550376977,"path_taken":["M","M","?","?","?","R","?","?","T","?","M","R","?","E","R","BOSS","M","?","M","?","?","E"],"build_version":"2019-01-23","purchased_purges":0,"victory":false,"max_hp_per_floor":[80,80,80,80,80,80,80,80,80,80,80,80,80,80,80,80,80,80,80,80,80,80,80],"card_choices":[{"not_picked":["Warcry","Cleave","Heavy Blade"],"picked":"SKIP","floor":1},{"not_picked":["Dual Wield","Anger"],"picked":"Body Slam","floor":2},{"not_picked":["Hemokinesis","Sword Boomerang"],"picked":"Dropkick","floor":7},{"not_picked":["Body Slam","Heavy Blade"],"picked":"Dual Wield","floor":10},{"not_picked":["Bludgeon","Armaments","Wild Strike"],"picked":"SKIP","floor":11},{"not_picked":["Iron Wave","Heavy Blade"],"picked":"Double Tap","floor":14},{"not_picked":["Iron Wave","Combust"],"picked":"Flex+1","floor":18},{"not_picked":["Ghostly Armor","Sword Boomerang","Anger"],"picked":"SKIP","floor":20},{"not_picked":["Carnage","Impervious","Heavy Blade"],"picked":"SKIP","floor":22}],"player_experience":798869,"relics_obtained":[{"floor":9,"key":"Kunai"},{"floor":14,"key":"MawBank"},{"floor":19,"key":"Red Mask"}],"event_choices":[{"damage_healed":0,"gold_gain":0,"player_choice":"Entered Light","damage_taken":16,"max_hp_gain":0,"max_hp_loss":0,"event_name":"Shining Light","floor":3,"gold_loss":0,"cards_upgraded":["Strike_R","Strike_R"]},{"damage_healed":0,"gold_gain":0,"player_choice":"Leave","damage_taken":0,"max_hp_gain":0,"max_hp_loss":0,"event_name":"The Cleric","floor":4,"gold_loss":0},{"damage_healed":0,"gold_gain":0,"player_choice":"Forge","damage_taken":0,"max_hp_gain":0,"max_hp_loss":0,"event_name":"Accursed Blacksmith","floor":5,"gold_loss":0,"cards_upgraded":["Body Slam"]},{"damage_healed":0,"gold_gain":0,"player_choice":"0 cards matched","damage_taken":0,"max_hp_gain":0,"max_hp_loss":0,"event_name":"Match and Keep!","floor":8,"gold_loss":0,"cards_obtained":[]},{"damage_healed":26,"gold_gain":0,"player_choice":"Banana","damage_taken":0,"max_hp_gain":0,"max_hp_loss":0,"event_name":"Big Fish","floor":13,"gold_loss":0},{"damage_healed":0,"gold_gain":0,"player_choice":"Fought Bandits","damage_taken":0,"max_hp_gain":0,"max_hp_loss":0,"event_name":"Masked Bandits","floor":19,"gold_loss":0},{"damage_healed":0,"gold_gain":0,"player_choice":"Paid Gold","damage_taken":0,"relics_obtained":["Vajra"],"max_hp_gain":0,"max_hp_loss":0,"event_name":"WeMeetAgain","floor":21,"gold_loss":68}],"is_beta":false,"boss_relics":[{"not_picked":["White Beast Statue","Runic Dome"],"picked":"Sozu"}],"items_purged_floors":[],"is_endless":false,"potions_floor_spawned":[14,16,19,22],"killed_by":"Book of Stabbing","ascension_level":1}