{"gold_per_floor":[114,114,129,144,144,144,159,189,264,264,279,294,71,86,86,186,186,201,216,141,156,171,201,201,216,266,278,250,277,339,366,378,490,502,529,1540,1177,1177,756,786,786,801,826,841,871,886,886,886,886,886],"floor_reached":51,"playtime":3284,"items_purged":[],"score":981,"play_id":"45e325a5-d13b-436a-9502-7c0a4be83fd9","local_time":"20181224003829","daily_mods":["Insanity","Colorless Cards","Lethality"],"is_ascension_mode":false,"campfire_choices":[{"data":"Mind Blast","floor":6,"key":"SMITH"},{"data":"Mind Blast","floor":10,"key":"SMITH"},{"data":"Setup","floor":15,"key":"SMITH"},{"data":"Concentrate","floor":24,"key":"SMITH"},{"data":"Backflip","floor":27,"key":"SMITH"},{"floor":32,"key":"REST"},{"floor":47,"key":"REST"},{"floor":49,"key":"REST"}],"neow_cost":"","seed_source_timestamp":165793713818635,"circlet_count":0,"master_deck":["PiercingWail","Sucker Punch","Quick Slash+1","Finisher","Concentrate+1","Setup+1","Dagger Spray","PiercingWail","Poisoned Stab","Reflex","Underhanded Strike","Blind","Dark Shackles","Expertise","Dodge and Roll","Concentrate+1","Catalyst","Mind Blast+1","Terror","Reflex","Discovery","Flying Knee","Concentrate+1","Deadly Poison","Sucker Punch","Sucker Punch","Acrobatics","Bane","Escape Plan","PiercingWail","PiercingWail","Skewer","Dagger Spray","Leg Sweep","Poisoned Stab","Flash of Steel","Flying Knee","Blade Dance","Slice","Dagger Spray","Backflip+1","All Out Attack","Acrobatics","Accuracy","Dagger Throw","PiercingWail","Cloak And Dagger","Masterful Stab","Setup","Deflect","Bouncing Flask","Mind Blast+1","All Out Attack","Poisoned Stab","Crippling Poison","Deadly Poison","Poisoned Stab","Adrenaline","Deadly Poison","Swift Strike","Enlightenment","Dagger Throw+1","Discovery","Deadly Poison","Crippling Poison","Setup+1","Dark Shackles","Sadistic Nature","PiercingWail+1","Normality","Normality","Master of Strategy","Deadly Poison","Mayhem","Terror","Blur+1","Apotheosis","Escape Plan+1","Dagger Throw+1","Mind Blast+1"],"special_seed":17889,"relics":["Ring of the Snake","Blood Vial","Darkstone Periapt","Membership Card","Orrery","PreservedInsect","Singing Bowl","MawBank","Fusion Hammer","Whetstone","Bag of Preparation","Medical Kit","Potion Belt","Torii","Lee\u0027s Waffle","Shuriken","Boot","Paper Crane"],"potions_floor_usage":[33,33,50,50],"damage_taken":[{"damage":0,"enemies":"2 Louse","floor":1,"turns":3},{"damage":0,"enemies":"Cultist","floor":3,"turns":1},{"damage":0,"enemies":"Small Slimes","floor":4,"turns":1},{"damage":1,"enemies":"Gremlin Gang","floor":7,"turns":2},{"damage":0,"enemies":"3 Sentries","floor":8,"turns":4},{"damage":0,"enemies":"Exordium Wildlife","floor":11,"turns":1},{"damage":0,"enemies":"Large Slime","floor":12,"turns":1},{"damage":0,"enemies":"2 Fungi Beasts","floor":14,"turns":1},{"damage":12,"enemies":"Hexaghost","floor":16,"turns":7},{"damage":0,"enemies":"2 Thieves","floor":18,"turns":1},{"damage":0,"enemies":"Spheric Guardian","floor":19,"turns":1},{"damage":0,"enemies":"Snake Plant","floor":21,"turns":1},{"damage":0,"enemies":"Centurion and Healer","floor":22,"turns":1},{"damage":0,"enemies":"Book of Stabbing","floor":23,"turns":1},{"damage":3,"enemies":"Shelled Parasite and Fungi","floor":25,"turns":2},{"damage":0,"enemies":"Snake Plant","floor":29,"turns":1},{"damage":16,"enemies":"Chosen and Byrds","floor":31,"turns":2},{"damage":35,"enemies":"Collector","floor":33,"turns":5},{"damage":5,"enemies":"3 Darklings","floor":35,"turns":2},{"damage":0,"enemies":"Nemesis","floor":40,"turns":1},{"damage":0,"enemies":"Orb Walker","floor":42,"turns":1},{"damage":0,"enemies":"Sphere and 2 Shapes","floor":44,"turns":2},{"damage":12,"enemies":"Giant Head","floor":45,"turns":4},{"damage":0,"enemies":"3 Darklings","floor":46,"turns":2},{"damage":62,"enemies":"Donu and Deca","floor":50,"turns":8}],"seed_played":"9132729475110724367","potions_obtained":[{"floor":2,"key":"AttackPotion"},{"floor":2,"key":"SmokeBomb"},{"floor":2,"key":"GamblersBrew"},{"floor":3,"key":"AttackPotion"},{"floor":7,"key":"Block Potion"},{"floor":16,"key":"SkillPotion"},{"floor":19,"key":"GhostInAJar"},{"floor":33,"key":"Weak Potion"},{"floor":35,"key":"Explosive Potion"},{"floor":45,"key":"LiquidBronze"},{"floor":46,"key":"Explosive Potion"}],"is_trial":false,"path_per_floor":["M","?","M","M","$","R","M","E","T","R","M","M","$","M","R","B",null,"M","M","$","M","M","E","R","M","T","R","?","M","?","M","R","B",null,"M","?","$","?","$","E","?","M","T","M","E","M","R","?","R","B",null],"character_chosen":"THE_SILENT","items_purchased":["Deadly Poison","Membership Card","PreservedInsect","Whetstone","Bag of Preparation","Medical Kit","Master of Strategy","Deadly Poison","Potion Belt","Torii","Lee\u0027s Waffle","Mayhem"],"campfire_rested":3,"item_purchase_floors":[13,13,20,37,37,37,37,37,39,39,39,39],"current_hp_per_floor":[70,70,70,70,70,70,69,69,69,69,70,70,70,70,70,58,70,70,70,70,70,70,72,72,71,71,71,71,73,73,58,74,39,74,69,81,81,81,93,93,93,93,93,93,81,83,93,93,93,31],"gold":886,"neow_bonus":"","is_prod":false,"is_daily":true,"chose_seed":false,"campfire_upgraded":5,"win_rate":0.0,"timestamp":1545640709,"path_taken":["M","?","M","M","$","R","?","E","T","R","M","M","$","M","R","BOSS","M","M","$","M","M","E","R","?","T","R","?","?","?","?","R","BOSS","M","?","$","?","$","E","?","?","T","M","E","M","R","?","R","BOSS"],"build_version":"2018-12-20","purchased_purges":0,"victory":true,"max_hp_per_floor":[70,70,70,70,70,70,70,70,70,70,70,70,70,70,70,70,70,70,70,70,70,70,72,72,74,74,74,74,74,74,74,74,74,74,74,86,86,86,93,93,93,93,93,93,93,93,93,93,93,93],"card_choices":[{"not_picked":["Choke","Backflip","Deflect"],"picked":"SKIP","floor":1},{"not_picked":["Quick Slash","Eviscerate","Die Die Die"],"picked":"SKIP","floor":3},{"not_picked":["Sucker Punch","Prepared"],"picked":"Bouncing Flask","floor":4},{"not_picked":["Terror","Dramatic Entrance"],"picked":"Mind Blast","floor":7},{"not_picked":["Outmaneuver","Underhanded Strike"],"picked":"All Out Attack","floor":8},{"not_picked":["Cloak And Dagger","Deadly Poison"],"picked":"Poisoned Stab","floor":11},{"not_picked":["Dash","Deflect"],"picked":"Crippling Poison","floor":12},{"not_picked":["Infinite Blades","Sucker Punch"],"picked":"Poisoned Stab","floor":14},{"not_picked":["Grand Finale","Mayhem"],"picked":"Adrenaline","floor":16},{"not_picked":["Blade Dance","Dramatic Entrance"],"picked":"Deadly Poison","floor":17},{"not_picked":["Dodge and Roll","Caltrops"],"picked":"Swift Strike","floor":17},{"not_picked":["Skewer","Sucker Punch"],"picked":"Enlightenment","floor":17},{"not_picked":["Sucker Punch","Expertise"],"picked":"Dagger Throw","floor":17},{"not_picked":["Trip","Expertise+1","Good Instincts"],"picked":"SKIP","floor":18},{"not_picked":["PiercingWail+1","Sucker Punch"],"picked":"Discovery","floor":19},{"not_picked":["Dagger Spray","Acrobatics"],"picked":"Deadly Poison","floor":21},{"not_picked":["Purity","Underhanded Strike"],"picked":"Crippling Poison","floor":22},{"not_picked":["Dodge and Roll","Backflip","Riddle With Holes"],"picked":"Singing Bowl","floor":23},{"not_picked":["Mind Blast","Reflex","Deadly Poison"],"picked":"Singing Bowl","floor":25},{"not_picked":["Chrysalis","Panacea"],"picked":"Setup+1","floor":29},{"not_picked":["Bane","Acrobatics"],"picked":"Dark Shackles","floor":31},{"not_picked":["HandOfGreed","Venomology"],"picked":"Sadistic Nature","floor":33},{"not_picked":["Dodge and Roll+1","Backflip"],"picked":"PiercingWail+1","floor":35},{"not_picked":["Bane","Masterful Stab"],"picked":"Terror","floor":40},{"not_picked":["Dagger Spray+1","Sucker Punch"],"picked":"Blur+1","floor":42},{"not_picked":["Escape Plan","Heel Hook"],"picked":"Apotheosis","floor":44},{"not_picked":["Quick Slash+1","Reflex+1"],"picked":"Escape Plan+1","floor":45},{"not_picked":["Deflect+1","Acrobatics+1"],"picked":"Dagger Throw+1","floor":46}],"player_experience":292094,"relics_obtained":[{"floor":8,"key":"Blood Vial"},{"floor":9,"key":"Darkstone Periapt"},{"floor":23,"key":"Singing Bowl"},{"floor":26,"key":"MawBank"},{"floor":40,"key":"Shuriken"},{"floor":43,"key":"Boot"},{"floor":45,"key":"Paper Crane"}],"event_choices":[{"damage_healed":0,"gold_gain":0,"player_choice":"Got Potions","damage_taken":0,"max_hp_gain":0,"max_hp_loss":0,"event_name":"Lab","floor":2,"gold_loss":0},{"damage_healed":0,"gold_gain":0,"player_choice":"Upgrade","damage_taken":0,"max_hp_gain":0,"max_hp_loss":0,"event_name":"Designer","floor":28,"gold_loss":40,"cards_upgraded":["Concentrate"]},{"damage_healed":0,"gold_gain":100,"player_choice":"Bet on Murderer","damage_taken":0,"max_hp_gain":0,"max_hp_loss":0,"event_name":"The Joust","floor":30,"gold_loss":50},{"damage_healed":0,"gold_gain":999,"player_choice":"Gold","damage_taken":0,"max_hp_gain":0,"max_hp_loss":0,"event_name":"MindBloom","floor":36,"gold_loss":0,"cards_obtained":["Normality","Normality"]},{"damage_healed":0,"gold_gain":0,"player_choice":"Ignored","damage_taken":0,"max_hp_gain":0,"max_hp_loss":0,"event_name":"Tomb of Lord Red Mask","floor":38,"gold_loss":0},{"damage_healed":0,"gold_gain":0,"player_choice":"Upgraded","damage_taken":0,"max_hp_gain":0,"max_hp_loss":0,"event_name":"Upgrade Shrine","floor":41,"gold_loss":0,"cards_upgraded":["Concentrate"]},{"damage_healed":0,"gold_gain":0,"player_choice":"Copied","damage_taken":0,"max_hp_gain":0,"max_hp_loss":0,"event_name":"Duplicator","floor":48,"gold_loss":0,"cards_obtained":["Mind Blast"]}],"is_beta":false,"boss_relics":[{"not_picked":["Ectoplasm","Runic Dome"],"picked":"Orrery"},{"not_picked":["WristBlade","Sozu"],"picked":"Fusion Hammer"}],"items_purged_floors":[],"is_endless":false,"potions_floor_spawned":[3,7,8,14,16,18,19,23,33,35,42,45,46],"ascension_level":0}