{"gold_per_floor":[110,127,127,144,154,154,166,184,207,207,227,243,243,243,243,348,348,364,364,374,127,127,127],"floor_reached":23,"playtime":25415,"items_purged":[],"score":213,"play_id":"888c9751-6276-4278-ad6a-5e2c6ab96698","local_time":"20190318171238","is_ascension_mode":true,"campfire_choices":[{"data":"Zap","floor":6,"key":"SMITH"},{"data":"Redo","floor":10,"key":"SMITH"},{"floor":15,"key":"REST"}],"neow_cost":"NONE","seed_source_timestamp":292001970332373,"circlet_count":0,"master_deck":["Strike_B+1","Strike_B+1","Strike_B+1","Strike_B+1","Defend_B+1","Defend_B+1","Defend_B+1","Defend_B+1","Zap+1","Dualcast","Capacitor","Consume","Hologram","Ball Lightning","Loop","Redo+1","Steam","Steam","Electrodynamics","Hologram","Streamline+1","Conserve Battery"],"relics":["Cracked Core","Juzu Bracelet","Black Star","MealTicket"],"potions_floor_usage":[5,8,11,16],"damage_taken":[{"damage":9,"enemies":"Jaw Worm","floor":1,"turns":3},{"damage":1,"enemies":"Cultist","floor":2,"turns":3},{"damage":2,"enemies":"2 Louse","floor":4,"turns":3},{"damage":17,"enemies":"Gremlin Gang","floor":5,"turns":4},{"damage":1,"enemies":"2 Fungi Beasts","floor":7,"turns":3},{"damage":17,"enemies":"Lots of Slimes","floor":8,"turns":4},{"damage":23,"enemies":"Large Slime","floor":11,"turns":4},{"damage":1,"enemies":"2 Fungi Beasts","floor":12,"turns":3},{"damage":14,"enemies":"The Guardian","floor":16,"turns":8},{"damage":26,"enemies":"Shell Parasite","floor":18,"turns":7},{"damage":25,"enemies":"2 Thieves","floor":20,"turns":3},{"damage":38,"enemies":"Gremlin Leader","floor":23,"turns":3}],"seed_played":"-7263692962771479258","potions_obtained":[{"floor":1,"key":"PowerPotion"},{"floor":2,"key":"FearPotion"},{"floor":5,"key":"Swift Potion"},{"floor":12,"key":"Explosive Potion"},{"floor":13,"key":"Regen Potion"},{"floor":13,"key":"Dexterity Potion"},{"floor":18,"key":"Swift Potion"}],"is_trial":false,"path_per_floor":["M","M","?","M","M","R","M","M","T","R","M","M","?","?","R","B",null,"M","?","M","$","?","E"],"character_chosen":"DEFECT","items_purchased":["Conserve Battery","MealTicket"],"campfire_rested":1,"item_purchase_floors":[21,21],"current_hp_per_floor":[73,72,77,75,58,58,57,40,40,40,17,16,16,16,42,28,87,61,61,36,36,36,0],"gold":127,"neow_bonus":"TEN_PERCENT_HP_BONUS","is_prod":false,"is_daily":false,"chose_seed":false,"campfire_upgraded":2,"win_rate":0,"timestamp":1552954358,"path_taken":["M","M","?","M","M","R","M","M","T","R","M","M","?","?","R","BOSS","M","?","M","$","?","E"],"build_version":"2019-01-23","purchased_purges":0,"victory":false,"max_hp_per_floor":[82,82,87,87,87,87,87,87,87,87,87,87,87,87,87,87,87,87,87,87,87,87,87],"card_choices":[{"not_picked":["Blizzard","Steam Power"],"picked":"Capacitor","floor":1},{"not_picked":["Skim","Compile Driver"],"picked":"Consume","floor":2},{"not_picked":["Sunder","Turbo"],"picked":"Hologram","floor":4},{"not_picked":["Turbo","Leap"],"picked":"Ball Lightning","floor":5},{"not_picked":["Echo Form","Gash"],"picked":"Loop","floor":7},{"not_picked":["Rebound","Blizzard"],"picked":"Redo","floor":8},{"not_picked":["Redo","Stack"],"picked":"Steam","floor":11},{"not_picked":["Lockon","Sunder"],"picked":"Steam","floor":12},{"not_picked":["Reboot","Thunder Strike"],"picked":"Electrodynamics","floor":16},{"not_picked":["Sweeping Beam","Turbo"],"picked":"Hologram","floor":18},{"not_picked":["Rebound","Melter"],"picked":"Streamline+1","floor":20}],"player_experience":1383064,"relics_obtained":[{"floor":9,"key":"Juzu Bracelet"}],"event_choices":[{"damage_healed":0,"gold_gain":0,"player_choice":"Donut","damage_taken":0,"max_hp_gain":5,"max_hp_loss":0,"event_name":"Big Fish","floor":3,"gold_loss":0},{"damage_healed":0,"gold_gain":0,"player_choice":"Got Potions","damage_taken":0,"max_hp_gain":0,"max_hp_loss":0,"event_name":"Lab","floor":13,"gold_loss":0},{"damage_healed":0,"gold_gain":0,"player_choice":"Fled","damage_taken":0,"max_hp_gain":0,"max_hp_loss":0,"event_name":"Scrap Ooze","floor":14,"gold_loss":0},{"damage_healed":0,"gold_gain":0,"player_choice":"Simplicity","damage_taken":0,"max_hp_gain":0,"max_hp_loss":0,"event_name":"Back to Basics","floor":19,"gold_loss":0,"cards_upgraded":["Strike_B","Strike_B","Strike_B","Strike_B","Defend_B","Defend_B","Defend_B","Defend_B"]},{"damage_healed":0,"gold_gain":0,"player_choice":"Ignored","damage_taken":0,"max_hp_gain":0,"max_hp_loss":0,"event_name":"Ghosts","floor":22,"gold_loss":0}],"is_beta":false,"boss_relics":[{"not_picked":["Lizard Tail","Astrolabe"],"picked":"Black Star"}],"items_purged_floors":[],"is_endless":false,"potions_floor_spawned":[1,2,5,12,18],"killed_by":"Gremlin Leader","ascension_level":3}