{"gold_per_floor":[114,189,189,189,204,204,219,249,249,249,249,264,264,279,279,379,379,394,394,394,144,159,189,189,204,204,219,219,249,174,174,174,274,274,289,304,312,327,327,342,342,357,382,412,427,427,427,52,52,52],"floor_reached":50,"playtime":6345,"items_purged":["Strike_R","Strike_R"],"score":660,"play_id":"202a5840-65bc-4798-95f5-834b96837da2","local_time":"20190228152600","daily_mods":["Heirloom","ControlledChaos","Terminal"],"is_ascension_mode":false,"campfire_choices":[{"data":"Body Slam","floor":6,"key":"SMITH"},{"data":"Body Slam","floor":11,"key":"SMITH"},{"data":"Clash","floor":13,"key":"SMITH"},{"data":"Ghostly Armor","floor":15,"key":"SMITH"},{"data":"Barricade","floor":24,"key":"SMITH"},{"data":"Flame Barrier","floor":28,"key":"SMITH"},{"data":"Shrug It Off","floor":32,"key":"SMITH"},{"data":"Strike_R","floor":41,"key":"PURGE"},{"data":"Entrench","floor":47,"key":"SMITH"},{"data":"Strike_R","floor":49,"key":"PURGE"}],"neow_cost":"","seed_source_timestamp":0,"circlet_count":0,"master_deck":["Strike_R","Defend_R+1","Defend_R+1","Defend_R","Defend_R","Bash","Clash+1","Spot Weakness","Impatience","Body Slam+1","Body Slam+1","Inflame","Metallicize","Ghostly Armor+1","Barricade+1","Battle Trance","Heavy Blade+1","Flame Barrier+1","Ghostly Armor","Shrug It Off+1","Heavy Blade+1","Metallicize","Bandage Up","Impervious","Body Slam","Body Slam+1","Entrench+1","Havoc+1","Battle Trance","Disarm+1"],"special_seed":17955,"relics":["Burning Blood","Frozen Eye","Ginger","Turnip","Sundial","Bottled Flame","White Beast Statue","Mummified Hand","Peace Pipe","WingedGreaves","Dead Branch","Lizard Tail","Ice Cream","Gambling Chip","Vajra","Omamori","Membership Card","Molten Egg 2"],"potions_floor_usage":[7,22,23,25,27,29,29,33,37,38,42,44,44,44,44,44,50,50],"damage_taken":[{"damage":0,"enemies":"2 Louse","floor":1,"turns":2},{"damage":0,"enemies":"Jaw Worm","floor":5,"turns":3},{"damage":0,"enemies":"Small Slimes","floor":7,"turns":2},{"damage":5,"enemies":"3 Sentries","floor":8,"turns":6},{"damage":20,"enemies":"Exordium Thugs","floor":12,"turns":5},{"damage":0,"enemies":"Lots of Slimes","floor":14,"turns":4},{"damage":0,"enemies":"Slime Boss","floor":16,"turns":7},{"damage":0,"enemies":"Spheric Guardian","floor":18,"turns":4},{"damage":2,"enemies":"Chosen","floor":22,"turns":4},{"damage":13,"enemies":"Book of Stabbing","floor":23,"turns":5},{"damage":0,"enemies":"Snake Plant","floor":25,"turns":3},{"damage":5,"enemies":"Centurion and Healer","floor":27,"turns":5},{"damage":16,"enemies":"Slavers","floor":29,"turns":4},{"damage":12,"enemies":"Automaton","floor":33,"turns":9},{"damage":11,"enemies":"3 Darklings","floor":35,"turns":6},{"damage":0,"enemies":"3 Shapes","floor":36,"turns":4},{"damage":33,"enemies":"2 Orb Walkers","floor":37,"turns":6},{"damage":6,"enemies":"Writhing Mass","floor":38,"turns":6},{"damage":0,"enemies":"4 Shapes","floor":40,"turns":5},{"damage":6,"enemies":"Jaw Worm Horde","floor":42,"turns":7},{"damage":15,"enemies":"Nemesis","floor":44,"turns":7},{"damage":0,"enemies":"Transient","floor":45,"turns":5},{"damage":60,"enemies":"Donu and Deca","floor":50,"turns":9}],"seed_played":"-2833648165703776253","potions_obtained":[{"floor":5,"key":"FearPotion"},{"floor":12,"key":"Dexterity Potion"},{"floor":16,"key":"Regen Potion"},{"floor":18,"key":"Weak Potion"},{"floor":22,"key":"PowerPotion"},{"floor":23,"key":"AttackPotion"},{"floor":25,"key":"Strength Potion"},{"floor":27,"key":"PowerPotion"},{"floor":29,"key":"Block Potion"},{"floor":33,"key":"Dexterity Potion"},{"floor":35,"key":"FearPotion"},{"floor":37,"key":"EntropicBrew"},{"floor":38,"key":"LiquidBronze"},{"floor":42,"key":"SteroidPotion"},{"floor":44,"key":"SpeedPotion"},{"floor":45,"key":"Ancient Potion"}],"is_trial":false,"path_per_floor":["M","?","?","?","M","R","M","E","T","T","R","M","R","M","R","B",null,"M","?","?","$","M","E","R","M","T","M","R","E","$","?","R","B",null,"M","M","?","M","T","M","R","M","T","E","M","?","R","$","R","B"],"character_chosen":"IRONCLAD","items_purchased":["Mummified Hand","Membership Card","Molten Egg 2"],"campfire_rested":0,"item_purchase_floors":[21,48,48],"current_hp_per_floor":[78,67,52,52,58,58,64,65,65,65,65,51,51,57,57,63,62,61,51,51,51,62,55,55,59,58,57,56,46,46,46,46,44,50,49,48,25,29,29,39,39,42,41,36,39,38,37,36,35,0],"gold":52,"neow_bonus":"","is_prod":false,"is_daily":true,"chose_seed":false,"campfire_upgraded":8,"win_rate":0,"timestamp":1551396360,"path_taken":["M","?","?","?","?","R","?","E","T","?","R","M","R","M","R","BOSS","M","?","?","?","M","E","R","?","T","M","R","E","$","?","R","BOSS","M","?","?","M","?","M","R","?","T","E","M","?","R","$","R","BOSS"],"build_version":"2019-01-23","purchased_purges":2,"victory":false,"max_hp_per_floor":[78,77,76,75,74,73,72,71,70,69,68,67,66,65,64,63,62,61,65,64,63,62,61,60,59,58,57,56,55,54,53,52,51,50,49,48,47,46,45,44,43,42,41,40,39,38,37,36,35,35],"card_choices":[{"not_picked":["Sever Soul","Wild Strike"],"picked":"Clash","floor":1},{"not_picked":["Iron Wave","True Grit"],"picked":"Body Slam","floor":5},{"not_picked":["Cleave","Sword Boomerang"],"picked":"Body Slam","floor":7},{"not_picked":["Pummel","Shrug It Off"],"picked":"Inflame","floor":8},{"not_picked":["True Grit","Juggernaut"],"picked":"Metallicize","floor":12},{"not_picked":["Flex","Iron Wave"],"picked":"Ghostly Armor","floor":14},{"not_picked":["Brutality","Exhume"],"picked":"Barricade","floor":16},{"not_picked":["Clothesline+1","Heavy Blade"],"picked":"Battle Trance","floor":18},{"not_picked":["Havoc","Anger"],"picked":"Heavy Blade+1","floor":22},{"not_picked":["Headbutt","Berserk"],"picked":"Flame Barrier","floor":23},{"not_picked":["Intimidate","Cleave"],"picked":"Ghostly Armor","floor":25},{"not_picked":["Perfected Strike","True Grit+1"],"picked":"Shrug It Off","floor":27},{"not_picked":["Dark Embrace","Second Wind"],"picked":"Heavy Blade+1","floor":29},{"not_picked":["Dark Embrace","Barricade"],"picked":"Impervious","floor":33},{"not_picked":["Heavy Blade+1","Flex+1"],"picked":"Body Slam","floor":35},{"not_picked":["Burning Pact+1","Combust+1"],"picked":"Body Slam+1","floor":36},{"not_picked":["Shrug It Off","Inflame"],"picked":"Entrench","floor":37},{"not_picked":["Iron Wave","Headbutt+1","Clash+1"],"picked":"SKIP","floor":38},{"not_picked":["Headbutt","Shrug It Off"],"picked":"Havoc+1","floor":40},{"not_picked":["Pommel Strike","Thunderclap"],"picked":"Battle Trance","floor":42},{"not_picked":["Rage","Intimidate","Iron Wave+1"],"picked":"SKIP","floor":44},{"not_picked":["Infernal Blade","Pummel"],"picked":"Disarm+1","floor":45}],"player_experience":948016,"relics_obtained":[{"floor":8,"key":"Turnip"},{"floor":9,"key":"Sundial"},{"floor":10,"key":"Bottled Flame"},{"floor":23,"key":"Peace Pipe"},{"floor":26,"key":"WingedGreaves"},{"floor":29,"key":"Dead Branch"},{"floor":37,"key":"Ice Cream"},{"floor":39,"key":"Gambling Chip"},{"floor":43,"key":"Vajra"},{"floor":44,"key":"Omamori"}],"event_choices":[{"damage_healed":0,"gold_gain":75,"player_choice":"Gather Gold","damage_taken":11,"max_hp_gain":0,"max_hp_loss":0,"event_name":"World of Goop","floor":2,"gold_loss":0},{"damage_healed":0,"gold_gain":0,"player_choice":"Entered Light","damage_taken":15,"max_hp_gain":0,"max_hp_loss":0,"event_name":"Shining Light","floor":3,"gold_loss":0,"cards_upgraded":["Defend_R","Defend_R"]},{"damage_healed":0,"gold_gain":0,"player_choice":"2 cards matched","damage_taken":0,"max_hp_gain":0,"max_hp_loss":0,"event_name":"Match and Keep!","floor":4,"gold_loss":0,"cards_obtained":["Spot Weakness","Impatience"]},{"damage_healed":0,"gold_gain":0,"player_choice":"Shed Blood","damage_taken":15,"max_hp_gain":5,"max_hp_loss":0,"event_name":"Forgotten Altar","floor":19,"gold_loss":0},{"damage_healed":0,"gold_gain":0,"player_choice":"Ignored","damage_taken":0,"max_hp_gain":0,"max_hp_loss":0,"event_name":"Vampires","floor":20,"gold_loss":0},{"damage_healed":0,"gold_gain":0,"player_choice":"2 cards matched","damage_taken":0,"max_hp_gain":0,"max_hp_loss":0,"event_name":"Match and Keep!","floor":31,"gold_loss":0,"cards_obtained":["Metallicize","Bandage Up"]},{"damage_healed":0,"gold_gain":0,"player_choice":"Fight","damage_taken":0,"max_hp_gain":0,"max_hp_loss":0,"event_name":"Mysterious Sphere","floor":37,"gold_loss":0},{"damage_healed":0,"gold_gain":0,"player_choice":"Ignored","damage_taken":0,"max_hp_gain":0,"max_hp_loss":0,"event_name":"Tomb of Lord Red Mask","floor":46,"gold_loss":0}],"is_beta":false,"boss_relics":[{"not_picked":["Runic Dome","Black Blood"],"picked":"White Beast Statue"},{"not_picked":["Calling Bell","Empty Cage"],"picked":"Lizard Tail"}],"items_purged_floors":[30,48],"is_endless":false,"potions_floor_spawned":[5,12,16,18,22,23,25,27,29,33,35,36,37,38,40,42,44,45],"killed_by":"Donu and Deca","ascension_level":0}