{"gold_per_floor":[118,118,43,63,36,50,50,81,105,122,141,167,167,180,180,276,276,288,298,298,313,17,17,51,51,51,77,2,29,29,29,29,134,134,144,158,158,158,0,0,18,51,111,123,160,27,27,47,47,47],"floor_reached":50,"playtime":5556,"items_purged":["Strike_G","Strike_G"],"score":833,"play_id":"0d1352e4-7aea-4249-81a6-56454e50acfd","local_time":"20180728025008","is_ascension_mode":true,"campfire_choices":[{"data":"Neutralize","floor":7,"key":"SMITH"},{"data":"Footwork","floor":13,"key":"SMITH"},{"data":"1","floor":15,"key":"LIFT"},{"floor":23,"key":"REST"},{"data":"2","floor":25,"key":"LIFT"},{"data":"3","floor":30,"key":"LIFT"},{"floor":32,"key":"REST"},{"data":"Cloak And Dagger","floor":40,"key":"SMITH"},{"data":"Noxious Fumes","floor":47,"key":"SMITH"},{"data":"Thinking Ahead","floor":49,"key":"SMITH"}],"neow_cost":"TEN_PERCENT_HP_LOSS","seed_source_timestamp":286842727062114,"circlet_count":0,"master_deck":["Defend_G","Survivor","Neutralize+1","Dagger Throw+1","Dagger Spray","Footwork+1","Backstab+1","Blur","Cloak And Dagger+1","Adrenaline","Poisoned Stab+1","A Thousand Cuts+1","Dagger Spray+1","Footwork","Cloak And Dagger+1","PiercingWail","Footwork","PiercingWail+1","Thinking Ahead+1","Cloak And Dagger+1","Writhe","Caltrops","Infinite Blades","Noxious Fumes+1"],"relics":["Ring of the Snake","Bronze Scales","Art of War","Boot","Girya","Astrolabe","Whetstone","Bottled Tornado","Bottled Flame","Oddly Smooth Stone","The Courier","Cursed Key","MawBank","Bag of Preparation","Peace Pipe","Matryoshka"],"potions_floor_usage":[8,12,16,18,21,27,29,45,50,50,50],"damage_taken":[{"damage":0,"enemies":"2 Louse","floor":1,"turns":3},{"damage":0,"enemies":"Jaw Worm","floor":4,"turns":3},{"damage":0,"enemies":"Cultist","floor":6,"turns":3},{"damage":2,"enemies":"Lagavulin","floor":8,"turns":8},{"damage":0,"enemies":"3 Louse","floor":10,"turns":2},{"damage":0,"enemies":"2 Fungi Beasts","floor":11,"turns":2},{"damage":9,"enemies":"3 Sentries","floor":12,"turns":6},{"damage":0,"enemies":"Exordium Wildlife","floor":14,"turns":2},{"damage":7,"enemies":"The Guardian","floor":16,"turns":12},{"damage":0,"enemies":"Shell Parasite","floor":18,"turns":4},{"damage":1,"enemies":"3 Byrds","floor":19,"turns":2},{"damage":40,"enemies":"Snecko","floor":21,"turns":5},{"damage":0,"enemies":"Gremlin Leader","floor":24,"turns":5},{"damage":0,"enemies":"Book of Stabbing","floor":27,"turns":5},{"damage":14,"enemies":"Slavers","floor":29,"turns":4},{"damage":11,"enemies":"Collector","floor":33,"turns":10},{"damage":0,"enemies":"3 Shapes","floor":35,"turns":3},{"damage":0,"enemies":"Flame Bruiser 1 Orb","floor":36,"turns":5},{"damage":0,"enemies":"Spire Growth","floor":41,"turns":4},{"damage":17,"enemies":"2 Orb Walkers","floor":42,"turns":5},{"damage":0,"floor":44,"turns":5},{"damage":0,"enemies":"Giant Head","floor":45,"turns":8},{"damage":0,"enemies":"Sphere and 2 Shapes","floor":48,"turns":4},{"damage":58,"enemies":"Awakened One","floor":50,"turns":12}],"seed_played":"-5617381462241080724","potions_obtained":[{"floor":1,"key":"Strength Potion"},{"floor":10,"key":"PowerPotion"},{"floor":11,"key":"Energy Potion"},{"floor":14,"key":"SkillPotion"},{"floor":16,"key":"Energy Potion"},{"floor":18,"key":"Strength Potion"},{"floor":21,"key":"GamblersBrew"},{"floor":29,"key":"GamblersBrew"},{"floor":35,"key":"SteroidPotion"},{"floor":44,"key":"GhostInAJar"},{"floor":45,"key":"SteroidPotion"}],"is_trial":false,"path_per_floor":["M","?","$","M","$","M","R","E","T","M","M","E","R","M","R","B",null,"M","M","?","M","$","R","E","R","T","E","?","E","R","$","R","B",null,"M","M","?","?","$","R","M","E","T","?","E","$","R","M","R"],"character_chosen":"THE_SILENT","items_purchased":["Dagger Spray","Whetstone","PiercingWail","Thinking Ahead","Caltrops","Infinite Blades","Noxious Fumes"],"campfire_rested":2,"item_purchase_floors":[5,22,22,39,46,46,46],"current_hp_per_floor":[63,45,45,45,45,45,45,43,43,43,43,34,34,34,34,27,54,54,53,53,13,13,31,31,31,31,31,31,17,17,17,35,24,53,53,53,53,63,63,63,63,46,46,46,46,46,46,46,46,0],"gold":47,"neow_bonus":"REMOVE_TWO","is_prod":false,"is_daily":false,"chose_seed":false,"campfire_upgraded":5,"win_rate":0,"timestamp":1532710208,"path_taken":["M","?","$","M","$","M","R","E","T","M","?","E","R","M","R","BOSS","M","M","?","M","$","R","E","R","T","E","?","E","R","?","R","BOSS","M","M","?","?","?","R","M","E","T","?","E","$","R","M","R","BOSS"],"build_version":"2018-07-26","purchased_purges":2,"victory":false,"max_hp_per_floor":[63,63,63,63,63,63,63,63,63,63,63,63,63,63,63,63,63,63,63,63,63,63,63,63,63,63,63,63,63,63,63,63,63,63,63,63,63,63,63,63,63,63,63,63,63,63,63,63,63,63],"card_choices":[{"not_picked":["Dodge and Roll","Dagger Spray"],"picked":"Dash","floor":1},{"not_picked":["PiercingWail","Cloak And Dagger"],"picked":"Dagger Throw","floor":4},{"not_picked":["Crippling Poison","Quick Slash"],"picked":"Footwork","floor":6},{"not_picked":["Caltrops","All Out Attack","Quick Slash"],"picked":"SKIP","floor":8},{"not_picked":["Bane","Prepared","Deadly Poison"],"picked":"SKIP","floor":10},{"not_picked":["Terror","Backflip"],"picked":"Backstab","floor":11},{"not_picked":["Prepared","Calculated Gamble"],"picked":"Blur","floor":12},{"not_picked":["Burst","Deflect"],"picked":"Cloak And Dagger","floor":14},{"not_picked":["Wraith Form v2","Bullet Time"],"picked":"Adrenaline","floor":16},{"not_picked":["Flying Knee+1","Deadly Poison"],"picked":"Dagger Spray+1","floor":18},{"not_picked":["Expertise+1","Flechettes+1"],"picked":"Footwork","floor":19},{"not_picked":["Prepared","Poisoned Stab"],"picked":"Cloak And Dagger+1","floor":21},{"not_picked":["Tactician","Calculated Gamble","Underhanded Strike+1"],"picked":"SKIP","floor":24},{"not_picked":["Predator","Blade Dance"],"picked":"Footwork","floor":27},{"not_picked":["Acrobatics","Flechettes"],"picked":"PiercingWail+1","floor":29},{"not_picked":["Calculated Gamble","Deflect","Acrobatics+1"],"picked":"SKIP","floor":35},{"not_picked":["Sucker Punch","Calculated Gamble","Riddle With Holes+1"],"picked":"SKIP","floor":36},{"not_picked":["Footwork","Finisher"],"picked":"Cloak And Dagger+1","floor":41},{"not_picked":["Deadly Poison+1","Deflect+1","Footwork"],"picked":"SKIP","floor":42},{"not_picked":["Dodge and Roll","Distraction","Outmaneuver"],"picked":"SKIP","floor":45},{"not_picked":["Outmaneuver","Bouncing Flask+1","Crippling Poison"],"picked":"SKIP","floor":48}],"player_experience":178638,"relics_obtained":[{"floor":8,"key":"Art of War"},{"floor":9,"key":"Boot"},{"floor":12,"key":"Girya"},{"floor":24,"key":"Bottled Tornado"},{"floor":26,"key":"Bottled Flame"},{"floor":27,"key":"Oddly Smooth Stone"},{"floor":29,"key":"The Courier"},{"floor":42,"key":"MawBank"},{"floor":43,"key":"Bag of Preparation"},{"floor":44,"key":"Peace Pipe"},{"floor":45,"key":"Matryoshka"}],"event_choices":[{"event_name":"Scrap Ooze","player_choice":"success","floor":2,"damage_taken":18},{"event_name":"Back to Basics","player_choice":"Elegance","floor":20,"damage_taken":0},{"event_name":"Beggar","player_choice":"Gave Gold","floor":28,"damage_taken":0},{"event_name":"Falling","player_choice":"Removed Attack","floor":37,"damage_taken":0},{"event_name":"Bonfire Elementals","player_choice":"UNCOMMON","floor":38,"damage_taken":0},{"event_name":"MindBloom","player_choice":"Fight","floor":44,"damage_taken":0}],"is_beta":false,"boss_relics":[{"not_picked":["Busted Crown","Pandora\u0027s Box"],"picked":"Astrolabe"},{"not_picked":["Snecko Eye","White Beast Statue"],"picked":"Cursed Key"}],"items_purged_floors":[3,22],"is_endless":false,"potions_floor_spawned":[1,10,11,14,16,18,21,29,35,44,45],"killed_by":"Awakened One","ascension_level":6}