{"gold_per_floor":[365,382,401,417,44,70,70,70,97,97,97,123,88,99,99,202,202,219,230,230,230,245,245,245,273,300,300,20,20,20,36,36,137,137,157,0,0,13,23,23,23],"floor_reached":41,"playtime":3052,"items_purged":["Strike_B"],"score":465,"play_id":"36774775-6d03-4bfa-ae7e-440440a78db2","local_time":"20190403160652","is_ascension_mode":true,"campfire_choices":[{"floor":7.0,"key":"REST"},{"floor":10.0,"key":"RECALL"},{"floor":15.0,"key":"REST"},{"floor":23,"key":"REST"},{"floor":27,"key":"REST"},{"data":"Uppercut","floor":32,"key":"SMITH"},{"data":"Consume","floor":40,"key":"SMITH"}],"neow_cost":"PERCENT_DAMAGE","seed_source_timestamp":0,"circlet_count":0,"master_deck":["Strike_B","Strike_B","Defend_B","Defend_B","Defend_B","Defend_B","Zap+1","Dualcast","Cold Snap","Reinforced Body","Genetic Algorithm","Cold Snap","Barrage+1","Redo+1","Sweeping Beam+1","Lockon","Leap","Echo Form","Defragment","Redo","Consume+1","Chaos+1","Glacier","Ghostly","Ghostly","Ghostly","Ghostly","Ghostly","Uppercut+1","Panache","Entrench+1","Trip+1","Double Energy+1"],"special_seed":0,"relics":["Cracked Core","Runic Capacitor","Boot","Juzu Bracelet","Whetstone","Nuclear Battery","Nilry\u0027s Codex","Pantograph","Vajra","PrismaticShard","Eternal Feather","Red Mask"],"potions_floor_usage":[18,25,39,39],"damage_taken":[{"damage":7.0,"enemies":"Small Slimes","floor":1.0,"turns":3.0},{"damage":0.0,"enemies":"2 Louse","floor":2.0,"turns":2.0},{"damage":0.0,"enemies":"Cultist","floor":3.0,"turns":3.0},{"damage":6.0,"enemies":"Blue Slaver","floor":4.0,"turns":5.0},{"damage":16.0,"enemies":"Lagavulin","floor":6.0,"turns":7.0},{"damage":35.0,"enemies":"Gremlin Nob","floor":12.0,"turns":5.0},{"damage":0.0,"enemies":"2 Fungi Beasts","floor":14.0,"turns":2.0},{"damage":42.0,"enemies":"Hexaghost","floor":16.0,"turns":14.0},{"damage":0,"enemies":"Spheric Guardian","floor":18,"turns":1},{"damage":17,"enemies":"3 Byrds","floor":19,"turns":4},{"damage":23,"enemies":"Snake Plant","floor":22,"turns":4},{"damage":32,"enemies":"Slavers","floor":25,"turns":5},{"damage":4,"enemies":"3 Cultists","floor":31,"turns":4},{"damage":3,"enemies":"Collector","floor":33,"turns":14},{"damage":8,"enemies":"3 Darklings","floor":35,"turns":6},{"damage":8,"enemies":"3 Shapes","floor":38,"turns":5},{"damage":6,"enemies":"Sphere and 2 Shapes","floor":39,"turns":8},{"damage":34,"enemies":"Reptomancer","floor":41,"turns":2}],"seed_played":"4671462411108422295","potions_obtained":[{"floor":1.0,"key":"PowerPotion"},{"floor":2.0,"key":"SneckoOil"},{"floor":12.0,"key":"Fire Potion"},{"floor":14.0,"key":"EssenceOfSteel"},{"floor":19,"key":"Ancient Potion"},{"floor":25,"key":"Weak Potion"},{"floor":35,"key":"PowerPotion"},{"floor":39,"key":"Swift Potion"}],"is_trial":false,"path_per_floor":["?","?","?","?","?","?","?","?"],"character_chosen":"DEFECT","items_purchased":["Runic Capacitor","Barrage","Redo","PrismaticShard","Glacier"],"campfire_rested":4,"item_purchase_floors":[5,5,5,28,28],"current_hp_per_floor":[47,47,47,41,41,25,47,40,40,40,40,5,23,23,45,3,75,75,58,42,42,19,41,41,9,9,31,31,31,31,27,27,34,37,29,29,29,21,15,33,0],"gold":23,"neow_bonus":"TWO_FIFTY_GOLD","is_prod":false,"is_daily":false,"chose_seed":false,"campfire_upgraded":2,"win_rate":0,"timestamp":1554322012,"path_taken":["M","M","M","M","$","E","R","?","T","R","?","E","?","M","R","BOSS","M","M","?","?","M","R","$","E","T","R","$","?","?","M","R","BOSS","M","?","$","M","M","R","E"],"build_version":"2019-01-23","purchased_purges":1,"victory":false,"max_hp_per_floor":[75,75,75,75,75,75,75,75,75,75,75,75,75,75,75,75,75,75,75,75,75,75,75,75,75,75,75,75,37,37,37,37,37,37,37,37,37,37,37,37,37],"card_choices":[{"not_picked":["Darkness","Steam"],"picked":"Cold Snap","floor":1.0},{"not_picked":["Steam","Turbo"],"picked":"Reinforced Body","floor":2.0},{"not_picked":["Force Field","Hologram"],"picked":"Genetic Algorithm","floor":3.0},{"not_picked":["Leap","Blizzard"],"picked":"Cold Snap","floor":4.0},{"not_picked":["Streamline","Blizzard"],"picked":"Sweeping Beam","floor":6.0},{"not_picked":["Self Repair","BootSequence"],"picked":"Lockon","floor":12.0},{"not_picked":["Beam Cell","Blizzard"],"picked":"Leap","floor":14.0},{"not_picked":["All For One","Core Surge"],"picked":"Echo Form","floor":16.0},{"not_picked":["Ball Lightning","Self Repair"],"picked":"Defragment","floor":18},{"not_picked":["Hello World","Go for the Eyes"],"picked":"Redo","floor":19},{"not_picked":["Reprogram","Steam"],"picked":"Consume","floor":22},{"not_picked":["Compile Driver+1","Steam"],"picked":"Chaos+1","floor":25},{"not_picked":["Rebound","Heel Hook"],"picked":"Uppercut","floor":31},{"not_picked":["Rainbow","Thinking Ahead"],"picked":"Panache","floor":33},{"not_picked":["Backflip","Headbutt"],"picked":"Entrench+1","floor":35},{"not_picked":["Thunderclap+1","Jack Of All Trades+1"],"picked":"Trip+1","floor":38},{"not_picked":["Discovery+1","Prepared+1"],"picked":"Double Energy+1","floor":39}],"player_experience":109660,"relics_obtained":[{"floor":6.0,"key":"Boot"},{"floor":12.0,"key":"Whetstone"},{"floor":20,"key":"Nilry\u0027s Codex"},{"floor":25,"key":"Pantograph"},{"floor":26,"key":"Vajra"}],"event_choices":[{"damage_healed":0.0,"max_hp_gain":0.0,"max_hp_loss":0.0,"gold_gain":0.0,"event_name":"Scrap Ooze","player_choice":"Success","floor":8.0,"gold_loss":0.0,"damage_taken":7.0,"relics_obtained":["Juzu Bracelet"]},{"damage_healed":0.0,"max_hp_gain":0.0,"max_hp_loss":0.0,"gold_gain":0.0,"event_name":"Living Wall","player_choice":"Grow","floor":11.0,"gold_loss":0.0,"damage_taken":0.0,"cards_upgraded":["Redo"]},{"damage_healed":18.0,"max_hp_gain":0.0,"max_hp_loss":0.0,"gold_gain":0.0,"event_name":"The Cleric","player_choice":"Healed","floor":13.0,"gold_loss":35.0,"damage_taken":0.0},{"damage_healed":0,"gold_gain":0,"player_choice":"Obtained Book","damage_taken":16,"max_hp_gain":0,"max_hp_loss":0,"event_name":"Cursed Tome","floor":20,"gold_loss":0},{"damage_healed":0,"gold_gain":0,"player_choice":"Upgraded","damage_taken":0,"max_hp_gain":0,"max_hp_loss":0,"event_name":"Upgrade Shrine","floor":21,"gold_loss":0,"cards_upgraded":["Zap"]},{"damage_healed":0,"gold_gain":0,"player_choice":"Became a Ghost","damage_taken":0,"max_hp_gain":0,"max_hp_loss":38,"event_name":"Ghosts","floor":29,"gold_loss":0,"cards_obtained":["Ghostly","Ghostly","Ghostly","Ghostly","Ghostly"]},{"cards_removed":["Strike_B"],"damage_healed":0,"gold_gain":0,"player_choice":"Elegance","damage_taken":0,"max_hp_gain":0,"max_hp_loss":0,"event_name":"Back to Basics","floor":30,"gold_loss":0},{"damage_healed":0,"gold_gain":0,"player_choice":"Paid","damage_taken":0,"relics_obtained":["Red Mask"],"max_hp_gain":0,"max_hp_loss":0,"event_name":"Tomb of Lord Red Mask","floor":36,"gold_loss":157}],"is_beta":false,"boss_relics":[{"not_picked":["Philosopher\u0027s Stone","Pandora\u0027s Box"],"picked":"Nuclear Battery"},{"not_picked":["Runic Pyramid","White Beast Statue"],"picked":"Eternal Feather"}],"items_purged_floors":[5],"is_endless":false,"potions_floor_spawned":[1,2,12,14,19,25,35,39],"killed_by":"Reptomancer","ascension_level":1}