{"gold_per_floor":[115,125,125,139,139,139,194,194,194,225,237,35,35,70,70,174,174,191,290,300,300,316,316,316,316],"floor_reached":25,"playtime":1306,"items_purged":["Shame"],"score":230,"play_id":"edfd906e-78a1-4ba3-b1cd-bb90df2abf80","local_time":"20190417144242","is_ascension_mode":true,"campfire_choices":[{"data":"Footwork","floor":6,"key":"SMITH"},{"data":"Noxious Fumes","floor":8,"key":"SMITH"},{"floor":13,"key":"REST"},{"data":"Deadly Poison","floor":15,"key":"SMITH"},{"data":"A Thousand Cuts","floor":23,"key":"SMITH"}],"neow_cost":"CURSE","seed_source_timestamp":157278840296,"circlet_count":0,"master_deck":["Defend_G+1","Defend_G","Defend_G+1","Defend_G","Defend_G","Strike_G","Strike_G","Strike_G","Strike_G","Strike_G","Survivor","Neutralize","Deadly Poison+1","Noxious Fumes+1","Footwork+1","Deflect","Dash","Bouncing Flask","Backflip","PiercingWail","Bane","A Thousand Cuts+1","Writhe","Injury","Regret","Footwork+1","Quick Slash"],"relics":["Ring of the Snake","Dream Catcher","Bottled Tornado","Gremlin Horn","The Courier","Oddly Smooth Stone","Ornamental Fan","Calling Bell","Bag of Marbles","Frozen Egg 2","Tough Bandages"],"potions_floor_usage":[25,25],"damage_taken":[{"damage":11,"enemies":"Cultist","floor":1,"turns":5},{"damage":0,"enemies":"2 Louse","floor":2,"turns":2},{"damage":2,"enemies":"Small Slimes","floor":4,"turns":3},{"damage":4,"enemies":"3 Sentries","floor":7,"turns":8},{"damage":15,"enemies":"Lagavulin","floor":10,"turns":7},{"damage":2,"enemies":"2 Fungi Beasts","floor":11,"turns":4},{"damage":10,"enemies":"Gremlin Nob","floor":14,"turns":4},{"damage":18,"enemies":"Hexaghost","floor":16,"turns":9},{"damage":17,"enemies":"3 Byrds","floor":18,"turns":5},{"damage":12,"enemies":"2 Thieves","floor":20,"turns":5},{"damage":12,"enemies":"Snecko","floor":22,"turns":6},{"damage":31,"enemies":"Colosseum Slavers","floor":24,"turns":5},{"damage":31,"enemies":"Masked Bandits","floor":25,"turns":3}],"seed_played":"-1429879926801471866","potions_obtained":[{"floor":2,"key":"AttackPotion"},{"floor":10,"key":"PowerPotion"},{"floor":16,"key":"Swift Potion"},{"floor":20,"key":"Dexterity Potion"},{"floor":21,"key":"Energy Potion"}],"is_trial":false,"path_per_floor":["T","M","?","?","?","?","M","?","?"],"character_chosen":"THE_SILENT","items_purchased":["Oddly Smooth Stone","Backflip"],"campfire_rested":1,"item_purchase_floors":[12,12],"current_hp_per_floor":[73,73,73,71,54,54,50,50,50,35,33,33,58,48,48,30,84,67,67,55,55,43,43,12,0],"gold":316,"neow_bonus":"TWENTY_PERCENT_HP_BONUS","is_prod":false,"is_daily":false,"chose_seed":false,"campfire_upgraded":4,"win_rate":0,"timestamp":1555526562,"path_taken":["M","M","?","?","?","R","?","R","T","E","M","$","R","E","R","BOSS","M","?","M","?","?","R","?","?"],"build_version":"2019-01-23","purchased_purges":1,"victory":false,"max_hp_per_floor":[84,84,84,84,84,84,84,84,84,84,84,84,84,84,84,84,84,84,84,84,84,84,84,84,84],"card_choices":[{"not_picked":["PiercingWail","Acrobatics"],"picked":"Deadly Poison","floor":1},{"not_picked":["Prepared","Underhanded Strike"],"picked":"Noxious Fumes","floor":2},{"not_picked":["Backstab","Burst"],"picked":"Footwork","floor":4},{"not_picked":["Dagger Throw","Predator"],"picked":"Deflect","floor":7},{"not_picked":["Bane","Expertise"],"picked":"Dash","floor":10},{"not_picked":["Masterful Stab","Dodge and Roll"],"picked":"Bouncing Flask","floor":11},{"not_picked":["Poisoned Stab","Escape Plan"],"picked":"PiercingWail","floor":13},{"not_picked":["Dodge and Roll","Cloak And Dagger"],"picked":"Bane","floor":14},{"not_picked":["Phantasmal Killer","Unload"],"picked":"A Thousand Cuts","floor":16},{"not_picked":["Prepared","Poisoned Stab","Deflect"],"picked":"SKIP","floor":18},{"not_picked":["Dagger Spray","Cloak And Dagger+1"],"picked":"Footwork+1","floor":20},{"not_picked":["Poisoned Stab+1","Bane"],"picked":"Quick Slash","floor":22}],"player_experience":176777,"relics_obtained":[{"floor":3,"key":"Dream Catcher"},{"floor":7,"key":"Bottled Tornado"},{"floor":9,"key":"Gremlin Horn"},{"floor":10,"key":"The Courier"},{"floor":14,"key":"Ornamental Fan"},{"floor":17,"key":"Bag of Marbles"},{"floor":17,"key":"Frozen Egg 2"},{"floor":17,"key":"Tough Bandages"}],"event_choices":[{"damage_healed":0,"gold_gain":0,"player_choice":"Entered Light","damage_taken":17,"max_hp_gain":0,"max_hp_loss":0,"event_name":"Shining Light","floor":5,"gold_loss":0,"cards_upgraded":["Defend_G","Defend_G"]},{"damage_healed":0,"gold_gain":0,"player_choice":"Searched \u00271\u0027 times","damage_taken":0,"max_hp_gain":0,"max_hp_loss":0,"event_name":"Dead Adventurer","floor":7,"gold_loss":0},{"damage_healed":0,"gold_gain":99,"player_choice":"Stole From Cult","damage_taken":0,"max_hp_gain":0,"max_hp_loss":0,"event_name":"Nest","floor":19,"gold_loss":0},{"damage_healed":0,"gold_gain":0,"player_choice":"Got Potions","damage_taken":0,"max_hp_gain":0,"max_hp_loss":0,"event_name":"Lab","floor":21,"gold_loss":0},{"damage_healed":0,"gold_gain":0,"player_choice":"Fight","damage_taken":0,"max_hp_gain":0,"max_hp_loss":0,"event_name":"Colosseum","floor":24,"gold_loss":0},{"damage_healed":0,"gold_gain":0,"player_choice":"Fled From Nobs","damage_taken":0,"max_hp_gain":0,"max_hp_loss":0,"event_name":"Colosseum","floor":24,"gold_loss":0},{"damage_healed":0,"gold_gain":0,"player_choice":"Fought Bandits","damage_taken":0,"max_hp_gain":0,"max_hp_loss":0,"event_name":"Masked Bandits","floor":25,"gold_loss":0}],"is_beta":false,"boss_relics":[{"not_picked":["Pandora\u0027s Box","Eternal Feather"],"picked":"Calling Bell"}],"items_purged_floors":[12],"is_endless":false,"potions_floor_spawned":[2,10,16,20,22],"killed_by":"Masked Bandits","ascension_level":2}