{"gold_per_floor":[115,126,126,51,126,161,171,171,196,0,13,13,30,43,43,143,143,83,83,83,83,83],"floor_reached":22,"playtime":3823,"items_purged":["Strike_B"],"score":287,"play_id":"36912880-99c8-4cae-93f6-2ced1e6089e2","local_time":"20190419181618","is_ascension_mode":true,"campfire_choices":[{"data":"Zap","floor":8,"key":"SMITH"},{"data":"Self Repair","floor":12,"key":"SMITH"},{"data":"Machine Learning","floor":15,"key":"SMITH"}],"neow_cost":"NONE","seed_source_timestamp":10178768221805,"circlet_count":0,"master_deck":["Strike_B","Strike_B","Strike_B","Defend_B","Defend_B","Defend_B","Defend_B","Zap+1","Dualcast","Conserve Battery","Consume","Machine Learning+1","Scrape","Self Repair+1","FTL","Conserve Battery","Ball Lightning","Coolheaded","Sunder","Core Surge","Reprogram","Writhe"],"relics":["Cracked Core","NeowsBlessing","Mercury Hourglass","Juzu Bracelet","Happy Flower","Ectoplasm","Omamori"],"potions_floor_usage":[16,16,22],"damage_taken":[{"damage":0,"enemies":"Cultist","floor":1,"turns":1},{"damage":0,"enemies":"Jaw Worm","floor":2,"turns":1},{"damage":0,"enemies":"3 Sentries","floor":6,"turns":1},{"damage":7,"enemies":"Small Slimes","floor":7,"turns":2},{"damage":13,"enemies":"Gremlin Gang","floor":11,"turns":3},{"damage":10,"enemies":"Looter","floor":13,"turns":3},{"damage":2,"enemies":"2 Fungi Beasts","floor":14,"turns":3},{"damage":0,"enemies":"Slime Boss","floor":16,"turns":6},{"damage":27,"enemies":"2 Thieves","floor":18,"turns":3},{"damage":0,"enemies":"Spheric Guardian","floor":20,"turns":3},{"damage":7,"enemies":"Chosen and Byrds","floor":22,"turns":4}],"seed_played":"67339352385196104","potions_obtained":[{"floor":2,"key":"AttackPotion"},{"floor":6,"key":"AttackPotion"},{"floor":13,"key":"LiquidBronze"},{"floor":16,"key":"Dexterity Potion"},{"floor":20,"key":"Fire Potion"}],"is_trial":false,"path_per_floor":["T","?","$","?","?"],"character_chosen":"DEFECT","items_purchased":["Self Repair","FTL","Conserve Battery"],"campfire_rested":0,"item_purchase_floors":[10,10,10],"current_hp_per_floor":[75,75,75,75,64,64,57,57,57,57,51,51,51,59,59,59,75,58,58,58,58,51],"gold":83,"neow_bonus":"THREE_ENEMY_KILL","is_prod":false,"is_daily":false,"chose_seed":false,"campfire_upgraded":3,"win_rate":0,"timestamp":1555712178,"path_taken":["M","M","?","$","?","E","M","R","T","?","M","R","M","M","R","BOSS","M","?","M","?","M"],"build_version":"2019-01-23","purchased_purges":1,"victory":false,"max_hp_per_floor":[75,75,75,75,75,75,75,75,75,75,75,75,75,75,75,75,75,75,75,75,75,75],"card_choices":[{"not_picked":["Go for the Eyes","Compile Driver"],"picked":"Conserve Battery","floor":1},{"not_picked":["Turbo","Beam Cell"],"picked":"Consume","floor":2},{"not_picked":["Steam","Tempest"],"picked":"Machine Learning","floor":6},{"not_picked":["Compile Driver","Go for the Eyes"],"picked":"Scrape","floor":7},{"not_picked":["Darkness","Go for the Eyes"],"picked":"Ball Lightning","floor":11},{"not_picked":["Leap","Chill"],"picked":"Coolheaded","floor":13},{"not_picked":["Beam Cell","Static Discharge"],"picked":"Sunder","floor":14},{"not_picked":["Biased Cognition","Thunder Strike"],"picked":"Core Surge","floor":16},{"not_picked":["Gash","Recycle","Stack"],"picked":"SKIP","floor":18},{"not_picked":["Melter","Hello World"],"picked":"Reprogram","floor":20}],"player_experience":196072,"relics_obtained":[{"floor":3,"key":"Mercury Hourglass"},{"floor":6,"key":"Juzu Bracelet"},{"floor":9,"key":"Happy Flower"}],"event_choices":[{"damage_healed":0,"gold_gain":75,"player_choice":"Gather Gold","damage_taken":11,"max_hp_gain":0,"max_hp_loss":0,"event_name":"World of Goop","floor":5,"gold_loss":0},{"damage_healed":0,"gold_gain":100,"player_choice":"Pray","damage_taken":0,"max_hp_gain":0,"max_hp_loss":0,"event_name":"Golden Shrine","floor":19,"gold_loss":0},{"damage_healed":0,"gold_gain":0,"player_choice":"Opened","damage_taken":0,"relics_obtained":["Omamori"],"max_hp_gain":0,"max_hp_loss":0,"event_name":"The Mausoleum","floor":21,"gold_loss":0,"cards_obtained":["Writhe"]}],"is_beta":false,"boss_relics":[{"not_picked":["Nuclear Battery","Orrery"],"picked":"Ectoplasm"}],"items_purged_floors":[4],"is_endless":false,"potions_floor_spawned":[2,6,13,16,20],"killed_by":"Chosen and Byrds","ascension_level":2}