{"gold_per_floor":[16,32,51,67,67,101,119,119,167,211,224,259,259,434,434,562,562,585,585,5,18,41,82,82,116,416,416],"floor_reached":27,"playtime":3370,"items_purged":["Strike_R"],"score":338,"play_id":"127cf7d2-b071-4451-b79e-fa594226f21a","local_time":"20180726231116","is_ascension_mode":true,"campfire_choices":[{"data":"Armaments","floor":8,"key":"SMITH"},{"data":"Metallicize","floor":15,"key":"SMITH"},{"data":"Feed","floor":24,"key":"SMITH"}],"neow_cost":"NO_GOLD","seed_source_timestamp":189542135004701,"circlet_count":0,"master_deck":["Strike_R","Strike_R+1","Defend_R","Defend_R","Defend_R","Defend_R","Bash+1","Flame Barrier","Anger","Dropkick","Ghostly Armor","Armaments+1","Battle Trance","Headbutt","True Grit+1","Armaments+1","Wild Strike","Metallicize+1","Offering+1","True Grit+1","Inflame","Master of Strategy+1","Body Slam","Shrug It Off+1","Headbutt","Feed+1","Berserk"],"relics":["Burning Blood","Golden Idol","Whetstone","Omamori","Toxic Egg 2","Vajra","Runic Cube","Toolbox","Regal Pillow","Unceasing Top","Old Coin"],"potions_floor_usage":[10,12,12,12,12,16,22,23,27,27],"damage_taken":[{"damage":0,"enemies":"Jaw Worm","floor":1,"turns":3},{"damage":0,"enemies":"Small Slimes","floor":2,"turns":4},{"damage":0,"enemies":"Cultist","floor":3,"turns":2},{"damage":1,"enemies":"Lots of Slimes","floor":4,"turns":7},{"damage":6,"enemies":"Lagavulin","floor":6,"turns":6},{"damage":0,"enemies":"Looter","floor":7,"turns":2},{"damage":19,"enemies":"3 Sentries","floor":10,"turns":9},{"damage":0,"enemies":"3 Louse","floor":11,"turns":4},{"damage":0,"enemies":"Lagavulin","floor":12,"turns":8},{"damage":40,"enemies":"Hexaghost","floor":16,"turns":9},{"damage":5,"enemies":"Shell Parasite","floor":18,"turns":4},{"damage":5,"enemies":"Chosen","floor":21,"turns":4},{"damage":5,"enemies":"Centurion and Healer","floor":22,"turns":7},{"damage":32,"enemies":"Gremlin Leader","floor":23,"turns":6},{"damage":10,"enemies":"Slavers","floor":25,"turns":6},{"damage":60,"enemies":"Gremlin Leader","floor":27,"turns":7}],"seed_played":"3806600007400924712","potions_obtained":[{"floor":1,"key":"Swift Potion"},{"floor":3,"key":"SpeedPotion"},{"floor":4,"key":"EntropicBrew"},{"floor":19,"key":"Energy Potion"},{"floor":19,"key":"SkillPotion"},{"floor":19,"key":"SteroidPotion"},{"floor":21,"key":"EssenceOfSteel"},{"floor":22,"key":"SpeedPotion"}],"is_trial":false,"path_per_floor":["M","M","M","M","?","E","M","R","T","E","M","E","?","?","R","B",null,"M","?","$","M","M","E","R","E","T"],"character_chosen":"IRONCLAD","items_purchased":["Inflame","Master of Strategy+1","Toolbox","Body Slam"],"campfire_rested":0,"item_purchase_floors":[20,20,20,20],"current_hp_per_floor":[80,80,80,80,60,60,66,66,66,53,59,65,65,65,65,31,80,80,80,80,80,80,54,54,54,54,0],"gold":416,"neow_bonus":"TRANSFORM_TWO_CARDS","is_prod":false,"is_daily":false,"chose_seed":false,"campfire_upgraded":3,"win_rate":0,"timestamp":1532610676,"path_taken":["M","M","M","M","?","E","M","R","T","E","?","E","?","?","R","BOSS","M","?","$","M","M","E","R","E","T","E"],"build_version":"2018-07-19v2","purchased_purges":1,"victory":false,"max_hp_per_floor":[80,80,80,80,80,80,80,80,80,80,80,80,80,80,80,80,80,80,80,80,80,80,80,80,84,84,84],"card_choices":[{"not_picked":["Blood for Blood","Flex"],"picked":"Dropkick","floor":1},{"not_picked":["Clash","Twin Strike"],"picked":"Ghostly Armor","floor":2},{"not_picked":["Twin Strike","Wild Strike"],"picked":"Armaments","floor":3},{"not_picked":["Pommel Strike","Clothesline"],"picked":"Battle Trance","floor":4},{"not_picked":["Rage","Ghostly Armor"],"picked":"Headbutt","floor":6},{"not_picked":["Iron Wave","Hemokinesis"],"picked":"True Grit","floor":7},{"not_picked":["Flex","Corruption"],"picked":"Armaments","floor":10},{"not_picked":["Rupture","Body Slam"],"picked":"Wild Strike","floor":11},{"not_picked":["Sword Boomerang","Armaments+1"],"picked":"Metallicize","floor":12},{"not_picked":["Exhume+1","Demon Form"],"picked":"Offering+1","floor":16},{"not_picked":["Warcry+1","Whirlwind"],"picked":"True Grit+1","floor":18},{"not_picked":["Flex+1","Anger"],"picked":"Shrug It Off+1","floor":21},{"not_picked":["Carnage","Perfected Strike"],"picked":"Headbutt","floor":22},{"not_picked":["Searing Blow+1","Evolve"],"picked":"Feed","floor":23},{"not_picked":["Spot Weakness+1","Havoc+1"],"picked":"Berserk","floor":25}],"player_experience":130600,"relics_obtained":[{"floor":6,"key":"Whetstone"},{"floor":9,"key":"Omamori"},{"floor":10,"key":"Toxic Egg 2"},{"floor":12,"key":"Vajra"},{"floor":23,"key":"Regal Pillow"},{"floor":25,"key":"Unceasing Top"},{"floor":26,"key":"Old Coin"}],"event_choices":[{"event_name":"Golden Idol","player_choice":"Take Damage","floor":5,"damage_taken":0},{"event_name":"Living Wall","player_choice":"Grow","floor":13,"damage_taken":0},{"event_name":"Liars Game","player_choice":"agreed","floor":14,"damage_taken":0},{"event_name":"The Lab","player_choice":"Got Potions","floor":19,"damage_taken":0}],"is_beta":false,"boss_relics":[{"not_picked":["Lizard Tail","Eternal Feather"],"picked":"Runic Cube"}],"items_purged_floors":[20],"is_endless":false,"potions_floor_spawned":[1,3,4,6,21,22],"killed_by":"Gremlin Leader","ascension_level":1}