{"gold_per_floor":[112,112,14,14,27,27,63,63,63,99,99,99,24,57,57,180,180,196,210,210,234,194,194,194],"floor_reached":24,"playtime":1251,"items_purged":["Strike_R"],"score":376,"play_id":"e7bcd5f7-ce12-4442-b9fe-37ba5ff62a8f","local_time":"20190420215311","is_ascension_mode":true,"campfire_choices":[{"data":"Armaments","floor":6,"key":"SMITH"},{"data":"Havoc","floor":8,"key":"SMITH"},{"data":"Bash","floor":12,"key":"SMITH"},{"floor":15,"key":"REST"},{"data":"Body Slam","floor":23,"key":"SMITH"}],"neow_cost":"NONE","seed_source_timestamp":694322881685600,"circlet_count":0,"master_deck":["AscendersBane","Strike_R","Strike_R","Defend_R","Defend_R","Defend_R","Defend_R","Bash+1","Havoc+1","Armaments+1","Iron Wave","Iron Wave","Ghostly Armor","Infernal Blade+1","Fiend Fire","Body Slam+1"],"relics":["Burning Blood","NeowsBlessing","Golden Idol","Mummified Hand","Pantograph","Ancient Tea Set","Dream Catcher","Empty Cage","Nilry\u0027s Codex"],"potions_floor_usage":[19,21,21,24],"damage_taken":[{"damage":0,"enemies":"Small Slimes","floor":1,"turns":1},{"damage":0,"enemies":"Jaw Worm","floor":5,"turns":1},{"damage":0,"enemies":"Gremlin Nob","floor":7,"turns":1},{"damage":29,"enemies":"Lagavulin","floor":10,"turns":8},{"damage":28,"enemies":"3 Sentries","floor":14,"turns":11},{"damage":67,"enemies":"Hexaghost","floor":16,"turns":15},{"damage":9,"enemies":"Shell Parasite","floor":18,"turns":5},{"damage":6,"enemies":"Spheric Guardian","floor":19,"turns":3},{"damage":27,"enemies":"Centurion and Healer","floor":21,"turns":7},{"damage":23,"enemies":"Sentry and Sphere","floor":24,"turns":5}],"seed_played":"7589085922549104778","potions_obtained":[{"floor":16,"key":"SteroidPotion"},{"floor":18,"key":"PowerPotion"},{"floor":19,"key":"Explosive Potion"},{"floor":22,"key":"Strength Potion"},{"floor":22,"key":"AttackPotion"}],"is_trial":false,"path_per_floor":["M","?","$","?","M","R","E","R","T","E","?","R","$","E","R","B",null,"M","M","?","M","?","R","M"],"character_chosen":"IRONCLAD","items_purchased":["Armaments","Iron Wave"],"campfire_rested":1,"item_purchase_floors":[3,3],"current_hp_per_floor":[78,78,78,58,64,64,70,70,70,47,47,47,47,25,49,13,63,60,60,44,23,23,23,0],"gold":194,"neow_bonus":"THREE_ENEMY_KILL","is_prod":false,"is_daily":false,"chose_seed":false,"campfire_upgraded":4,"win_rate":0,"timestamp":1555789991,"path_taken":["M","?","$","?","M","R","E","R","T","E","?","R","$","E","R","BOSS","M","M","?","M","?","R","M"],"build_version":"2019-01-23","purchased_purges":1,"victory":false,"max_hp_per_floor":[80,80,80,80,80,80,80,80,80,80,80,80,80,80,80,80,80,80,80,80,80,80,80,80],"card_choices":[{"not_picked":["Sword Boomerang","Clash"],"picked":"Havoc","floor":1},{"not_picked":["Thunderclap","Body Slam"],"picked":"Iron Wave","floor":5},{"not_picked":["Intimidate","Seeing Red"],"picked":"Ghostly Armor","floor":7},{"not_picked":["Perfected Strike","Fire Breathing"],"picked":"Infernal Blade","floor":10},{"not_picked":["Second Wind","Rupture","Brutality"],"picked":"SKIP","floor":14},{"not_picked":["Exhume","Brutality"],"picked":"Fiend Fire","floor":16},{"not_picked":["Clash","Armaments+1"],"picked":"Body Slam","floor":18},{"not_picked":["Dual Wield","Anger+1","Iron Wave"],"picked":"SKIP","floor":19},{"not_picked":["Heavy Blade","Clash+1","Bloodletting"],"picked":"SKIP","floor":21}],"player_experience":232812,"relics_obtained":[{"floor":7,"key":"Mummified Hand"},{"floor":9,"key":"Pantograph"},{"floor":10,"key":"Ancient Tea Set"},{"floor":14,"key":"Dream Catcher"},{"floor":20,"key":"Nilry\u0027s Codex"}],"event_choices":[{"damage_healed":0,"gold_gain":0,"player_choice":"Ignored","damage_taken":0,"max_hp_gain":0,"max_hp_loss":0,"event_name":"Liars Game","floor":2,"gold_loss":0},{"damage_healed":0,"gold_gain":0,"player_choice":"Take Damage","damage_taken":20,"relics_obtained":["Golden Idol"],"max_hp_gain":0,"max_hp_loss":0,"event_name":"Golden Idol","floor":4,"gold_loss":0},{"damage_healed":0,"gold_gain":0,"player_choice":"Forge","damage_taken":0,"max_hp_gain":0,"max_hp_loss":0,"event_name":"Accursed Blacksmith","floor":11,"gold_loss":0,"cards_upgraded":["Infernal Blade"]},{"damage_healed":0,"gold_gain":0,"player_choice":"Obtained Book","damage_taken":16,"max_hp_gain":0,"max_hp_loss":0,"event_name":"Cursed Tome","floor":20,"gold_loss":0},{"damage_healed":0,"gold_gain":0,"player_choice":"Bought 3 Potions","damage_taken":0,"max_hp_gain":0,"max_hp_loss":0,"event_name":"The Woman in Blue","floor":22,"gold_loss":0}],"is_beta":false,"boss_relics":[{"not_picked":["Calling Bell","Orrery"],"picked":"Empty Cage"}],"items_purged_floors":[13],"is_endless":false,"potions_floor_spawned":[16,18,19],"killed_by":"Sentry and Sphere","ascension_level":12}