{"gold_per_floor":[119,294,14,14,14,47,47,73,73,73,83,97,97,114,114,214,214,224,235,262,282,94,94,57,57,57,77,77,110,128,155,155,254,254,268,144,161,49,49,80,80,108,108,120,149,171,193,205,217,229],"floor_reached":51,"playtime":3295,"items_purged":["Doubt","Strike_G","Strike_G"],"score":861,"play_id":"ac99aa10-b0d3-44f6-b823-8e8aac713336","local_time":"20190410003739","is_ascension_mode":true,"campfire_choices":[{"data":"Neutralize","floor":7,"key":"SMITH"},{"floor":10,"key":"REST"},{"data":"Noxious Fumes","floor":13,"key":"SMITH"},{"data":"Catalyst","floor":15,"key":"SMITH"},{"data":"Noxious Fumes","floor":23,"key":"SMITH"},{"data":"Footwork","floor":25,"key":"SMITH"},{"data":"Dodge and Roll","floor":32,"key":"SMITH"},{"data":"Well Laid Plans","floor":41,"key":"SMITH"},{"floor":44,"key":"REST"},{"data":"Footwork","floor":49,"key":"SMITH"}],"neow_cost":"NONE","seed_source_timestamp":280144828366,"circlet_count":0,"master_deck":["Defend_G","Defend_G","Defend_G","Defend_G","Defend_G","Strike_G","Strike_G+1","Strike_G","Survivor","Neutralize+1","Dash","Cloak And Dagger","Noxious Fumes+1","Catalyst+1","Corpse Explosion","Poisoned Stab+1","Backstab+1","Noxious Fumes+1","Well Laid Plans+1","Footwork+1","PiercingWail","Backflip","Dodge and Roll+1","Malaise","Caltrops","PiercingWail","Catalyst+1","Terror+1","Footwork+1","Writhe"],"relics":["Ring of the Serpent","Membership Card","Gremlin Horn","Spirit Poop","Orichalcum","Letter Opener","Black Star","Whetstone","Pantograph","The Courier","PreservedInsect","Centennial Puzzle","Smiling Mask","Bag of Preparation","Anchor","Mummified Hand","Oddly Smooth Stone","Dead Branch","Shuriken","Mercury Hourglass","MawBank"],"potions_floor_usage":[16,19,29,31,37,40,50],"damage_taken":[{"damage":0,"enemies":"2 Louse","floor":1,"turns":3},{"damage":42,"enemies":"Gremlin Nob","floor":6,"turns":6},{"damage":19,"enemies":"3 Sentries","floor":8,"turns":11},{"damage":0,"enemies":"Small Slimes","floor":11,"turns":3},{"damage":0,"enemies":"Cultist","floor":12,"turns":4},{"damage":0,"enemies":"2 Fungi Beasts","floor":14,"turns":4},{"damage":14,"enemies":"Slime Boss","floor":16,"turns":14},{"damage":0,"enemies":"Shell Parasite","floor":18,"turns":8},{"damage":15,"enemies":"2 Thieves","floor":19,"turns":4},{"damage":19,"enemies":"Snake Plant","floor":21,"turns":4},{"damage":5,"enemies":"Snecko","floor":27,"turns":4},{"damage":4,"enemies":"Slavers","floor":29,"turns":3},{"damage":9,"enemies":"Cultist and Chosen","floor":30,"turns":6},{"damage":3,"enemies":"Gremlin Leader","floor":31,"turns":6},{"damage":41,"enemies":"Champ","floor":33,"turns":12},{"damage":3,"enemies":"Orb Walker","floor":35,"turns":4},{"damage":27,"enemies":"3 Darklings","floor":37,"turns":3},{"damage":21,"enemies":"Giant Head","floor":40,"turns":9},{"damage":6,"enemies":"Nemesis","floor":42,"turns":7},{"damage":12,"enemies":"Maw","floor":45,"turns":6},{"damage":0,"enemies":"4 Shapes","floor":46,"turns":4},{"damage":23,"enemies":"Spire Growth","floor":47,"turns":4},{"damage":39,"enemies":"Donu and Deca","floor":50,"turns":7}],"seed_played":"-3861311445839974643","potions_obtained":[{"floor":11,"key":"Ancient Potion"},{"floor":14,"key":"EssenceOfSteel"},{"floor":16,"key":"Poison Potion"},{"floor":18,"key":"Dexterity Potion"},{"floor":27,"key":"GhostInAJar"},{"floor":28,"key":"GhostInAJar"},{"floor":30,"key":"SpeedPotion"},{"floor":33,"key":"PowerPotion"},{"floor":35,"key":"Swift Potion"},{"floor":37,"key":"SteroidPotion"},{"floor":42,"key":"SneckoOil"},{"floor":47,"key":"GhostInAJar"}],"is_trial":false,"path_per_floor":["M","?","$","?","?","E","R","E","T","R","M","M","R","M","R","B",null,"M","M","T","M","$","R","$","R","T","M","?","E","M","E","R","B",null,"M","$","M","$","?","E","R","E","T","R","M","M","M","?","R","B",null],"character_chosen":"THE_SILENT","items_purchased":["Membership Card","Well Laid Plans","Pantograph","Footwork","Caltrops","Anchor","Mummified Hand","PiercingWail"],"campfire_rested":2,"item_purchase_floors":[3,22,22,24,36,36,38,38],"current_hp_per_floor":[77,77,77,77,77,35,35,16,16,39,39,39,39,39,39,25,77,77,62,62,43,43,43,43,43,43,38,38,34,25,22,22,6,77,74,74,47,47,47,26,26,20,20,43,31,31,8,27,27,13],"gold":241,"neow_bonus":"TEN_PERCENT_HP_BONUS","is_prod":false,"is_daily":false,"chose_seed":false,"campfire_upgraded":8,"win_rate":0,"timestamp":1554874659,"path_taken":["M","?","$","?","?","E","R","E","T","R","M","M","R","M","R","BOSS","M","M","?","M","$","R","$","R","T","M","?","E","?","E","R","BOSS","M","$","M","$","?","E","R","E","T","R","M","M","?","?","R","BOSS"],"build_version":"2019-01-23","purchased_purges":3,"victory":true,"max_hp_per_floor":[77,77,77,77,77,77,77,77,77,77,77,77,77,77,77,77,77,77,77,77,77,77,77,77,77,77,77,77,77,77,77,77,77,77,77,77,77,77,77,77,77,77,77,77,77,77,77,77,77,77],"card_choices":[{"not_picked":["Sucker Punch","Eviscerate","Dagger Throw"],"picked":"SKIP","floor":1},{"not_picked":["Bane","Deadly Poison"],"picked":"Dash","floor":6},{"not_picked":["Sucker Punch","Slice","Unload"],"picked":"SKIP","floor":8},{"not_picked":["Bane","Acrobatics"],"picked":"Cloak And Dagger","floor":11},{"not_picked":["Blade Dance","Prepared"],"picked":"Noxious Fumes","floor":12},{"not_picked":["Underhanded Strike","Flying Knee"],"picked":"Catalyst","floor":14},{"not_picked":["Adrenaline","Phantasmal Killer"],"picked":"Corpse Explosion","floor":16},{"not_picked":["Eviscerate+1","All Out Attack+1"],"picked":"Poisoned Stab","floor":18},{"not_picked":["Distraction","Setup"],"picked":"Backstab+1","floor":19},{"not_picked":["Underhanded Strike","Quick Slash+1"],"picked":"Noxious Fumes","floor":21},{"not_picked":["Prepared+1","Bane+1"],"picked":"PiercingWail","floor":27},{"not_picked":["Adrenaline","Escape Plan"],"picked":"Backflip","floor":29},{"not_picked":["Dagger Throw","Tactician"],"picked":"Dodge and Roll","floor":30},{"not_picked":["Well Laid Plans+1","Finisher","Flying Knee+1"],"picked":"SKIP","floor":31},{"not_picked":["Bullet Time","Die Die Die"],"picked":"Malaise","floor":33},{"not_picked":["Outmaneuver","Noxious Fumes","Dagger Spray"],"picked":"SKIP","floor":35},{"not_picked":["Outmaneuver","Noxious Fumes","Dagger Spray"],"picked":"SKIP","floor":35},{"not_picked":["Poisoned Stab","Escape Plan+1","Outmaneuver+1"],"picked":"SKIP","floor":37},{"not_picked":["Grand Finale","Acrobatics","Blade Dance"],"picked":"SKIP","floor":40},{"not_picked":["Slice+1","Grand Finale","Backflip"],"picked":"SKIP","floor":42},{"not_picked":["Dodge and Roll+1","Bane+1"],"picked":"Catalyst+1","floor":45},{"not_picked":["Finisher+1","Dagger Throw+1"],"picked":"Terror+1","floor":46},{"not_picked":["Poisoned Stab","Bouncing Flask"],"picked":"Footwork","floor":47}],"player_experience":226530,"relics_obtained":[{"floor":6,"key":"Orichalcum"},{"floor":8,"key":"Letter Opener"},{"floor":20,"key":"Whetstone"},{"floor":26,"key":"The Courier"},{"floor":29,"key":"PreservedInsect"},{"floor":29,"key":"Centennial Puzzle"},{"floor":31,"key":"Smiling Mask"},{"floor":31,"key":"Bag of Preparation"},{"floor":40,"key":"Oddly Smooth Stone"},{"floor":40,"key":"Dead Branch"},{"floor":42,"key":"Shuriken"},{"floor":42,"key":"Mercury Hourglass"},{"floor":43,"key":"MawBank"}],"event_choices":[{"damage_healed":0,"gold_gain":175,"player_choice":"AGREE","damage_taken":0,"max_hp_gain":0,"max_hp_loss":0,"event_name":"Liars Game","floor":2,"gold_loss":0,"cards_obtained":["Doubt"]},{"damage_healed":0,"gold_gain":0,"player_choice":"Box","damage_taken":0,"relics_obtained":["Gremlin Horn"],"max_hp_gain":0,"max_hp_loss":0,"event_name":"Big Fish","floor":4,"gold_loss":0,"cards_obtained":["Regret"]},{"cards_removed":["Regret"],"damage_healed":0,"gold_gain":0,"player_choice":"Offered Curse","damage_taken":0,"relics_obtained":["Spirit Poop"],"max_hp_gain":0,"max_hp_loss":0,"event_name":"Bonfire Elementals","floor":5,"gold_loss":0},{"damage_healed":0,"gold_gain":0,"player_choice":"Got Potions","damage_taken":0,"max_hp_gain":0,"max_hp_loss":0,"event_name":"Lab","floor":28,"gold_loss":0},{"damage_healed":0,"gold_gain":0,"player_choice":"0 cards matched","damage_taken":0,"max_hp_gain":0,"max_hp_loss":0,"event_name":"Match and Keep!","floor":39,"gold_loss":0,"cards_obtained":[]},{"damage_healed":19,"gold_gain":0,"player_choice":"Writhe","damage_taken":0,"max_hp_gain":0,"max_hp_loss":0,"event_name":"Winding Halls","floor":48,"gold_loss":0,"cards_obtained":["Writhe"]}],"is_beta":false,"boss_relics":[{"not_picked":["Lizard Tail","HoveringKite"],"picked":"Black Star"},{"not_picked":["Philosopher\u0027s Stone","Tiny House"],"picked":"Ring of the Serpent"}],"items_purged_floors":[3,22,36],"is_endless":false,"potions_floor_spawned":[11,14,16,18,27,30,33,35,37,42,47],"ascension_level":3}