{"gold_per_floor":[114,134,144,63,63,63,138,138,138,138,63,82,82,102,102,102],"floor_reached":16,"playtime":913,"items_purged":["Defend_R"],"score":90,"play_id":"cab1ad68-d70e-4a44-a785-eba8aecc14ce","local_time":"20190317170033","is_ascension_mode":false,"campfire_choices":[{"data":"Dual Wield","floor":6,"key":"SMITH"},{"data":"Metallicize","floor":8,"key":"SMITH"},{"data":"Bash","floor":10,"key":"SMITH"},{"data":"Feel No Pain","floor":13,"key":"SMITH"},{"data":"Shrug It Off","floor":15,"key":"SMITH"}],"neow_cost":"NONE","seed_source_timestamp":692172881596824,"circlet_count":0,"master_deck":["Strike_R","Strike_R","Strike_R","Strike_R","Strike_R","Defend_R","Defend_R","Defend_R","Bash+1","Feel No Pain+1","Warcry","Dual Wield+1","Metallicize+1","Shrug It Off+1","Shrug It Off","Shrug It Off"],"relics":["White Beast Statue"],"potions_floor_usage":[3,14,16,16,16],"damage_taken":[{"damage":1,"enemies":"Cultist","floor":1,"turns":3},{"damage":8,"enemies":"Jaw Worm","floor":2,"turns":3},{"damage":7,"enemies":"Small Slimes","floor":3,"turns":4},{"damage":14,"enemies":"Exordium Thugs","floor":12,"turns":6},{"damage":0,"enemies":"Exordium Wildlife","floor":14,"turns":2},{"damage":45,"enemies":"Hexaghost","floor":16,"turns":15}],"seed_played":"-7512978708578687152","potions_obtained":[{"floor":1,"key":"Poison Potion"},{"floor":2,"key":"Dexterity Potion"},{"floor":3,"key":"Explosive Potion"},{"floor":12,"key":"GamblersBrew"},{"floor":14,"key":"FearPotion"}],"is_trial":false,"path_per_floor":["M","M","M","$","?","R","?","R","T","R","$","M","R","M","R","B"],"character_chosen":"IRONCLAD","items_purchased":["Metallicize","Shrug It Off"],"campfire_rested":0,"item_purchase_floors":[4,4],"current_hp_per_floor":[79,71,64,64,64,64,56,56,56,56,56,42,42,42,42,0],"gold":102,"neow_bonus":"BOSS_RELIC","is_prod":false,"is_daily":false,"chose_seed":false,"campfire_upgraded":5,"win_rate":0,"timestamp":1552856433,"path_taken":["M","?","M","$","?","R","?","R","T","R","$","M","R","M","R","BOSS"],"build_version":"2019-01-23","purchased_purges":1,"victory":false,"max_hp_per_floor":[80,80,80,80,80,80,80,80,80,80,80,80,80,80,80,80],"card_choices":[{"not_picked":["Seeing Red","Clash"],"picked":"Feel No Pain","floor":1},{"not_picked":["Power Through","Second Wind"],"picked":"Warcry","floor":2},{"not_picked":["Entrench","Havoc"],"picked":"Dual Wield","floor":3},{"not_picked":["Uppercut","Bloodletting"],"picked":"Shrug It Off","floor":12},{"not_picked":["Armaments","Wild Strike"],"picked":"Shrug It Off","floor":14}],"player_experience":874861,"relics_obtained":[],"event_choices":[{"damage_healed":0,"gold_gain":0,"player_choice":"Ignored","damage_taken":0,"max_hp_gain":0,"max_hp_loss":0,"event_name":"Golden Idol","floor":5,"gold_loss":0},{"damage_healed":0,"gold_gain":75,"player_choice":"Touch","damage_taken":8,"max_hp_gain":0,"max_hp_loss":0,"event_name":"FaceTrader","floor":7,"gold_loss":0}],"is_beta":false,"boss_relics":[],"items_purged_floors":[11],"is_endless":false,"potions_floor_spawned":[1,2,3,12,14],"killed_by":"Hexaghost","ascension_level":0}