{"gold_per_floor":[144,189,189,114,114,114,204,249,324,369,444,44,44,89,89,389,389,434,434,434,734,484,484,399,444,519,564,609,654,744,789,789,1089,1089,1134,1134,1134,1260,1305,1350,634,679,679,724,145,145,445,490,490,490],"floor_reached":50,"playtime":2773,"items_purged":["Strike_R","Hyperbeam","Tempest"],"score":564,"play_id":"5b40b99b-95e5-49a7-a75d-9805b53bd47d","local_time":"20190217110750","daily_mods":["Chimera","Time Dilation","Midas"],"is_ascension_mode":false,"campfire_choices":[{"floor":6,"key":"REST"},{"floor":13,"key":"REST"},{"floor":15,"key":"REST"},{"floor":23,"key":"REST"},{"floor":32,"key":"REST"},{"floor":49,"key":"REST"}],"neow_cost":"","seed_source_timestamp":0,"circlet_count":0,"master_deck":["Bash","Survivor","Zap","Defend_R","Defend_B","Ball Lightning+1","Redo+1","Hello World","Ball Lightning","Creative AI","Redo","Hello World","Ball Lightning+1","Steam+1","Redo+1","Steam+1","Beam Cell+1","Redo+1","Conserve Battery+1","Apotheosis+1","White Noise+1","Redo+1","Flash of Steel+1","White Noise+1","Auto Shields+1"],"special_seed":17944,"relics":["Cracked Core","Bag of Preparation","Mercury Hourglass","Cables","Blood Vial","Lizard Tail","Emotion Chip","StoneCalendar","Molten Egg 2","Bag of Marbles","Toxic Egg 2","Letter Opener","Singing Bowl","Philosopher\u0027s Stone","Ginger","PreservedInsect","ClockworkSouvenir","Pen Nib","Mummified Hand","Pear","Question Card","FossilizedHelix"],"potions_floor_usage":[16,16,21,21,28,30,33,33,40,40],"damage_taken":[{"damage":6,"enemies":"Jaw Worm","floor":1,"turns":3},{"damage":0,"enemies":"Small Slimes","floor":2,"turns":3},{"damage":22,"enemies":"3 Sentries","floor":7,"turns":6},{"damage":0,"enemies":"2 Louse","floor":8,"turns":1},{"damage":4,"enemies":"Exordium Wildlife","floor":10,"turns":2},{"damage":0,"enemies":"3 Louse","floor":14,"turns":1},{"damage":30,"enemies":"Hexaghost","floor":16,"turns":5},{"damage":2,"enemies":"3 Byrds","floor":18,"turns":3},{"damage":15,"enemies":"Colosseum Slavers","floor":21,"turns":3},{"damage":21,"enemies":"Colosseum Nobs","floor":21,"turns":3},{"damage":27,"enemies":"2 Thieves","floor":25,"turns":3},{"damage":12,"enemies":"Centurion and Healer","floor":27,"turns":3},{"damage":12,"enemies":"3 Cultists","floor":28,"turns":3},{"damage":7,"enemies":"Snecko","floor":29,"turns":3},{"damage":13,"enemies":"Book of Stabbing","floor":30,"turns":3},{"damage":8,"enemies":"Snake Plant","floor":31,"turns":2},{"damage":67,"enemies":"Automaton","floor":33,"turns":7},{"damage":0,"enemies":"3 Shapes","floor":35,"turns":3},{"damage":13,"enemies":"2 Orb Walkers","floor":38,"turns":3},{"damage":15,"enemies":"3 Darklings","floor":39,"turns":3},{"damage":8,"enemies":"Maw","floor":40,"turns":5},{"damage":30,"enemies":"Jaw Worm Horde","floor":42,"turns":3},{"damage":0,"enemies":"Transient","floor":44,"turns":5},{"damage":0,"enemies":"Mind Bloom Boss Battle","floor":47,"turns":3},{"damage":0,"enemies":"4 Shapes","floor":48,"turns":3},{"damage":77,"enemies":"Awakened One","floor":50,"turns":3}],"seed_played":"3988833726402513641","potions_obtained":[{"floor":2,"key":"LiquidBronze"},{"floor":8,"key":"Fire Potion"},{"floor":10,"key":"PowerPotion"},{"floor":16,"key":"Regen Potion"},{"floor":25,"key":"Explosive Potion"},{"floor":28,"key":"LiquidBronze"},{"floor":30,"key":"LiquidBronze"},{"floor":31,"key":"FearPotion"},{"floor":33,"key":"Block Potion"},{"floor":38,"key":"Poison Potion"},{"floor":40,"key":"Ancient Potion"}],"is_trial":false,"path_per_floor":["M","M","?","$","?","R","E","M","T","M","?","$","R","M","R","B",null,"M","?","T","?","$","R","?","M","T","M","M","M","E","M","R","B",null,"M","?","?","?","M","M","$","M","T","M","$","?","?","M","R","B"],"character_chosen":"DEFECT","items_purchased":["Cables","Blood Vial","Bag of Marbles","PreservedInsect","ClockworkSouvenir","Pen Nib","Flash of Steel+1","Pear","Question Card","White Noise+1"],"campfire_rested":6,"item_purchase_floors":[12,12,22,41,41,41,41,45,45,45],"current_hp_per_floor":[69,69,54,54,47,69,47,47,47,43,32,32,54,56,75,45,75,73,73,73,46,46,68,68,43,43,33,23,18,7,1,23,39,77,77,77,77,66,53,47,47,21,21,25,35,35,37,41,69,0],"gold":490,"neow_bonus":"","is_prod":false,"is_daily":true,"chose_seed":false,"campfire_upgraded":0,"win_rate":0,"timestamp":1550430470,"path_taken":["M","M","?","$","?","R","E","M","T","?","?","$","R","M","R","BOSS","M","?","?","?","$","R","?","M","T","M","M","M","E","M","R","BOSS","M","?","?","?","?","M","$","M","T","M","$","?","?","M","R","BOSS"],"build_version":"2019-01-23","purchased_purges":3,"victory":false,"max_hp_per_floor":[75,75,75,75,75,75,75,75,75,75,75,75,75,75,75,75,75,75,75,75,75,75,75,75,75,75,75,75,75,75,75,75,77,77,77,77,77,79,79,79,79,81,81,83,93,93,93,95,95,95],"card_choices":[{"not_picked":["Rebound","Hologram"],"picked":"Ball Lightning","floor":1},{"not_picked":["Chill","Lockon"],"picked":"Redo","floor":2},{"not_picked":["Chill","Gash"],"picked":"Hello World","floor":7},{"not_picked":["Streamline","Recycle"],"picked":"Ball Lightning","floor":8},{"not_picked":["Glacier","Chaos","Gash"],"picked":"SKIP","floor":10},{"not_picked":["Skim","Self Repair"],"picked":"Tempest","floor":14},{"not_picked":["Multi-Cast","Amplify"],"picked":"Creative AI","floor":16},{"not_picked":["Tempest+1","Rebound"],"picked":"Redo","floor":18},{"not_picked":["Leap","Compile Driver"],"picked":"Loop","floor":21},{"not_picked":["Chill+1","Consume+1"],"picked":"Ball Lightning+1","floor":25},{"not_picked":["Fusion+1","Storm"],"picked":"Steam+1","floor":27},{"not_picked":["Streamline+1","Melter+1"],"picked":"Redo+1","floor":28},{"not_picked":["Fusion+1","Streamline+1"],"picked":"Steam+1","floor":29},{"not_picked":["BootSequence+1","Tempest+1"],"picked":"Beam Cell+1","floor":30},{"not_picked":["Rainbow+1","Ball Lightning+1"],"picked":"Redo+1","floor":31},{"not_picked":["Hyperbeam+1","Core Surge+1","Rainbow+1"],"picked":"Singing Bowl","floor":33},{"not_picked":["Aggregate+1","Beam Cell+1"],"picked":"Conserve Battery+1","floor":35},{"not_picked":["Good Instincts+1","Secret Weapon+1"],"picked":"Apotheosis+1","floor":36},{"not_picked":["Compile Driver+1","Consume+1","Heatsinks"],"picked":"Singing Bowl","floor":38},{"not_picked":["Recycle+1","Darkness+1"],"picked":"White Noise+1","floor":39},{"not_picked":["Barrage+1","Turbo+1"],"picked":"Redo+1","floor":40},{"not_picked":["Ball Lightning+1","Barrage+1","Hologram+1"],"picked":"Singing Bowl","floor":42},{"not_picked":["Sweeping Beam+1","Steam+1","Self Repair+1"],"picked":"Singing Bowl","floor":44},{"not_picked":["Fusion+1","Stack+1","Melter+1"],"picked":"Auto Shields+1","floor":47},{"not_picked":["Stack+1","Chill+1","Tempest+1","Darkness+1"],"picked":"Singing Bowl","floor":48}],"player_experience":840826,"relics_obtained":[{"floor":7,"key":"Bag of Preparation"},{"floor":9,"key":"Mercury Hourglass"},{"floor":20,"key":"Emotion Chip"},{"floor":21,"key":"StoneCalendar"},{"floor":21,"key":"Molten Egg 2"},{"floor":26,"key":"Letter Opener"},{"floor":30,"key":"Singing Bowl"},{"floor":38,"key":"Ginger"},{"floor":43,"key":"Mummified Hand"},{"floor":47,"key":"FossilizedHelix"}],"event_choices":[{"damage_healed":0,"gold_gain":0,"player_choice":"Entered Light","damage_taken":15,"max_hp_gain":0,"max_hp_loss":0,"event_name":"Shining Light","floor":3,"gold_loss":0,"cards_upgraded":["Redo","Ball Lightning"]},{"cards_removed":["Defend_G"],"damage_healed":0,"gold_gain":0,"player_choice":"Card Removal","damage_taken":7,"max_hp_gain":0,"max_hp_loss":0,"event_name":"Golden Wing","floor":5,"gold_loss":0},{"damage_healed":0,"gold_gain":75,"player_choice":"Gather Gold","damage_taken":11,"max_hp_gain":0,"max_hp_loss":0,"event_name":"World of Goop","floor":11,"gold_loss":0},{"damage_healed":0,"gold_gain":0,"cards_transformed":["Strike_G","Strike_B"],"player_choice":"Became Test Subject","damage_taken":0,"max_hp_gain":0,"max_hp_loss":0,"event_name":"Drug Dealer","floor":19,"gold_loss":0,"cards_obtained":["Hello World","Hyperbeam"]},{"damage_healed":0,"gold_gain":0,"player_choice":"Fight","damage_taken":0,"max_hp_gain":0,"max_hp_loss":0,"event_name":"Colosseum","floor":21,"gold_loss":0},{"damage_healed":0,"gold_gain":0,"player_choice":"Fought Nobs","damage_taken":0,"max_hp_gain":0,"max_hp_loss":0,"event_name":"Colosseum","floor":21,"gold_loss":0},{"damage_healed":0,"gold_gain":0,"player_choice":"Obtained Relic","damage_taken":0,"relics_obtained":["Toxic Egg 2"],"max_hp_gain":0,"max_hp_loss":0,"event_name":"Addict","floor":24,"gold_loss":85},{"damage_healed":0,"gold_gain":0,"player_choice":"Memory 1","damage_taken":0,"max_hp_gain":0,"max_hp_loss":0,"event_name":"SensoryStone","floor":36,"gold_loss":0},{"damage_healed":0,"gold_gain":0,"player_choice":"Ignored","damage_taken":0,"max_hp_gain":0,"max_hp_loss":0,"event_name":"Tomb of Lord Red Mask","floor":37,"gold_loss":0},{"damage_healed":0,"gold_gain":0,"player_choice":"Fight","damage_taken":0,"max_hp_gain":0,"max_hp_loss":0,"event_name":"Mysterious Sphere","floor":38,"gold_loss":0},{"cards_removed":["Loop"],"damage_healed":0,"gold_gain":0,"player_choice":"Removed Power","damage_taken":0,"max_hp_gain":0,"max_hp_loss":0,"event_name":"Falling","floor":46,"gold_loss":0},{"damage_healed":0,"gold_gain":0,"player_choice":"Fight","damage_taken":0,"max_hp_gain":0,"max_hp_loss":0,"event_name":"MindBloom","floor":47,"gold_loss":0}],"is_beta":false,"boss_relics":[{"not_picked":["Runic Dome","Eternal Feather"],"picked":"Lizard Tail"},{"not_picked":["FrozenCore","Empty Cage"],"picked":"Philosopher\u0027s Stone"}],"items_purged_floors":[4,22,41],"is_endless":false,"potions_floor_spawned":[2,8,10,16,21,25,28,30,31,33,38,40],"killed_by":"Awakened One","ascension_level":0}