{"gold_per_floor":[118,68,68,85,35,35,35,52,52,52,52,52,52,71,71,166,166,178,128,128,227,227,227,227,227,227,242,242,242,276,303,303,401,401,418,418,418,45,92,92,112,112,112,112,112,112,112,112,112,112],"floor_reached":50,"playtime":1411,"items_purged":["Juggernaut","Barricade","Limit Break","Writhe"],"score":513,"play_id":"78e1aff8-d878-46ce-a80a-e4772ba54782","local_time":"20190217094540","daily_mods":["Shiny","Vintage","Heirloom","Time Dilation","Flight"],"is_ascension_mode":false,"campfire_choices":[{"data":"Feed","floor":6.0,"key":"SMITH"},{"data":"Bludgeon","floor":7.0,"key":"SMITH"},{"data":"Berserk","floor":10.0,"key":"SMITH"},{"data":"Immolate","floor":11.0,"key":"SMITH"},{"data":"Iron Wave","floor":13.0,"key":"SMITH"},{"data":"Double Tap","floor":15.0,"key":"SMITH"},{"data":"Offering","floor":23.0,"key":"SMITH"},{"data":"Brutality","floor":24.0,"key":"SMITH"},{"data":"Flex","floor":32.0,"key":"SMITH"},{"floor":40,"key":"REST"},{"data":"Offering+1","floor":42,"key":"PURGE"},{"data":"Secret Weapon","floor":45,"key":"SMITH"},{"data":"Immolate","floor":47,"key":"SMITH"},{"data":"Decay","floor":49,"key":"PURGE"}],"neow_cost":"","seed_source_timestamp":0,"circlet_count":0,"master_deck":["Double Tap+1","Bludgeon+1","Feed+1","Berserk+1","Impervious+1","Brutality+1","Reaper+1","Exhume+1","Immolate+1","Iron Wave+1","Flex+1","Blood for Blood+1","Secret Weapon+1","Immolate+1"],"special_seed":0,"relics":["Black Blood","Du-Vu Doll","Smiling Mask","NlothsMask","Art of War","Whetstone","Letter Opener","Juzu Bracelet","Vajra","MutagenicStrength","Anchor","Orichalcum","Red Mask","Potion Belt","Cursed Key","Boot","Mark of the Bloom","Membership Card","Mercury Hourglass","Tiny Chest","Peace Pipe","Bottled Lightning"],"potions_floor_usage":[41,50,50],"damage_taken":[{"damage":7.0,"enemies":"Small Slimes","floor":1.0,"turns":2.0},{"damage":0.0,"enemies":"Cultist","floor":4.0,"turns":2.0},{"damage":6.0,"enemies":"2 Louse","floor":8.0,"turns":1.0},{"damage":3.0,"enemies":"Exordium Thugs","floor":14.0,"turns":2.0},{"damage":7.0,"enemies":"Slime Boss","floor":16.0,"turns":3.0},{"damage":17.0,"enemies":"Chosen","floor":18.0,"turns":3.0},{"damage":1.0,"enemies":"Shell Parasite","floor":27.0,"turns":2.0},{"damage":0.0,"enemies":"Masked Bandits","floor":30.0,"turns":1.0},{"damage":10.0,"enemies":"Slavers","floor":31.0,"turns":2.0},{"damage":23.0,"enemies":"Automaton","floor":33.0,"turns":4.0},{"damage":0,"enemies":"3 Darklings","floor":35,"turns":1},{"damage":7,"enemies":"Orb Walker","floor":39,"turns":2},{"damage":15,"enemies":"Transient","floor":41,"turns":5},{"damage":70,"enemies":"Awakened One","floor":50,"turns":7}],"seed_played":"5306430758073029480","potions_obtained":[{"floor":1.0,"key":"AttackPotion"},{"floor":14.0,"key":"BloodPotion"},{"floor":27.0,"key":"EssenceOfSteel"},{"floor":29.0,"key":"SkillPotion"},{"floor":29.0,"key":"PowerPotion"},{"floor":31.0,"key":"Ancient Potion"},{"floor":39,"key":"SteroidPotion"}],"is_trial":true,"path_per_floor":["M","$","?","M","$","R","R","M","T","R","R","?","R","M","R","B",null,"M","$","?","?","?","R","R","?","T","M","?","?","?","E","R","B",null,"M","?","?","$","M","R","M","R","T","?","R","?","R","?","R","B"],"character_chosen":"IRONCLAD","items_purchased":["Membership Card","Mercury Hourglass"],"campfire_rested":1,"item_purchase_floors":[38,38],"current_hp_per_floor":[79,79,79,83,83,83,83,87,87,87,87,87,87,87,87,86,87,87,87,87,87,87,87,87,87,87,87,87,87,87,87,87,74,87,87,87,87,87,80,80,65,65,65,65,65,65,65,65,65,0],"gold":112,"neow_bonus":"","is_prod":false,"is_daily":false,"chose_seed":false,"campfire_upgraded":11,"win_rate":0,"timestamp":1550425540,"path_taken":["M","$","?","?","?","R","R","M","T","R","R","?","R","M","R","BOSS","M","$","?","?","?","R","R","?","T","M","?","?","?","E","R","BOSS","M","?","?","$","M","R","M","R","T","?","R","?","R","?","R","BOSS"],"build_version":"2019-01-23","purchased_purges":4,"victory":false,"max_hp_per_floor":[80,80,80,83,83,83,83,87,87,87,87,87,87,87,87,87,87,87,87,87,87,87,87,87,87,87,87,87,87,87,87,87,87,87,87,87,87,87,87,87,87,87,87,87,87,87,87,87,87,87],"card_choices":[{"not_picked":["Thunderclap","Headbutt+1"],"picked":"Blood for Blood+1","floor":31.0},{"not_picked":["HandOfGreed","Forethought"],"picked":"Secret Weapon","floor":44}],"player_experience":837285,"relics_obtained":[{"floor":1.0,"key":"Smiling Mask"},{"floor":4.0,"key":"Art of War"},{"floor":8.0,"key":"Whetstone"},{"floor":14.0,"key":"Letter Opener"},{"floor":18.0,"key":"Juzu Bracelet"},{"floor":26.0,"key":"Anchor"},{"floor":27.0,"key":"Orichalcum"},{"floor":30.0,"key":"Red Mask"},{"floor":31.0,"key":"Potion Belt"},{"floor":35,"key":"Boot"},{"floor":39,"key":"Tiny Chest"},{"floor":41,"key":"Peace Pipe"},{"floor":43,"key":"Bottled Lightning"}],"event_choices":[{"damage_healed":0.0,"max_hp_gain":0.0,"max_hp_loss":0.0,"gold_gain":0.0,"event_name":"FaceTrader","player_choice":"Trade","floor":3.0,"gold_loss":0.0,"damage_taken":0.0,"relics_obtained":["NlothsMask"]},{"damage_healed":0.0,"max_hp_gain":0.0,"max_hp_loss":0.0,"gold_gain":0.0,"cards_transformed":["Demon Form"],"event_name":"Transmorgrifier","player_choice":"Transformed","floor":12.0,"gold_loss":0.0,"damage_taken":0.0,"cards_obtained":["Iron Wave"]},{"cards_removed":["Dark Embrace"],"damage_healed":0.0,"max_hp_gain":0.0,"max_hp_loss":0.0,"gold_gain":0.0,"event_name":"Purifier","player_choice":"Purged","floor":20.0,"gold_loss":0.0,"damage_taken":0.0},{"damage_healed":0.0,"max_hp_gain":0.0,"max_hp_loss":0.0,"gold_gain":99.0,"event_name":"Nest","player_choice":"Stole From Cult","floor":21.0,"gold_loss":0.0,"damage_taken":0.0},{"damage_healed":0.0,"max_hp_gain":0.0,"max_hp_loss":0.0,"gold_gain":0.0,"event_name":"The Mausoleum","player_choice":"Opened","floor":22.0,"gold_loss":0.0,"damage_taken":0.0,"relics_obtained":["Vajra"],"cards_obtained":["Writhe"]},{"damage_healed":0.0,"max_hp_gain":0.0,"max_hp_loss":0.0,"gold_gain":0.0,"event_name":"Drug Dealer","player_choice":"Inject Mutagens","floor":25.0,"gold_loss":0.0,"damage_taken":0.0,"relics_obtained":["MutagenicStrength"]},{"damage_healed":0.0,"max_hp_gain":0.0,"max_hp_loss":0.0,"gold_gain":0.0,"event_name":"The Library","player_choice":"Read","floor":28.0,"gold_loss":0.0,"damage_taken":0.0,"cards_obtained":["Flex"]},{"damage_healed":0.0,"max_hp_gain":0.0,"max_hp_loss":0.0,"gold_gain":0.0,"event_name":"Lab","player_choice":"Got Potions","floor":29.0,"gold_loss":0.0,"damage_taken":0.0},{"damage_healed":0.0,"max_hp_gain":0.0,"max_hp_loss":0.0,"gold_gain":0.0,"event_name":"Masked Bandits","player_choice":"Fought Bandits","floor":30.0,"gold_loss":0.0,"damage_taken":0.0},{"damage_healed":0,"gold_gain":0,"player_choice":"Upgrade","damage_taken":0,"relics_obtained":["Mark of the Bloom"],"max_hp_gain":0,"max_hp_loss":0,"event_name":"MindBloom","floor":36,"gold_loss":0,"cards_upgraded":["Impervious","Exhume"]},{"cards_removed":["Fiend Fire"],"damage_healed":0,"gold_gain":0,"player_choice":"Purged","damage_taken":0,"max_hp_gain":0,"max_hp_loss":0,"event_name":"Purifier","floor":37,"gold_loss":0},{"damage_healed":0,"gold_gain":0,"player_choice":"Memory 1","damage_taken":0,"max_hp_gain":0,"max_hp_loss":0,"event_name":"SensoryStone","floor":44,"gold_loss":0},{"damage_healed":0,"gold_gain":0,"player_choice":"1 cards matched","damage_taken":0,"max_hp_gain":0,"max_hp_loss":0,"event_name":"Match and Keep!","floor":46,"gold_loss":0,"cards_obtained":["Immolate"]},{"damage_healed":0,"gold_gain":0,"cards_transformed":["Doubt"],"player_choice":"Transformed","damage_taken":0,"max_hp_gain":0,"max_hp_loss":0,"event_name":"Transmorgrifier","floor":48,"gold_loss":0,"cards_obtained":["Decay"]}],"is_beta":false,"boss_relics":[{"not_picked":["Lizard Tail","Mark of Pain"],"picked":"Black Blood"},{"not_picked":["Runic Pyramid","Fusion Hammer"],"picked":"Cursed Key"}],"items_purged_floors":[2,5,19,38],"is_endless":false,"potions_floor_spawned":[1,14,27,31,39],"killed_by":"Awakened One","ascension_level":0}