{"gold_per_floor":[115,115,4,4,28,28,59,59,115,133,174,174,226,250,250,375,375,399,141,141,141,154,190,206,250,250,275,275,295,313,334,334,453,516,541,441,465,215,234,234,234,234,234,234,234,234,252,270,270,270],"floor_reached":50,"playtime":5772,"items_purged":["Injury","Strike_B"],"score":542,"play_id":"5b09d06c-1673-4d66-bdd5-13c4cb4b8f28","local_time":"20190413145459","is_ascension_mode":true,"campfire_choices":[{"floor":6,"key":"RECALL"},{"data":"Zap","floor":8,"key":"SMITH"},{"data":"Dualcast","floor":15,"key":"SMITH"},{"floor":28,"key":"REST"},{"data":"Self Repair","floor":32,"key":"SMITH"},{"data":"Defragment","floor":40,"key":"SMITH"},{"data":"Redo","floor":42,"key":"SMITH"},{"data":"Conserve Battery","floor":46,"key":"SMITH"},{"floor":49,"key":"REST"}],"neow_cost":"NONE","seed_source_timestamp":12901821285212,"circlet_count":0,"master_deck":["Strike_B","Strike_B","Strike_B","Defend_B","Defend_B","Defend_B","Defend_B","Zap+1","Dualcast+1","Sunder+1","Doom and Gloom","Conserve Battery","Cold Snap","Redo+1","Conserve Battery+1","Leap","Barrage","Self Repair+1","Conserve Battery+1","Coolheaded+1","Redo+1","Consume+1","All For One+1","Defragment+1","Double Energy+1","BootSequence+1","Coolheaded+1","Madness+1","Madness+1","Redo+1","Parasite","Chaos+1"],"relics":["Cracked Core","Golden Idol","Calipers","Tiny Chest","Boot","Happy Flower","Bronze Scales","Black Star","Sling","Gremlin Horn","Kunai","Art of War","FossilizedHelix","Oddly Smooth Stone","Ginger","Toxic Egg 2","Tiny House","Bottled Lightning"],"potions_floor_usage":[25,47],"damage_taken":[{"damage":1,"enemies":"Jaw Worm","floor":1,"turns":3},{"damage":0,"enemies":"Small Slimes","floor":5,"turns":1},{"damage":24,"enemies":"Lagavulin","floor":7,"turns":5},{"damage":0,"enemies":"2 Louse","floor":10,"turns":2},{"damage":3,"enemies":"Gremlin Nob","floor":11,"turns":3},{"damage":6,"enemies":"Looter","floor":14,"turns":3},{"damage":19,"enemies":"The Guardian","floor":16,"turns":8},{"damage":3,"enemies":"3 Byrds","floor":18,"turns":3},{"damage":6,"enemies":"2 Thieves","floor":22,"turns":3},{"damage":2,"enemies":"Gremlin Leader","floor":23,"turns":7},{"damage":19,"enemies":"Snake Plant","floor":24,"turns":4},{"damage":35,"enemies":"Book of Stabbing","floor":25,"turns":6},{"damage":2,"enemies":"Chosen and Byrds","floor":27,"turns":5},{"damage":8,"enemies":"Centurion and Healer","floor":29,"turns":5},{"damage":0,"enemies":"Snecko","floor":30,"turns":4},{"damage":2,"enemies":"3 Cultists","floor":31,"turns":5},{"damage":41,"enemies":"Collector","floor":33,"turns":16},{"damage":22,"enemies":"Orb Walker","floor":35,"turns":6},{"damage":9,"enemies":"3 Shapes","floor":37,"turns":2},{"damage":34,"enemies":"Transient","floor":39,"turns":5},{"damage":0,"enemies":"3 Darklings","floor":47,"turns":10},{"damage":0,"enemies":"Writhing Mass","floor":48,"turns":7},{"damage":132,"enemies":"Donu and Deca","floor":50,"turns":12}],"seed_played":"2144624510028881732","potions_obtained":[{"floor":1,"key":"Poison Potion"},{"floor":10,"key":"Regen Potion"},{"floor":25,"key":"EntropicBrew"},{"floor":29,"key":"Weak Potion"},{"floor":31,"key":"Dexterity Potion"},{"floor":34,"key":"FairyPotion"},{"floor":47,"key":"Fruit Juice"}],"is_trial":false,"path_per_floor":["?","?","?","T","$","?","T","M","?","?","?","M","M"],"character_chosen":"DEFECT","items_purchased":["Doom and Gloom","Block Potion","Sling","Bottled Lightning"],"campfire_rested":2,"item_purchase_floors":[3,19,19,38],"current_hp_per_floor":[81,81,81,81,81,81,57,57,57,57,54,54,54,48,48,29,82,79,79,79,79,73,71,52,24,24,29,53,52,59,64,64,23,87,75,75,76,76,52,52,41,41,41,41,41,41,56,66,92,0],"gold":270,"neow_bonus":"TEN_PERCENT_HP_BONUS","is_prod":false,"is_daily":false,"chose_seed":false,"campfire_upgraded":6,"win_rate":0,"timestamp":1555181699,"path_taken":["M","?","$","?","M","R","E","R","T","M","E","?","?","M","R","BOSS","M","?","?","?","M","E","?","E","T","M","R","M","M","M","R","BOSS","M","$","M","$","M","R","?","R","T","?","?","R","?","?","R","BOSS"],"build_version":"2019-01-23","purchased_purges":2,"victory":false,"max_hp_per_floor":[82,82,82,82,82,82,82,82,82,82,82,82,82,82,82,82,82,82,82,82,82,82,82,82,82,82,82,82,82,82,82,82,82,87,87,87,87,87,87,87,87,87,87,87,87,87,92,92,92,92],"card_choices":[{"not_picked":["Ball Lightning","Static Discharge"],"picked":"Sunder","floor":1},{"not_picked":["Streamline","Barrage"],"picked":"Conserve Battery","floor":5},{"not_picked":["Coolheaded","Rebound"],"picked":"Cold Snap","floor":7},{"not_picked":["Doom and Gloom","Rebound"],"picked":"Redo","floor":10},{"not_picked":["Skim","Machine Learning"],"picked":"Conserve Battery","floor":11},{"not_picked":["Streamline","Beam Cell","Force Field"],"picked":"SKIP","floor":14},{"not_picked":["Hyperbeam","Amplify"],"picked":"Core Surge","floor":16},{"not_picked":["Compile Driver","Melter","Lockon"],"picked":"SKIP","floor":18},{"not_picked":["Steam","Heatsinks"],"picked":"Leap","floor":22},{"not_picked":["Doom and Gloom","Gash"],"picked":"Barrage","floor":23},{"not_picked":["Leap+1","Go for the Eyes+1"],"picked":"Self Repair","floor":24},{"not_picked":["Turbo+1","Rainbow"],"picked":"Conserve Battery+1","floor":25},{"not_picked":["Steam+1","Sweeping Beam+1"],"picked":"Coolheaded+1","floor":27},{"not_picked":["Gash","Chaos+1"],"picked":"Redo+1","floor":29},{"not_picked":["Barrage","Stack+1"],"picked":"Consume+1","floor":30},{"not_picked":["Stack+1","Go for the Eyes","Undo+1"],"picked":"SKIP","floor":31},{"not_picked":["Amplify+1","Fission+1"],"picked":"All For One","floor":33},{"not_picked":["Redo+1","Cold Snap"],"picked":"Defragment","floor":34},{"not_picked":["Sweeping Beam","Buffer"],"picked":"Double Energy+1","floor":35},{"not_picked":["Streamline","Conserve Battery+1"],"picked":"BootSequence+1","floor":37},{"not_picked":["Stack+1","Barrage+1"],"picked":"Coolheaded+1","floor":39},{"not_picked":["Turbo+1","Steam+1"],"picked":"Redo+1","floor":47},{"not_picked":["Rebound+1","Melter+1"],"picked":"Chaos+1","floor":48}],"player_experience":144724,"relics_obtained":[{"floor":7,"key":"Calipers"},{"floor":9,"key":"Tiny Chest"},{"floor":11,"key":"Boot"},{"floor":13,"key":"Bronze Scales"},{"floor":21,"key":"Kunai"},{"floor":23,"key":"Art of War"},{"floor":23,"key":"FossilizedHelix"},{"floor":25,"key":"Oddly Smooth Stone"},{"floor":25,"key":"Ginger"},{"floor":26,"key":"Toxic Egg 2"}],"event_choices":[{"damage_healed":0,"gold_gain":0,"player_choice":"Take Wound","damage_taken":0,"relics_obtained":["Golden Idol"],"max_hp_gain":0,"max_hp_loss":0,"event_name":"Golden Idol","floor":2,"gold_loss":0,"cards_obtained":["Injury"]},{"damage_healed":0,"gold_gain":0,"player_choice":"Grow","damage_taken":0,"max_hp_gain":0,"max_hp_loss":0,"event_name":"Living Wall","floor":4,"gold_loss":0,"cards_upgraded":["Sunder"]},{"damage_healed":0,"gold_gain":0,"player_choice":"Searched \u00271\u0027 times","damage_taken":0,"relics_obtained":["Happy Flower"],"max_hp_gain":0,"max_hp_loss":0,"event_name":"Dead Adventurer","floor":12,"gold_loss":0},{"damage_healed":0,"gold_gain":0,"player_choice":"Opened","damage_taken":0,"relics_obtained":["Gremlin Horn"],"max_hp_gain":0,"max_hp_loss":0,"event_name":"The Mausoleum","floor":20,"gold_loss":0},{"damage_healed":0,"gold_gain":0,"player_choice":"Embrace Madness","damage_taken":11,"max_hp_gain":0,"max_hp_loss":0,"event_name":"Winding Halls","floor":41,"gold_loss":0,"cards_obtained":["Madness","Madness"]},{"cards_removed":["Core Surge"],"damage_healed":0,"gold_gain":0,"player_choice":"Removed Attack","damage_taken":0,"max_hp_gain":0,"max_hp_loss":0,"event_name":"Falling","floor":44,"gold_loss":0},{"damage_healed":0,"gold_gain":0,"player_choice":"Ignored","damage_taken":0,"max_hp_gain":0,"max_hp_loss":0,"event_name":"SecretPortal","floor":45,"gold_loss":0}],"is_beta":false,"boss_relics":[{"not_picked":["Fusion Hammer","Runic Pyramid"],"picked":"Black Star"},{"not_picked":["Coffee Dripper","White Beast Statue"],"picked":"Tiny House"}],"items_purged_floors":[3,36],"is_endless":false,"potions_floor_spawned":[1,10,25,29,30,31,35,37,47],"killed_by":"Donu and Deca","ascension_level":1}