{"path_per_floor":["M","$","M","M","M","R","E","R","T","E","R","M","M","M","R","B",null,"M","M","$","M","M","R","E","R","T","R","?","?","$","M","R","B",null,"M","M","?","$","M","R","?","M","T","M","R","$","R","?","R","B"],"character_chosen":"IRONCLAD","items_purchased":["Disarm","Omamori"],"gold_per_floor":[114,39,49,59,69,69,98,98,180,213,213,226,241,253,253,354,354,354,354,67,67,67,67,67,67,67,67,67,67,67,67,67,67,67,67,67,67,17,17,17,17,17,17,17,17,17,17,0,0,0],"floor_reached":51,"campfire_rested":3,"playtime":2866,"current_hp_per_floor":[78,78,80,80,80,80,39,39,39,19,19,23,29,34,59,26,70,76,71,71,65,55,55,53,53,53,53,53,53,53,51,78,83,88,93,88,88,88,92,92,79,52,52,60,60,60,60,60,93,84],"items_purged":["Strike_R","Strike_R","Strike_R"],"gold":0,"score":730,"play_id":"13b8484e-618f-426f-b6e3-93e07565c8fb","is_prod":false,"is_daily":false,"is_ascension_mode":true,"campfire_upgraded":9,"path_taken":["M","$","M","M","M","R","E","R","T","E","R","M","M","M","R","BOSS","M","M","$","M","M","R","E","R","T","R","?","?","$","M","R","BOSS","M","M","?","$","M","R","?","M","T","M","R","$","R","?","R","BOSS"],"build_version":"2018-02-15-PROD1","purchased_purges":3,"victory":true,"master_deck":["Defend_R","Defend_R","Defend_R","Defend_R","Bash","Shrug It Off+1","Body Slam+1","Whirlwind+1","Inflame+1","Shrug It Off","Double Tap+1","Barricade+1","Evolve+1","Battle Trance+1","Disarm+1","Shrug It Off+1","Offering","Corruption+1","Madness","Madness"],"max_hp_per_floor":[80,80,80,80,80,80,80,80,80,80,80,82,82,84,84,84,84,84,84,84,86,88,88,90,90,90,90,90,90,90,90,90,90,90,95,98,98,98,100,100,100,102,102,104,104,104,104,104,106,106],"relics":["Burning Blood","Dead Branch","Letter Opener","Singing Bowl","Ectoplasm","Omamori","Smiling Mask","Dream Catcher","Centennial Puzzle","Lizard Tail","Old Coin","Red Mask"],"card_choices":[{"not_picked":["Wild Strike","Rage"],"picked":"Shrug It Off"},{"not_picked":["Shrug It Off","Uppercut"],"picked":"Body Slam"},{"not_picked":["Heavy Blade","Burning Pact"],"picked":"Whirlwind"},{"not_picked":["Havoc","Iron Wave"],"picked":"Inflame"},{"not_picked":["Disarm","Ghostly Armor"],"picked":"Shrug It Off"},{"not_picked":["Armaments","Iron Wave"],"picked":"Double Tap"},{"not_picked":["Dark Embrace","Reaper"],"picked":"Barricade"},{"not_picked":["Twin Strike","Clothesline"],"picked":"Evolve"},{"not_picked":["Shrug It Off","Headbutt"],"picked":"Battle Trance"},{"not_picked":["Sentinel","Armaments"],"picked":"Shrug It Off"},{"not_picked":["Disarm","Body Slam"],"picked":"Feed"},{"not_picked":["Juggernaut","Impervious"],"picked":"Offering"},{"not_picked":["Carnage","Body Slam"],"picked":"Corruption"}],"player_experience":143248,"potions_floor_usage":[5,12,16,24,33,33,50,50,50],"damage_taken":[{"damage":0,"enemies":"2 Louse","floor":1,"turns":3},{"damage":1,"enemies":"Jaw Worm","floor":3,"turns":5},{"damage":6,"enemies":"Cultist","floor":4,"turns":5},{"damage":3,"enemies":"Looter","floor":5,"turns":4},{"damage":47,"enemies":"Lagavulin","floor":7,"turns":7},{"damage":26,"enemies":"Gremlin Nob","floor":10,"turns":4},{"damage":4,"enemies":"Blue Slaver","floor":12,"turns":3},{"damage":0,"enemies":"Gremlin Gang","floor":13,"turns":1},{"damage":3,"enemies":"3 Louse","floor":14,"turns":2},{"damage":39,"enemies":"Hexaghost","floor":16,"turns":9},{"damage":0,"enemies":"Chosen","floor":18,"turns":5},{"damage":11,"enemies":"Shell Parasite","floor":19,"turns":6},{"damage":14,"enemies":"Snake Plant","floor":21,"turns":2},{"damage":18,"enemies":"Centurion and Healer","floor":22,"turns":6},{"damage":10,"enemies":"Gremlin Leader","floor":24,"turns":5},{"damage":8,"enemies":"Chosen and Byrds","floor":31,"turns":6},{"damage":1,"enemies":"Champ","floor":33,"turns":11},{"damage":6,"enemies":"3 Shapes","floor":35,"turns":5},{"damage":14,"enemies":"Orb Walker","floor":36,"turns":5},{"damage":4,"enemies":"Sphere and 2 Shapes","floor":39,"turns":2},{"damage":35,"enemies":"4 Shapes","floor":42,"turns":4},{"damage":0,"enemies":"3 Darklings","floor":44,"turns":3},{"damage":20,"enemies":"Awakened One","floor":50,"turns":6}],"event_choices":[{"event_name":"Back to Basics","player_choice":"Elegance","floor":28,"damage_taken":0},{"event_name":"The Mausoleum","player_choice":"Yes","floor":29,"damage_taken":0},{"event_name":"Winding Halls","player_choice":"Embrace Madness","floor":41,"damage_taken":0},{"event_name":"Tomb of Lord Red Mask","player_choice":"Paid","floor":48,"damage_taken":0}],"boss_relics":[{"not_picked":["Cursed Key","Velvet Choker"],"picked":"Ectoplasm"},{"not_picked":["Question Card","Tiny House"],"picked":"Lizard Tail"}],"potions_floor_spawned":[3,4,10,16,19,21,33,35,36,42],"seed_played":"-8111125580246244644","ascension_level":7,"is_trial":false}