{"gold_per_floor":[111,125,136,61,71,71,86,100,100,100,100,119,146,164,164,260,260,273,288,85,102,102,102,132,232,232,232,232,85,85,101,101,101],"floor_reached":33,"playtime":2495,"items_purged":["Injury"],"score":319,"play_id":"da41c01a-c7d7-477c-aa36-a23fe4309cf7","local_time":"20190331182748","is_ascension_mode":false,"campfire_choices":[{"floor":6,"key":"RECALL"},{"data":"Uppercut","floor":10,"key":"SMITH"},{"data":"Rage","floor":15,"key":"SMITH"},{"floor":23,"key":"REST"},{"floor":28,"key":"REST"},{"floor":32,"key":"REST"}],"neow_cost":"CURSE","seed_source_timestamp":4195619464754,"circlet_count":0,"master_deck":["Strike_R","Strike_R","Strike_R","Strike_R","Strike_R","Defend_R","Defend_R","Defend_R","Defend_R","Bash","Discovery","Discovery","Heavy Blade","Cleave","Headbutt","Ghostly Armor","Uppercut+1","Twin Strike","Rage+1","Limit Break","Carnage","Flame Barrier","Flex","Havoc+1","Necronomicurse","Shrug It Off","Armaments+1","Armaments+1"],"relics":["Burning Blood","Mummified Hand","Bag of Preparation","White Beast Statue","Blood Vial","Necronomicon","Bag of Marbles","Prayer Wheel","Dodecahedron","Oddly Smooth Stone","MutagenicStrength"],"potions_floor_usage":[16,16,19,21,21,25,31,33,33],"damage_taken":[{"damage":0,"enemies":"2 Louse","floor":1,"turns":3},{"damage":1,"enemies":"Cultist","floor":2,"turns":4},{"damage":14,"enemies":"Jaw Worm","floor":3,"turns":4},{"damage":13,"enemies":"2 Fungi Beasts","floor":5,"turns":3},{"damage":3,"enemies":"Looter","floor":7,"turns":3},{"damage":0,"enemies":"Exordium Wildlife","floor":8,"turns":2},{"damage":3,"enemies":"Lots of Slimes","floor":12,"turns":4},{"damage":36,"enemies":"3 Sentries","floor":13,"turns":7},{"damage":3,"enemies":"2 Fungi Beasts","floor":14,"turns":3},{"damage":0,"enemies":"Slime Boss","floor":16,"turns":5},{"damage":20,"enemies":"2 Thieves","floor":18,"turns":4},{"damage":3,"enemies":"Shell Parasite","floor":19,"turns":7},{"damage":19,"enemies":"Snake Plant","floor":21,"turns":3},{"damage":15,"enemies":"Slavers","floor":24,"turns":5},{"damage":2,"enemies":"Colosseum Slavers","floor":25,"turns":3},{"damage":38,"enemies":"Colosseum Nobs","floor":25,"turns":4},{"damage":9,"enemies":"3 Cultists","floor":31,"turns":4},{"damage":110,"enemies":"Automaton","floor":33,"turns":12}],"seed_played":"658890290193776460","potions_obtained":[{"floor":7,"key":"Strength Potion"},{"floor":8,"key":"Energy Potion"},{"floor":11,"key":"Fire Potion"},{"floor":12,"key":"Dexterity Potion"},{"floor":18,"key":"LiquidBronze"},{"floor":19,"key":"FearPotion"},{"floor":21,"key":"Energy Potion"},{"floor":24,"key":"Poison Potion"},{"floor":25,"key":"SpeedPotion"},{"floor":31,"key":"GamblersBrew"}],"is_trial":false,"path_per_floor":["?","$","?","?","?","M"],"character_chosen":"IRONCLAD","items_purchased":["Blood Vial","Flex","Oddly Smooth Stone"],"campfire_rested":3,"item_purchase_floors":[20,20,29],"current_hp_per_floor":[80,80,72,72,65,65,68,74,74,74,74,77,47,50,50,56,80,66,69,69,58,42,66,59,35,35,35,59,59,59,58,80,0],"gold":101,"neow_bonus":"RANDOM_COLORLESS_2","is_prod":false,"is_daily":false,"chose_seed":false,"campfire_upgraded":2,"win_rate":0,"timestamp":1554071268,"path_taken":["M","M","M","$","M","R","M","M","T","R","?","M","E","M","R","BOSS","M","M","?","M","?","R","E","?","T","$","R","$","?","?","R","BOSS"],"build_version":"2019-01-23","purchased_purges":1,"victory":false,"max_hp_per_floor":[80,80,80,80,80,80,80,80,80,80,80,80,80,80,80,80,80,80,80,80,80,80,80,80,80,80,80,80,80,80,80,80,80],"card_choices":[{"not_picked":["Perfected Strike","Metallicize"],"picked":"Heavy Blade","floor":1},{"not_picked":["Shrug It Off","Havoc"],"picked":"Cleave","floor":2},{"not_picked":["Body Slam","Corruption"],"picked":"Headbutt","floor":3},{"not_picked":["Iron Wave","Warcry"],"picked":"Ghostly Armor","floor":5},{"not_picked":["Sentinel","Metallicize"],"picked":"Uppercut","floor":7},{"not_picked":["Feel No Pain","Anger"],"picked":"Twin Strike","floor":8},{"not_picked":["Reckless Charge","Perfected Strike","Infernal Blade"],"picked":"SKIP","floor":12},{"not_picked":["Combust","Anger"],"picked":"Rage","floor":13},{"not_picked":["Blood for Blood","Reckless Charge","Whirlwind"],"picked":"SKIP","floor":14},{"not_picked":["Immolate","Reaper"],"picked":"Limit Break","floor":16},{"not_picked":["Shrug It Off+1","Body Slam"],"picked":"Carnage","floor":18},{"not_picked":["Pommel Strike+1","Thunderclap+1"],"picked":"Flame Barrier","floor":19},{"not_picked":["Warcry+1","Twin Strike"],"picked":"Havoc+1","floor":21},{"not_picked":["Rage","Anger"],"picked":"Shrug It Off","floor":24},{"not_picked":["Blood for Blood","Dark Embrace"],"picked":"Armaments+1","floor":31},{"not_picked":["Uppercut+1","Heavy Blade"],"picked":"Armaments+1","floor":31}],"player_experience":98493,"relics_obtained":[{"floor":9,"key":"Mummified Hand"},{"floor":13,"key":"Bag of Preparation"},{"floor":22,"key":"Necronomicon"},{"floor":24,"key":"Bag of Marbles"},{"floor":25,"key":"Prayer Wheel"},{"floor":25,"key":"Dodecahedron"}],"event_choices":[{"damage_healed":0,"gold_gain":0,"player_choice":"Got Potions","damage_taken":0,"max_hp_gain":0,"max_hp_loss":0,"event_name":"Lab","floor":11,"gold_loss":0},{"damage_healed":0,"gold_gain":0,"player_choice":"Obtained Book","damage_taken":16,"max_hp_gain":0,"max_hp_loss":0,"event_name":"Cursed Tome","floor":22,"gold_loss":0},{"damage_healed":0,"gold_gain":0,"player_choice":"Fight","damage_taken":0,"max_hp_gain":0,"max_hp_loss":0,"event_name":"Colosseum","floor":25,"gold_loss":0},{"damage_healed":0,"gold_gain":0,"player_choice":"Fought Nobs","damage_taken":0,"max_hp_gain":0,"max_hp_loss":0,"event_name":"Colosseum","floor":25,"gold_loss":0},{"damage_healed":0,"gold_gain":0,"player_choice":"Inject Mutagens","damage_taken":0,"relics_obtained":["MutagenicStrength"],"max_hp_gain":0,"max_hp_loss":0,"event_name":"Drug Dealer","floor":30,"gold_loss":0}],"is_beta":false,"boss_relics":[{"not_picked":["Pandora\u0027s Box","Mark of Pain"],"picked":"White Beast Statue"}],"items_purged_floors":[4],"is_endless":false,"potions_floor_spawned":[7,8,12,14,18,19,21,24,25,25,31],"killed_by":"Automaton","ascension_level":0}