{"gold_per_floor":[114,114,138,313,313,313,334,370,425,425,54,72,120,70,70,70],"floor_reached":16,"playtime":510,"items_purged":["Strike_R"],"score":108,"play_id":"73a0c8bb-6671-48d7-ac2a-1461017f21db","local_time":"20190403010019","is_ascension_mode":true,"campfire_choices":[{"data":"Twin Strike","floor":6,"key":"SMITH"},{"floor":10,"key":"REST"},{"data":"Shrug It Off","floor":15,"key":"SMITH"}],"neow_cost":"NONE","seed_source_timestamp":1219590372937639,"circlet_count":0,"master_deck":["Strike_R","Strike_R","Strike_R","Defend_R","Defend_R","Defend_R","Defend_R+1","Bash+1","Twin Strike+1","Sword Boomerang","Doubt","Shockwave","Iron Wave","Shrug It Off+1","Rage"],"relics":["Burning Blood","Orichalcum","Golden Idol","Dream Catcher","Tiny Chest","Bronze Scales","Vajra","Strawberry"],"potions_floor_usage":[8],"damage_taken":[{"damage":11,"enemies":"Jaw Worm","floor":1,"turns":5},{"damage":6,"enemies":"Small Slimes","floor":3,"turns":3},{"damage":0,"enemies":"2 Louse","floor":7,"turns":3},{"damage":11,"enemies":"3 Sentries","floor":8,"turns":7},{"damage":10,"enemies":"2 Fungi Beasts","floor":12,"turns":3},{"damage":70,"enemies":"Slime Boss","floor":16,"turns":11}],"seed_played":"6092231032215180369","potions_obtained":[{"floor":7,"key":"Fire Potion"}],"is_trial":false,"path_per_floor":["M","?","M","?","?","R","M","E","T","R","$","M","T","?","R","B"],"character_chosen":"IRONCLAD","items_purchased":["Bronze Scales","Vajra"],"campfire_rested":1,"item_purchase_floors":[11,11],"current_hp_per_floor":[75,55,55,55,39,39,45,40,40,64,64,60,67,67,67,0],"gold":70,"neow_bonus":"RANDOM_COMMON_RELIC","is_prod":false,"is_daily":false,"chose_seed":false,"campfire_upgraded":2,"win_rate":0,"timestamp":1554271219,"path_taken":["M","?","M","?","?","R","M","E","T","R","$","M","?","?","R","BOSS"],"build_version":"2019-01-23","purchased_purges":1,"victory":false,"max_hp_per_floor":[80,80,80,80,80,80,80,80,80,80,80,80,87,87,87,87],"card_choices":[{"not_picked":["Infernal Blade","Flex"],"picked":"Twin Strike","floor":1},{"not_picked":["Corruption","Seeing Red"],"picked":"Sword Boomerang","floor":3},{"not_picked":["Warcry","Pummel"],"picked":"Shockwave","floor":7},{"not_picked":["Double Tap","Cleave"],"picked":"Iron Wave","floor":8},{"not_picked":["Uppercut","Thunderclap"],"picked":"Shrug It Off","floor":10},{"not_picked":["Sword Boomerang","Uppercut"],"picked":"Rage","floor":12}],"player_experience":206006,"relics_obtained":[{"floor":8,"key":"Dream Catcher"},{"floor":9,"key":"Tiny Chest"},{"floor":13,"key":"Strawberry"}],"event_choices":[{"damage_healed":0,"gold_gain":0,"player_choice":"Take Damage","damage_taken":20,"relics_obtained":["Golden Idol"],"max_hp_gain":0,"max_hp_loss":0,"event_name":"Golden Idol","floor":2,"gold_loss":0},{"damage_healed":0,"gold_gain":175,"player_choice":"AGREE","damage_taken":0,"max_hp_gain":0,"max_hp_loss":0,"event_name":"Liars Game","floor":4,"gold_loss":0,"cards_obtained":["Doubt"]},{"damage_healed":0,"gold_gain":0,"player_choice":"Entered Light","damage_taken":16,"max_hp_gain":0,"max_hp_loss":0,"event_name":"Shining Light","floor":5,"gold_loss":0,"cards_upgraded":["Defend_R","Bash"]},{"cards_removed":["Strike_R"],"damage_healed":0,"gold_gain":0,"player_choice":"Card Removal","damage_taken":0,"max_hp_gain":0,"max_hp_loss":0,"event_name":"The Cleric","floor":14,"gold_loss":50}],"is_beta":false,"boss_relics":[],"items_purged_floors":[11],"is_endless":false,"potions_floor_spawned":[7],"killed_by":"Slime Boss","ascension_level":2}