{"path_per_floor":["M","M","?","?","?","E","$","R","T","R","E","M","$","M","R","B",null,"M","?","?","M","$","R","E","?","T","R","M","$","R","M","R"],"character_chosen":"IRONCLAD","items_purchased":["Lantern","Vajra","Body Slam"],"gold_per_floor":[110,120,120,120,120,147,0,0,0,0,33,44,44,63,63,165,165,176,176,176,188,14,14,43,73,155,155,169,94,94,104,104],"floor_reached":33,"campfire_rested":1,"playtime":1108,"current_hp_per_floor":[78,80,80,64,69,75,75,75,75,75,48,54,54,49,49,55,83,88,64,64,46,46,46,29,29,39,39,44,44,44,32,54],"items_purged":["Writhe"],"gold":104,"score":528,"play_id":"fa6f51c3-5996-4431-83df-c2fc748351f5","is_prod":false,"is_daily":false,"is_ascension_mode":true,"campfire_upgraded":6,"path_taken":["M","M","?","?","?","E","?","R","T","R","E","M","$","?","R","BOSS","M","?","?","?","$","R","E","?","T","R","?","?","R","M","R","BOSS"],"build_version":"2018-02-15-PROD1","purchased_purges":1,"victory":false,"master_deck":["Defend_R","Defend_R","Defend_R","Defend_R","Bash","Heavy Blade","Pommel Strike+1","Cleave+1","Inflame+1","Shrug It Off","Limit Break+1","Bite","Bite","Bite","Bite","Body Slam+1","Ghostly Armor","Inflame+1","Warcry+1"],"max_hp_per_floor":[80,80,80,80,85,85,85,85,85,85,92,92,92,92,92,92,92,92,64,64,64,64,64,64,64,74,74,74,74,74,74,74],"relics":["Burning Blood","NeowsBlessing","Blue Candle","Lantern","Shuriken","Strawberry","Sozu","Vajra","Dodecahedron","Tiny Chest","Pear"],"card_choices":[{"not_picked":["Armaments","Perfected Strike"],"picked":"Heavy Blade"},{"not_picked":["Havoc","Rupture"],"picked":"Pommel Strike"},{"not_picked":["Clothesline","Havoc"],"picked":"Cleave"},{"not_picked":["Pommel Strike","Heavy Blade"],"picked":"Inflame"},{"not_picked":["Anger","Whirlwind"],"picked":"Shrug It Off"},{"not_picked":["Bludgeon","Fiend Fire"],"picked":"Limit Break"},{"not_picked":["Twin Strike","Immolate"],"picked":"Ghostly Armor"},{"not_picked":["Intimidate","Rage"],"picked":"Inflame"},{"not_picked":["Flex","Dropkick"],"picked":"Warcry"}],"player_experience":155446,"potions_floor_usage":[16],"damage_taken":[{"damage":0,"enemies":"2 Louse","floor":1,"turns":1},{"damage":0,"enemies":"Jaw Worm","floor":2,"turns":1},{"damage":0,"enemies":"Gremlin Nob","floor":6,"turns":1},{"damage":40,"enemies":"Lagavulin","floor":11,"turns":4},{"damage":0,"enemies":"Small Slimes","floor":12,"turns":3},{"damage":11,"enemies":"Looter","floor":14,"turns":3},{"damage":0,"enemies":"Slime Boss","floor":16,"turns":5},{"damage":1,"enemies":"Spheric Guardian","floor":18,"turns":3},{"damage":26,"enemies":"Chosen","floor":21,"turns":4},{"damage":33,"enemies":"Slavers","floor":24,"turns":4},{"damage":11,"enemies":"3 Cultists","floor":28,"turns":4},{"damage":32,"enemies":"Centurion and Healer","floor":31,"turns":5},{"damage":83,"enemies":"Automaton","floor":33,"turns":6}],"event_choices":[{"event_name":"Liars Game","player_choice":"disagreed","floor":3,"damage_taken":0},{"event_name":"Shining Light","player_choice":"Entered Light","floor":4,"damage_taken":0},{"event_name":"Big Fish","player_choice":"Donut","floor":5,"damage_taken":0},{"event_name":"Vampires","player_choice":"Became a vampire","floor":19,"damage_taken":0},{"event_name":"Back to Basics","player_choice":"Elegance","floor":20,"damage_taken":0},{"event_name":"The Mausoleum","player_choice":"Yes","floor":25,"damage_taken":0}],"boss_relics":[{"not_picked":["White Beast Statue","Snecko Eye"],"picked":"Sozu"}],"potions_floor_spawned":[11,12,14,16,28,31],"seed_played":"-77771130599957479","killed_by":"Automaton","ascension_level":9,"is_trial":false}