{"gold_per_floor":[364,84,84,61,77,104,104,131,131,131,141,153,183,193,193,295,295,311,311,226,244,257,257,275,302,326,346,372,156,170,200,212,322,334,363,390,447,459,487,499,521,547,609,130,145,179,179,209,209,209],"floor_reached":51,"playtime":2413,"items_purged":[],"score":929,"play_id":"0ee87fb6-be5e-4056-9c4c-d6e3e30f2969","local_time":"20190418225123","is_ascension_mode":false,"campfire_choices":[{"data":"Immolate","floor":7,"key":"SMITH"},{"data":"1","floor":10,"key":"LIFT"},{"data":"2","floor":15,"key":"LIFT"},{"data":"Bash","floor":23,"key":"SMITH"},{"data":"3","floor":32,"key":"LIFT"},{"floor":40,"key":"REST"},{"data":"Clothesline","floor":47,"key":"SMITH"},{"data":"Inflame","floor":49,"key":"SMITH"}],"neow_cost":"PERCENT_DAMAGE","seed_source_timestamp":560206601108400,"circlet_count":0,"master_deck":["Strike_R","Strike_R","Strike_R","Strike_R","Strike_R","Defend_R","Defend_R","Defend_R","Defend_R","Bash+1","Carnage","Immolate+1","Cleave","Twin Strike","Fiend Fire","Iron Wave","Headbutt","Inflame+1","Anger","Fiend Fire","Second Wind+1","Warcry+1","Corruption+1","Flame Barrier+1","Disarm+1","Sentinel+1","Headbutt","Limit Break+1","Shrug It Off+1","Dark Shackles+1","Feel No Pain+1","Rage+1","Offering+1","Power Through+1","Battle Trance+1","Power Through+1","Clothesline+1","Pommel Strike+1"],"relics":["Burning Blood","Art of War","Ginger","Girya","Toxic Egg 2","Odd Mushroom","Mark of Pain","Anchor","Champion Belt","Pen Nib","Potion Belt","MawBank","Busted Crown","Du-Vu Doll","Kunai","Omamori","Thread and Needle","Letter Opener","FossilizedHelix"],"potions_floor_usage":[6,8,24,25,25,50,50],"damage_taken":[{"damage":0,"enemies":"2 Louse","floor":1,"turns":4},{"damage":6,"enemies":"Cultist","floor":5,"turns":3},{"damage":18,"enemies":"3 Sentries","floor":6,"turns":3},{"damage":11,"enemies":"Gremlin Nob","floor":8,"turns":3},{"damage":6,"enemies":"Jaw Worm","floor":11,"turns":2},{"damage":0,"enemies":"2 Fungi Beasts","floor":12,"turns":1},{"damage":9,"enemies":"The Mushroom Lair","floor":13,"turns":3},{"damage":0,"enemies":"3 Louse","floor":14,"turns":1},{"damage":0,"enemies":"Slime Boss","floor":16,"turns":5},{"damage":5,"enemies":"3 Byrds","floor":18,"turns":3},{"damage":0,"enemies":"Chosen","floor":21,"turns":4},{"damage":4,"enemies":"Snake Plant","floor":22,"turns":2},{"damage":2,"enemies":"Shelled Parasite and Fungi","floor":24,"turns":3},{"damage":20,"enemies":"Slavers","floor":25,"turns":5},{"damage":2,"enemies":"Snecko","floor":27,"turns":3},{"damage":11,"enemies":"Gremlin Leader","floor":28,"turns":6},{"damage":2,"enemies":"Centurion and Healer","floor":30,"turns":4},{"damage":9,"enemies":"Slavers","floor":31,"turns":4},{"damage":1,"enemies":"Champ","floor":33,"turns":7},{"damage":16,"enemies":"3 Darklings","floor":35,"turns":3},{"damage":3,"enemies":"3 Shapes","floor":36,"turns":3},{"damage":35,"enemies":"2 Orb Walkers","floor":37,"turns":6},{"damage":11,"enemies":"3 Darklings","floor":39,"turns":3},{"damage":6,"enemies":"Transient","floor":41,"turns":5},{"damage":1,"enemies":"Sphere and 2 Shapes","floor":42,"turns":5},{"damage":1,"enemies":"3 Darklings","floor":45,"turns":5},{"damage":0,"enemies":"Nemesis","floor":46,"turns":7},{"damage":6,"enemies":"Reptomancer","floor":48,"turns":6},{"damage":38,"enemies":"Donu and Deca","floor":50,"turns":11}],"seed_played":"-5128137217857648979","potions_obtained":[{"floor":6,"key":"Energy Potion"},{"floor":8,"key":"Block Potion"},{"floor":11,"key":"Energy Potion"},{"floor":16,"key":"AttackPotion"},{"floor":24,"key":"Poison Potion"},{"floor":25,"key":"Regen Potion"},{"floor":27,"key":"FairyPotion"},{"floor":31,"key":"SpeedPotion"},{"floor":39,"key":"Dexterity Potion"},{"floor":42,"key":"SteroidPotion"},{"floor":45,"key":"Explosive Potion"}],"is_trial":false,"path_per_floor":["M","$","?","$","M","E","R","E","T","R","M","M","?","M","R","B",null,"M","?","?","M","M","R","M","E","T","M","E","$","M","E","R","B",null,"M","M","?","?","M","R","M","M","T","$","M","E","R","E","R","B",null],"character_chosen":"IRONCLAD","items_purchased":["Immolate","Art of War","Strength Potion","Cleave","Limit Break+1","Shrug It Off+1","Dark Shackles+1","Battle Trance+1","Power Through+1","Thread and Needle","Clothesline"],"campfire_rested":1,"item_purchase_floors":[2,2,2,4,29,29,29,44,44,44,44],"current_hp_per_floor":[62,62,62,62,62,50,50,45,45,45,45,51,48,54,54,60,80,80,80,80,80,80,80,80,66,66,70,65,65,69,66,66,71,80,70,73,44,44,39,63,63,68,68,68,73,79,79,79,79,47],"gold":209,"neow_bonus":"TWO_FIFTY_GOLD","is_prod":false,"is_daily":false,"chose_seed":false,"campfire_upgraded":4,"win_rate":1,"timestamp":1555653083,"path_taken":["M","$","?","?","M","E","R","E","T","R","M","?","?","M","R","BOSS","M","?","?","M","M","R","M","E","T","M","E","$","?","E","R","BOSS","M","M","?","?","M","R","M","?","T","$","M","E","R","E","R","BOSS"],"build_version":"2019-01-23","purchased_purges":0,"victory":true,"max_hp_per_floor":[80,80,80,80,80,80,80,80,80,80,80,80,80,80,80,80,80,80,80,80,80,80,80,80,80,80,80,80,80,80,80,80,80,80,80,80,80,80,80,80,80,80,80,80,80,80,80,80,80,80],"card_choices":[{"not_picked":["Iron Wave","Thunderclap"],"picked":"Carnage","floor":1},{"not_picked":["Body Slam","Cleave","Corruption"],"picked":"SKIP","floor":5},{"not_picked":["Warcry","Perfected Strike"],"picked":"Twin Strike","floor":6},{"not_picked":["Cleave","Perfected Strike","Fiend Fire"],"picked":"SKIP","floor":8},{"not_picked":["Cleave","Perfected Strike"],"picked":"Fiend Fire","floor":8},{"not_picked":["Dropkick","Pommel Strike"],"picked":"Iron Wave","floor":11},{"not_picked":["True Grit+1","Heavy Blade"],"picked":"Headbutt","floor":12},{"not_picked":["Hemokinesis","Carnage"],"picked":"Inflame","floor":13},{"not_picked":["Searing Blow","Blood for Blood"],"picked":"Anger","floor":14},{"not_picked":["Barricade","Berserk"],"picked":"Fiend Fire","floor":16},{"not_picked":["Bloodletting+1","Rampage"],"picked":"Second Wind+1","floor":18},{"not_picked":["Flex+1","Searing Blow"],"picked":"Warcry+1","floor":21},{"not_picked":["Twin Strike","Evolve"],"picked":"Corruption+1","floor":22},{"not_picked":["Combust","Sword Boomerang+1"],"picked":"Flame Barrier+1","floor":24},{"not_picked":["Heavy Blade","Headbutt"],"picked":"Disarm+1","floor":25},{"not_picked":["Brutality","Perfected Strike"],"picked":"Sentinel+1","floor":27},{"not_picked":["Thunderclap","Cleave"],"picked":"Headbutt","floor":28},{"not_picked":["Havoc+1","Fiend Fire"],"picked":"Feel No Pain+1","floor":30},{"not_picked":["Blood for Blood","Corruption"],"picked":"Rage+1","floor":31},{"not_picked":["Immolate","Bludgeon"],"picked":"Offering+1","floor":33},{"not_picked":["Twin Strike+1"],"picked":"SKIP","floor":35},{"not_picked":["Evolve"],"picked":"SKIP","floor":36},{"not_picked":[],"picked":"Power Through+1","floor":39},{"not_picked":["Anger"],"picked":"SKIP","floor":41},{"not_picked":["Cleave+1"],"picked":"SKIP","floor":42},{"not_picked":["Infernal Blade+1"],"picked":"SKIP","floor":45},{"not_picked":["Pummel"],"picked":"SKIP","floor":46},{"not_picked":[],"picked":"Pommel Strike+1","floor":48}],"player_experience":448217,"relics_obtained":[{"floor":6,"key":"Ginger"},{"floor":8,"key":"Girya"},{"floor":9,"key":"Toxic Egg 2"},{"floor":13,"key":"Odd Mushroom"},{"floor":25,"key":"Champion Belt"},{"floor":26,"key":"Pen Nib"},{"floor":28,"key":"Potion Belt"},{"floor":31,"key":"MawBank"},{"floor":37,"key":"Du-Vu Doll"},{"floor":43,"key":"Omamori"},{"floor":46,"key":"Letter Opener"},{"floor":48,"key":"FossilizedHelix"}],"event_choices":[{"damage_healed":0,"gold_gain":0,"player_choice":"Ignored","damage_taken":0,"max_hp_gain":0,"max_hp_loss":0,"event_name":"NoteForYourself","floor":3,"gold_loss":0},{"damage_healed":0,"gold_gain":0,"player_choice":"Fought Mushrooms","damage_taken":0,"max_hp_gain":0,"max_hp_loss":0,"event_name":"Mushrooms","floor":13,"gold_loss":0},{"damage_healed":0,"gold_gain":0,"player_choice":"Ignored","damage_taken":0,"max_hp_gain":0,"max_hp_loss":0,"event_name":"Vampires","floor":19,"gold_loss":0},{"damage_healed":0,"gold_gain":0,"player_choice":"Obtained Relic","damage_taken":0,"relics_obtained":["Anchor"],"max_hp_gain":0,"max_hp_loss":0,"event_name":"Addict","floor":20,"gold_loss":85},{"damage_healed":0,"gold_gain":0,"player_choice":"Fight","damage_taken":0,"max_hp_gain":0,"max_hp_loss":0,"event_name":"Mysterious Sphere","floor":37,"gold_loss":0},{"damage_healed":0,"gold_gain":0,"player_choice":"Gave Potion","damage_taken":0,"relics_obtained":["Kunai"],"max_hp_gain":0,"max_hp_loss":0,"event_name":"WeMeetAgain","floor":38,"gold_loss":0}],"is_beta":false,"boss_relics":[{"not_picked":["Philosopher\u0027s Stone","Astrolabe"],"picked":"Mark of Pain"},{"not_picked":["Pandora\u0027s Box","Eternal Feather"],"picked":"Busted Crown"}],"items_purged_floors":[],"is_endless":false,"potions_floor_spawned":[6,8,11,16,21,24,25,27,31,39,42,45,46,48],"ascension_level":0}