{"gold_per_floor":[111,121,121,121,121,121,135,166,166,166,166,186,186,226,226,357,357,372,287,95,95,220,220,220,220,220,238,238,238,274,293,293,418,418,437,456,227,227,106,106,144,144,144,162,162,162],"floor_reached":46,"playtime":3785,"items_purged":["Strike_G","Defend_G"],"score":545,"play_id":"cc81c953-a5d5-4020-8bef-c268f4700d2e","local_time":"20190317153608","is_ascension_mode":true,"campfire_choices":[{"data":"Neutralize","floor":6,"key":"SMITH"},{"data":"Dodge and Roll","floor":11,"key":"SMITH"},{"data":"Catalyst","floor":13,"key":"SMITH"},{"data":"Bouncing Flask","floor":15,"key":"SMITH"},{"data":"PiercingWail","floor":23,"key":"SMITH"},{"data":"Well Laid Plans","floor":28,"key":"SMITH"},{"floor":32,"key":"REST"},{"data":"Caltrops","floor":40,"key":"SMITH"},{"data":"Blur","floor":42,"key":"SMITH"},{"floor":45,"key":"RECALL"}],"neow_cost":"NONE","seed_source_timestamp":334866109936610,"circlet_count":0,"master_deck":["Defend_G","Defend_G","Defend_G","Survivor","Neutralize+1","Backstab+1","Poisoned Stab","Dodge and Roll+1","Catalyst+1","Bouncing Flask+1","Bane+1","Corpse Explosion","Dagger Spray+1","Well Laid Plans+1","PiercingWail+1","Bite+1","Bite+1","Bite+1","Bite+1","Bite+1","Blur+1","Backflip","Poisoned Stab+1","Deflect+1","Prepared+1","Backstab+1","Caltrops+1","PiercingWail","Dodge and Roll+1","Acrobatics+1"],"relics":["Ring of the Snake","Golden Idol","Molten Egg 2","Bottled Flame","Empty Cage","Gremlin Horn","FossilizedHelix","Meat on the Bone","MutagenicStrength","Sundial","Nilry\u0027s Codex","Unceasing Top","Black Star","Centennial Puzzle","Nunchaku","Shuriken"],"potions_floor_usage":[8,8,8,16,16,30,41,41,41],"damage_taken":[{"damage":5,"enemies":"Small Slimes","floor":1,"turns":5},{"damage":7,"enemies":"2 Louse","floor":2,"turns":4},{"damage":0,"enemies":"Cultist","floor":7,"turns":4},{"damage":7,"enemies":"Gremlin Nob","floor":8,"turns":6},{"damage":12,"enemies":"Exordium Wildlife","floor":12,"turns":5},{"damage":8,"enemies":"3 Sentries","floor":14,"turns":10},{"damage":3,"enemies":"The Guardian","floor":16,"turns":8},{"damage":5,"enemies":"Chosen","floor":18,"turns":5},{"damage":24,"enemies":"Colosseum Slavers","floor":22,"turns":4},{"damage":32,"enemies":"Colosseum Nobs","floor":22,"turns":5},{"damage":15,"enemies":"Shell Parasite","floor":27,"turns":5},{"damage":10,"enemies":"Slavers","floor":30,"turns":4},{"damage":0,"enemies":"Snecko","floor":31,"turns":3},{"damage":42,"enemies":"Champ","floor":33,"turns":9},{"damage":37,"enemies":"3 Darklings","floor":35,"turns":6},{"damage":3,"enemies":"3 Shapes","floor":36,"turns":2},{"damage":30,"enemies":"Nemesis","floor":41,"turns":5},{"damage":19,"enemies":"3 Darklings","floor":44,"turns":3},{"damage":30,"enemies":"2 Orb Walkers","floor":46,"turns":4}],"seed_played":"9162122154039130185","potions_obtained":[{"floor":1,"key":"GamblersBrew"},{"floor":5,"key":"GhostInAJar"},{"floor":5,"key":"Block Potion"},{"floor":8,"key":"Dexterity Potion"},{"floor":12,"key":"Poison Potion"},{"floor":27,"key":"Explosive Potion"},{"floor":36,"key":"AttackPotion"},{"floor":41,"key":"Swift Potion"}],"is_trial":false,"path_per_floor":["M","M","?","?","?","R","M","E","T","?","R","M","R","E","R","B",null,"M","?","$","?","?","R","?","?","T","M","R","?","E","M","R","B",null,"M","M","$","?","$","R","E","R","T","M","R","?"],"character_chosen":"THE_SILENT","items_purchased":["Well Laid Plans","PiercingWail","FearPotion","Caltrops","Regen Potion","PiercingWail"],"campfire_rested":1,"item_purchase_floors":[20,20,37,37,39,39],"current_hp_per_floor":[72,65,65,65,65,65,65,58,58,71,71,59,59,51,51,48,68,63,63,63,47,15,15,15,15,15,30,30,14,25,28,42,26,47,25,28,28,28,28,28,22,22,22,21,21,0],"gold":162,"neow_bonus":"TEN_PERCENT_HP_BONUS","is_prod":false,"is_daily":false,"chose_seed":false,"campfire_upgraded":8,"win_rate":0,"timestamp":1552854968,"path_taken":["M","M","?","?","?","R","?","E","T","?","R","M","R","E","R","BOSS","M","?","$","?","?","R","?","?","T","M","R","?","E","M","R","BOSS","M","M","$","?","$","R","E","R","T","M","R","?"],"build_version":"2019-01-23","purchased_purges":2,"victory":false,"max_hp_per_floor":[77,77,71,71,71,71,71,71,71,71,71,71,71,71,71,71,68,68,68,68,47,47,47,47,47,47,47,47,47,47,47,47,47,47,47,47,47,47,47,47,47,47,47,47,47,47],"card_choices":[{"not_picked":["Skewer","Outmaneuver"],"picked":"Backstab","floor":1},{"not_picked":["Reflex","All Out Attack"],"picked":"Poisoned Stab","floor":2},{"not_picked":["Outmaneuver","Flying Knee"],"picked":"Dodge and Roll","floor":7},{"not_picked":["Skewer","Endless Agony"],"picked":"Catalyst","floor":8},{"not_picked":["Blade Dance","Backflip"],"picked":"Bouncing Flask","floor":12},{"not_picked":["Acrobatics","Bouncing Flask"],"picked":"Bane+1","floor":14},{"not_picked":["Phantasmal Killer","Unload+1"],"picked":"Corpse Explosion","floor":16},{"not_picked":["Acrobatics","Escape Plan"],"picked":"Dagger Spray+1","floor":18},{"not_picked":["Bane+1","Escape Plan"],"picked":"Blur","floor":22},{"not_picked":["Dodge and Roll","Prepared"],"picked":"Poisoned Stab+1","floor":27},{"not_picked":["Tactician","Flechettes+1"],"picked":"Deflect+1","floor":30},{"not_picked":["Deflect","Prepared","Poisoned Stab+1"],"picked":"SKIP","floor":31},{"not_picked":["Deadly Poison+1","Expertise+1"],"picked":"Prepared+1","floor":35},{"not_picked":["Deadly Poison","Flying Knee+1"],"picked":"Backstab+1","floor":36},{"not_picked":["Dagger Spray+1","Outmaneuver"],"picked":"Dodge and Roll+1","floor":41},{"not_picked":["Poisoned Stab+1","Finisher+1"],"picked":"Acrobatics+1","floor":44}],"player_experience":60673,"relics_obtained":[{"floor":8,"key":"Molten Egg 2"},{"floor":14,"key":"Bottled Flame"},{"floor":22,"key":"FossilizedHelix"},{"floor":22,"key":"Meat on the Bone"},{"floor":26,"key":"Sundial"},{"floor":29,"key":"Nilry\u0027s Codex"},{"floor":30,"key":"Unceasing Top"},{"floor":41,"key":"Centennial Puzzle"},{"floor":41,"key":"Nunchaku"},{"floor":43,"key":"Shuriken"}],"event_choices":[{"damage_healed":0,"gold_gain":0,"player_choice":"Lose Max HP","damage_taken":0,"relics_obtained":["Golden Idol"],"max_hp_gain":0,"max_hp_loss":6,"event_name":"Golden Idol","floor":3,"gold_loss":0},{"damage_healed":0,"gold_gain":0,"player_choice":"Grow","damage_taken":0,"max_hp_gain":0,"max_hp_loss":0,"event_name":"Living Wall","floor":4,"gold_loss":0,"cards_upgraded":["Backstab"]},{"damage_healed":0,"gold_gain":0,"player_choice":"Got Potions","damage_taken":0,"max_hp_gain":0,"max_hp_loss":0,"event_name":"Lab","floor":5,"gold_loss":0},{"damage_healed":17,"gold_gain":0,"player_choice":"Healed and dodged fight","damage_taken":0,"max_hp_gain":0,"max_hp_loss":0,"event_name":"Mushrooms","floor":10,"gold_loss":0,"cards_obtained":["Parasite"]},{"damage_healed":0,"gold_gain":0,"player_choice":"Obtained Relic","damage_taken":0,"relics_obtained":["Gremlin Horn"],"max_hp_gain":0,"max_hp_loss":0,"event_name":"Addict","floor":19,"gold_loss":85},{"damage_healed":0,"gold_gain":0,"player_choice":"Became a vampire","damage_taken":0,"max_hp_gain":0,"max_hp_loss":21,"event_name":"Vampires","floor":21,"gold_loss":0,"cards_obtained":["Bite","Bite","Bite","Bite","Bite"]},{"damage_healed":0,"gold_gain":0,"player_choice":"Fight","damage_taken":0,"max_hp_gain":0,"max_hp_loss":0,"event_name":"Colosseum","floor":22,"gold_loss":0},{"damage_healed":0,"gold_gain":0,"player_choice":"Fought Nobs","damage_taken":0,"max_hp_gain":0,"max_hp_loss":0,"event_name":"Colosseum","floor":22,"gold_loss":0},{"damage_healed":0,"gold_gain":0,"player_choice":"Inject Mutagens","damage_taken":0,"relics_obtained":["MutagenicStrength"],"max_hp_gain":0,"max_hp_loss":0,"event_name":"Drug Dealer","floor":24,"gold_loss":0},{"damage_healed":0,"gold_gain":0,"player_choice":"Read","damage_taken":0,"max_hp_gain":0,"max_hp_loss":0,"event_name":"The Library","floor":25,"gold_loss":0,"cards_obtained":["Backflip"]},{"damage_healed":0,"gold_gain":0,"player_choice":"Obtained Book","damage_taken":16,"max_hp_gain":0,"max_hp_loss":0,"event_name":"Cursed Tome","floor":29,"gold_loss":0},{"cards_removed":["Defend_G"],"damage_healed":0,"gold_gain":0,"player_choice":"Removed Skill","damage_taken":0,"max_hp_gain":0,"max_hp_loss":0,"event_name":"Falling","floor":38,"gold_loss":0},{"damage_healed":0,"gold_gain":0,"player_choice":"Fight","damage_taken":0,"max_hp_gain":0,"max_hp_loss":0,"event_name":"Mysterious Sphere","floor":46,"gold_loss":0}],"is_beta":false,"boss_relics":[{"not_picked":["Tiny House","Calling Bell"],"picked":"Empty Cage"},{"not_picked":["Orrery","Runic Pyramid"],"picked":"Black Star"}],"items_purged_floors":[20,37],"is_endless":false,"potions_floor_spawned":[1,7,8,12,22,27,36,41],"killed_by":"2 Orb Walkers","ascension_level":1}