{"gold_per_floor":[111,36,36,52,64,64,93,243,243,243,74,100,100,100,100,177,177,193,193,193],"floor_reached":20,"playtime":1275,"items_purged":["Decay"],"score":356,"play_id":"0170af28-7d48-4fa6-9c2c-c1afe3e18e2a","local_time":"20190115011523","is_ascension_mode":true,"campfire_choices":[{"data":"Rip and Tear","floor":6,"key":"SMITH"},{"floor":10,"key":"REST"},{"floor":15,"key":"REST"}],"neow_cost":"CURSE","seed_source_timestamp":390669160421546,"circlet_count":0,"master_deck":["AscendersBane","Strike_B","Strike_B","Strike_B","Strike_B","Defend_B","Defend_B","Defend_B","Zap","Dualcast","Recycle","Cold Snap","Rip and Tear+1","Defragment","Doubt","Static Discharge+1","Biased Cognition","Melter","Leap","Go for the Eyes","Steam","Self Repair"],"relics":["Cracked Core","Pen Nib","Darkstone Periapt","PreservedInsect","Juzu Bracelet","Orrery"],"potions_floor_usage":[19],"damage_taken":[{"damage":1,"enemies":"2 Louse","floor":1,"turns":3},{"damage":20,"enemies":"Small Slimes","floor":4,"turns":3},{"damage":4,"enemies":"Cultist","floor":5,"turns":3},{"damage":28,"enemies":"Gremlin Nob","floor":7,"turns":4},{"damage":29,"enemies":"Lagavulin","floor":12,"turns":5},{"damage":23,"enemies":"The Guardian","floor":16,"turns":10},{"damage":3,"enemies":"Spheric Guardian","floor":18,"turns":3},{"damage":62,"enemies":"Colosseum Slavers","floor":19,"turns":6},{"damage":14,"enemies":"Shell Parasite","floor":20,"turns":2}],"seed_played":"-4115454909878116988","potions_obtained":[{"floor":4,"key":"LiquidBronze"},{"floor":5,"key":"Weak Potion"},{"floor":16,"key":"AttackPotion"}],"is_trial":false,"path_per_floor":["M","$","?","M","M","R","E","?","T","R","$","E","?","?","R","B",null,"M","?","M"],"character_chosen":"DEFECT","items_purchased":["PreservedInsect"],"campfire_rested":2,"item_purchase_floors":[11],"current_hp_per_floor":[77,77,70,50,46,46,18,18,18,43,43,14,14,14,39,16,68,65,10,0],"gold":193,"neow_bonus":"TWENTY_PERCENT_HP_BONUS","is_prod":false,"is_daily":false,"chose_seed":false,"campfire_upgraded":1,"win_rate":0,"timestamp":1547511323,"path_taken":["M","$","?","M","M","R","E","?","T","R","$","E","?","?","R","BOSS","M","?","M"],"build_version":"2019-01-10","purchased_purges":1,"victory":false,"max_hp_per_floor":[85,85,85,85,85,85,85,85,85,85,85,85,85,85,85,85,85,85,85,85],"card_choices":[{"not_picked":["Beam Cell","Hologram"],"picked":"Recycle","floor":1},{"not_picked":["Conserve Battery","Barrage"],"picked":"Cold Snap","floor":4},{"not_picked":["Stack","Beam Cell"],"picked":"Rip and Tear","floor":5},{"not_picked":["Rainbow","Leap"],"picked":"Defragment","floor":7},{"not_picked":["Thunder Strike","Cold Snap"],"picked":"Static Discharge","floor":12},{"not_picked":["Reboot","Echo Form"],"picked":"Biased Cognition","floor":16},{"not_picked":["Redo","Hologram"],"picked":"Melter","floor":17},{"not_picked":["Storm","Compile Driver"],"picked":"Leap","floor":17},{"not_picked":["Leap","Hologram"],"picked":"Go for the Eyes","floor":17},{"not_picked":["Hologram","Reprogram"],"picked":"Steam","floor":17},{"not_picked":["Steam Power","Hologram+1"],"picked":"Self Repair","floor":18}],"player_experience":431646,"relics_obtained":[{"floor":7,"key":"Pen Nib"},{"floor":9,"key":"Darkstone Periapt"},{"floor":12,"key":"Juzu Bracelet"}],"event_choices":[{"cards_removed":["Defend_B"],"damage_healed":0,"gold_gain":0,"player_choice":"Card Removal","damage_taken":7,"max_hp_gain":0,"max_hp_loss":0,"event_name":"Golden Wing","floor":3,"gold_loss":0},{"damage_healed":0,"gold_gain":150,"player_choice":"AGREE","damage_taken":0,"max_hp_gain":0,"max_hp_loss":0,"event_name":"Liars Game","floor":8,"gold_loss":0,"cards_obtained":["Doubt"]},{"damage_healed":0,"gold_gain":0,"player_choice":"Upgraded","damage_taken":0,"max_hp_gain":0,"max_hp_loss":0,"event_name":"Upgrade Shrine","floor":13,"gold_loss":0,"cards_upgraded":["Static Discharge"]},{"damage_healed":0,"gold_gain":0,"player_choice":"Fled","damage_taken":0,"max_hp_gain":0,"max_hp_loss":0,"event_name":"Scrap Ooze","floor":14,"gold_loss":0},{"damage_healed":0,"gold_gain":0,"player_choice":"Fight","damage_taken":0,"max_hp_gain":0,"max_hp_loss":0,"event_name":"Colosseum","floor":19,"gold_loss":0},{"damage_healed":0,"gold_gain":0,"player_choice":"Fled From Nobs","damage_taken":0,"max_hp_gain":0,"max_hp_loss":0,"event_name":"Colosseum","floor":19,"gold_loss":0}],"is_beta":false,"boss_relics":[{"not_picked":["Runic Dome","Philosopher\u0027s Stone"],"picked":"Orrery"}],"items_purged_floors":[2],"is_endless":false,"potions_floor_spawned":[4,5,16,18],"killed_by":"Shell Parasite","ascension_level":20}