{"gold_per_floor":[110,129,149,149,74,74,149,190,215,215,248,248,291,291,291,291],"floor_reached":16,"playtime":832,"items_purged":[],"score":122,"play_id":"df492e56-5344-4606-a509-93f306ad3e84","local_time":"20181216003243","is_ascension_mode":true,"campfire_choices":[{"data":"All Out Attack","floor":6,"key":"SMITH"},{"floor":10,"key":"REST"},{"data":"Burst","floor":12,"key":"SMITH"},{"floor":15,"key":"REST"}],"neow_cost":"NONE","seed_source_timestamp":42701915950671,"circlet_count":0,"master_deck":["Defend_G","Defend_G","Defend_G","Defend_G","Defend_G","Strike_G","Strike_G","Strike_G","Strike_G","Strike_G","Survivor","Neutralize","Burst+1","All Out Attack+1","Blur","Dagger Spray","All Out Attack","Sucker Punch"],"relics":["Ring of the Snake","Golden Idol","Omamori","Art of War","Ancient Tea Set"],"potions_floor_usage":[8,11],"damage_taken":[{"damage":1,"enemies":"2 Louse","floor":1,"turns":3},{"damage":1,"enemies":"Jaw Worm","floor":2,"turns":5},{"damage":0,"enemies":"Small Slimes","floor":3,"turns":5},{"damage":1,"enemies":"3 Sentries","floor":8,"turns":4},{"damage":11,"enemies":"Gremlin Nob","floor":11,"turns":3},{"damage":42,"enemies":"Lagavulin","floor":13,"turns":7},{"damage":22,"enemies":"Slime Boss","floor":16,"turns":9}],"seed_played":"-8918006196219104637","potions_obtained":[{"floor":1,"key":"Fire Potion"},{"floor":2,"key":"FearPotion"}],"is_trial":false,"path_per_floor":["M","M","M","?","$","R","?","E","T","R","E","R","E","?","R","B"],"character_chosen":"THE_SILENT","items_purchased":["All Out Attack"],"campfire_rested":2,"item_purchase_floors":[5],"current_hp_per_floor":[69,68,68,51,51,51,40,39,39,60,49,49,7,4,25,3],"gold":291,"neow_bonus":"ONE_RANDOM_RARE_CARD","is_prod":false,"is_daily":false,"chose_seed":false,"campfire_upgraded":2,"win_rate":0,"timestamp":1544938363,"path_taken":["M","M","M","?","$","R","?","E","T","R","E","R","E","?","R","BOSS"],"build_version":"2018-12-13","purchased_purges":0,"victory":false,"max_hp_per_floor":[70,70,70,70,70,70,70,70,70,70,70,70,70,70,70,70],"card_choices":[{"not_picked":["Sucker Punch","Quick Slash"],"picked":"All Out Attack","floor":1},{"not_picked":["Concentrate","Dagger Spray"],"picked":"Blur","floor":2},{"not_picked":["Accuracy","Riddle With Holes"],"picked":"Dagger Spray","floor":3},{"not_picked":["Quick Slash","Caltrops"],"picked":"Sucker Punch","floor":8},{"not_picked":["Terror","Cloak And Dagger","Reflex"],"picked":"SKIP","floor":11},{"not_picked":["Blade Dance","Slice","Riddle With Holes"],"picked":"SKIP","floor":13}],"player_experience":530277,"relics_obtained":[{"floor":8,"key":"Omamori"},{"floor":11,"key":"Art of War"},{"floor":13,"key":"Ancient Tea Set"}],"event_choices":[{"damage_healed":0,"gold_gain":0,"player_choice":"Take Damage","damage_taken":17,"relics_obtained":["Golden Idol"],"max_hp_gain":0,"max_hp_loss":0,"event_name":"Golden Idol","floor":4,"gold_loss":0},{"damage_healed":0,"gold_gain":75,"player_choice":"Gather Gold","damage_taken":11,"max_hp_gain":0,"max_hp_loss":0,"event_name":"World of Goop","floor":7,"gold_loss":0},{"damage_healed":0,"gold_gain":0,"player_choice":"Fled","damage_taken":3,"max_hp_gain":0,"max_hp_loss":0,"event_name":"Scrap Ooze","floor":14,"gold_loss":0}],"is_beta":false,"boss_relics":[],"items_purged_floors":[],"is_endless":false,"potions_floor_spawned":[1,2],"killed_by":"Slime Boss","ascension_level":1}