{"gold_per_floor":[211,91,104,115,130,130,158,158,158,185,150,150,150,160,160,263,263,277,293,339,352,352,352,369,369,369,382,396,406,163,182,182,282,282,301,319,12,26,26,26,41,41,41,76,76,91,91,91,91,91],"floor_reached":50,"playtime":4974,"items_purged":["Strike_B","Defend_B","Defend_B"],"score":486,"play_id":"e5d189f5-f715-448e-bb5f-03c20cbe1f38","local_time":"20181225163159","is_ascension_mode":false,"campfire_choices":[{"data":"Conserve Battery","floor":6,"key":"SMITH"},{"floor":12,"key":"REST"},{"data":"Loop","floor":15,"key":"SMITH"},{"data":"Self Repair","floor":23,"key":"SMITH"},{"floor":25,"key":"REST"},{"data":"Consume","floor":32,"key":"SMITH"},{"data":"Dualcast","floor":40,"key":"SMITH"},{"data":"Coolheaded","floor":42,"key":"SMITH"},{"data":"Rainbow","floor":45,"key":"SMITH"},{"data":"Conserve Battery","floor":47,"key":"SMITH"},{"data":"Leap","floor":49,"key":"SMITH"}],"neow_cost":"NONE","seed_source_timestamp":399428066557876,"circlet_count":0,"master_deck":["Strike_B","Strike_B","Defend_B","Defend_B","Zap+1","Dualcast+1","Cold Snap","Conserve Battery+1","Consume+1","Ball Lightning","Coolheaded+1","Self Repair+1","Loop+1","FTL+1","Leap+1","Glacier+1","Streamline+1","Leap+1","Rainbow+1","Redo+1","Darkness+1","Conserve Battery+1","Madness","Madness"],"relics":["Cracked Core","Centennial Puzzle","Bottled Lightning","Du-Vu Doll","Lizard Tail","Smiling Mask","Mango","Membership Card","Nuclear Battery","Toolbox","StoneCalendar","Turnip","Meat on the Bone"],"potions_floor_usage":[7,10,21,24,33,38,38],"damage_taken":[{"damage":0,"enemies":"Small Slimes","floor":1,"turns":3},{"damage":6,"enemies":"Jaw Worm","floor":3,"turns":3},{"damage":1,"enemies":"Cultist","floor":4,"turns":3},{"damage":14,"enemies":"Lots of Slimes","floor":5,"turns":4},{"damage":33,"enemies":"Gremlin Nob","floor":7,"turns":5},{"damage":10,"enemies":"3 Sentries","floor":10,"turns":5},{"damage":2,"enemies":"Large Slime","floor":14,"turns":4},{"damage":30,"enemies":"The Guardian","floor":16,"turns":10},{"damage":2,"enemies":"Chosen","floor":18,"turns":5},{"damage":0,"enemies":"Shell Parasite","floor":19,"turns":9},{"damage":27,"enemies":"Cultist and Chosen","floor":21,"turns":10},{"damage":31,"enemies":"3 Cultists","floor":24,"turns":7},{"damage":8,"enemies":"Chosen and Byrds","floor":27,"turns":7},{"damage":16,"enemies":"Snake Plant","floor":28,"turns":5},{"damage":13,"enemies":"Cultist and Chosen","floor":29,"turns":7},{"damage":16,"enemies":"3 Cultists","floor":31,"turns":7},{"damage":62,"enemies":"Automaton","floor":33,"turns":16},{"damage":1,"enemies":"3 Shapes","floor":35,"turns":5},{"damage":8,"enemies":"Orb Walker","floor":36,"turns":3},{"damage":13,"enemies":"Sphere and 2 Shapes","floor":38,"turns":7},{"damage":15,"enemies":"Jaw Worm Horde","floor":41,"turns":5},{"damage":24,"enemies":"Giant Head","floor":44,"turns":12},{"damage":6,"enemies":"4 Shapes","floor":46,"turns":7},{"damage":71,"enemies":"Donu and Deca","floor":50,"turns":10}],"seed_played":"-7279515261532549468","potions_obtained":[{"floor":5,"key":"SpeedPotion"},{"floor":7,"key":"AttackPotion"},{"floor":14,"key":"Ancient Potion"},{"floor":21,"key":"Block Potion"},{"floor":27,"key":"Block Potion"},{"floor":29,"key":"Strength Potion"},{"floor":35,"key":"GamblersBrew"},{"floor":36,"key":"Weak Potion"}],"is_trial":false,"path_per_floor":["M","$","M","M","M","R","E","$","T","E","?","R","?","M","R","B",null,"M","M","T","M","?","R","M","R","T","M","M","M","$","M","R","B",null,"M","M","$","M","$","R","M","R","T","E","R","M","R","?","R","B"],"character_chosen":"DEFECT","items_purchased":["Conserve Battery","Membership Card","Toolbox","StoneCalendar"],"campfire_rested":2,"item_purchase_floors":[2,30,37,37],"current_hp_per_floor":[75,75,69,68,54,54,21,21,21,11,29,51,51,56,56,33,75,75,75,75,55,55,55,34,56,70,72,66,63,63,57,57,52,89,89,89,89,86,86,86,81,81,81,67,67,71,71,60,60,0],"gold":91,"neow_bonus":"HUNDRED_GOLD","is_prod":false,"is_daily":false,"chose_seed":false,"campfire_upgraded":9,"win_rate":0,"timestamp":1545784319,"path_taken":["M","$","M","M","M","R","E","$","T","E","?","R","?","M","R","BOSS","M","M","?","?","?","R","M","R","T","M","M","M","$","M","R","BOSS","M","?","$","M","$","R","M","R","T","E","R","M","R","?","R","BOSS"],"build_version":"2018-12-20","purchased_purges":3,"victory":false,"max_hp_per_floor":[75,75,75,75,75,75,75,75,75,75,75,75,75,75,75,75,75,75,75,75,75,75,75,75,75,89,89,89,89,89,89,89,89,89,89,89,89,89,89,89,89,89,89,89,89,89,89,89,89,89],"card_choices":[{"not_picked":["Reprogram","Turbo"],"picked":"Cold Snap","floor":1},{"not_picked":["Beam Cell","Go for the Eyes"],"picked":"Consume","floor":3},{"not_picked":["Melter","Cold Snap"],"picked":"Ball Lightning","floor":4},{"not_picked":["Darkness","Machine Learning"],"picked":"Coolheaded","floor":5},{"not_picked":["Stack","Double Energy"],"picked":"Self Repair","floor":7},{"not_picked":["Hologram","Streamline"],"picked":"Loop","floor":10},{"not_picked":["Doom and Gloom","Gash","Hologram"],"picked":"SKIP","floor":14},{"not_picked":["Turbo","Hello World+1"],"picked":"FTL+1","floor":18},{"not_picked":["Sweeping Beam","Hello World","Go for the Eyes"],"picked":"SKIP","floor":19},{"not_picked":["Heatsinks","Stack","Sweeping Beam+1"],"picked":"SKIP","floor":21},{"not_picked":["Cold Snap","Rebound"],"picked":"Leap","floor":24},{"not_picked":["Double Energy+1","Aggregate","Steam"],"picked":"SKIP","floor":27},{"not_picked":["Steam","Ball Lightning+1"],"picked":"Glacier+1","floor":28},{"not_picked":["Compile Driver","Skim"],"picked":"Streamline+1","floor":29},{"not_picked":["Cold Snap+1","Streamline+1"],"picked":"Leap+1","floor":31},{"not_picked":["Core Surge","Meteor Strike"],"picked":"Rainbow","floor":33},{"not_picked":["Beam Cell+1","Turbo","Leap"],"picked":"SKIP","floor":35},{"not_picked":["Steam","Chill","Consume"],"picked":"SKIP","floor":36},{"not_picked":["Recycle+1","Barrage","Turbo+1"],"picked":"SKIP","floor":38},{"not_picked":["Double Energy+1","Storm"],"picked":"Redo+1","floor":41},{"not_picked":["Ball Lightning","Core Surge"],"picked":"Darkness+1","floor":44},{"not_picked":["Go for the Eyes","Hologram+1"],"picked":"Conserve Battery","floor":46}],"player_experience":364303,"relics_obtained":[{"floor":7,"key":"Centennial Puzzle"},{"floor":9,"key":"Bottled Lightning"},{"floor":10,"key":"Du-Vu Doll"},{"floor":20,"key":"Smiling Mask"},{"floor":26,"key":"Mango"},{"floor":43,"key":"Turnip"},{"floor":44,"key":"Meat on the Bone"}],"event_choices":[{"damage_healed":18,"gold_gain":0,"player_choice":"Healed","damage_taken":0,"max_hp_gain":0,"max_hp_loss":0,"event_name":"The Cleric","floor":11,"gold_loss":35},{"cards_removed":["Strike_B"],"damage_healed":0,"gold_gain":0,"player_choice":"Purged","damage_taken":0,"max_hp_gain":0,"max_hp_loss":0,"event_name":"Purifier","floor":13,"gold_loss":0},{"damage_healed":0,"gold_gain":0,"player_choice":"Upgraded","damage_taken":0,"max_hp_gain":0,"max_hp_loss":0,"event_name":"Upgrade Shrine","floor":22,"gold_loss":0,"cards_upgraded":["Zap"]},{"damage_healed":0,"gold_gain":0,"player_choice":"Embrace Madness","damage_taken":11,"max_hp_gain":0,"max_hp_loss":0,"event_name":"Winding Halls","floor":48,"gold_loss":0,"cards_obtained":["Madness","Madness"]}],"is_beta":false,"boss_relics":[{"not_picked":["Calling Bell","Busted Crown"],"picked":"Lizard Tail"},{"not_picked":["Orrery","White Beast Statue"],"picked":"Nuclear Battery"}],"items_purged_floors":[2,30,37],"is_endless":false,"potions_floor_spawned":[5,7,14,21,27,29,35,36],"killed_by":"Donu and Deca","ascension_level":0}