{"path_per_floor":["M","$","?","M","?","R","E","M","T","?","R","?","R","E","R","B",null,"M","?","M","M"],"character_chosen":"DEFECT","items_purchased":["Capacitor","Gash"],"gold_per_floor":[110,28,28,47,23,23,53,70,97,97,97,97,97,130,130,230,230,245,245,256,271,271],"floor_reached":22,"campfire_rested":0,"playtime":956,"item_purchase_floors":[2,2],"current_hp_per_floor":[34,34,85,78,78,78,61,53,53,53,53,53,53,45,45,15,68,68,68,39,3,0],"items_purged":[],"gold":271,"score":250,"play_id":"06cda49b-6100-4f3a-8744-711000a3d283","local_time":"20180523131830","is_prod":false,"is_daily":false,"chose_seed":false,"is_ascension_mode":true,"campfire_upgraded":4,"win_rate":0.36842105,"timestamp":1527074310,"campfire_choices":[{"data":"Sweeping Beam","floor":6,"key":"SMITH"},{"data":"Static Discharge","floor":11,"key":"SMITH"},{"data":"Double Energy","floor":13,"key":"SMITH"},{"data":"Gash","floor":15,"key":"SMITH"}],"path_taken":["M","?","?","?","?","R","E","?","T","?","R","?","R","E","R","BOSS","M","?","M","?","?"],"build_version":"2018-05-22","seed_source_timestamp":344310656334524,"purchased_purges":0,"victory":false,"master_deck":["Strike_B","Strike_B","Defend_B","Defend_B","Defend_B","Defend_B","Zap","Dualcast","Ball Lightning","Double Energy+1","Capacitor","Gash+1","Sweeping Beam+1","Cold Snap","Static Discharge+1","Skim","Echo Form","Recycle","Ball Lightning+1"],"max_hp_per_floor":[75,75,85,85,85,85,85,85,85,85,85,85,85,85,85,85,85,85,85,85,85,85],"relics":["Cracked Core","Ancient Tea Set","Happy Flower","Oddly Smooth Stone","Nuclear Battery"],"card_choices":[{"not_picked":["Lockon","Cold Snap"],"picked":"Double Energy","floor":1},{"not_picked":["Scrape","Compile Driver"],"picked":"Sweeping Beam","floor":4},{"not_picked":["White Noise","Stack"],"picked":"Cold Snap","floor":7},{"not_picked":["Multi-Cast","Axe Kick"],"picked":"Static Discharge","floor":8},{"not_picked":["Force Field","Sweeping Beam"],"picked":"Skim","floor":14},{"not_picked":["Biased Cognition","Seek"],"picked":"Echo Form","floor":16},{"not_picked":["Reprogram","Static Discharge+1"],"picked":"Recycle","floor":18},{"not_picked":["Static Discharge","Scrape","Axe Kick"],"picked":"SKIP","floor":20},{"not_picked":["Hello World","Turbo"],"picked":"Ball Lightning+1","floor":21}],"player_experience":78087,"potions_floor_usage":[7,14],"damage_taken":[{"damage":0,"enemies":"Cultist","floor":1,"turns":3},{"damage":7,"enemies":"Jaw Worm","floor":4,"turns":3},{"damage":17,"enemies":"Gremlin Nob","floor":7,"turns":4},{"damage":8,"enemies":"Small Slimes","floor":8,"turns":2},{"damage":8,"enemies":"3 Sentries","floor":14,"turns":4},{"damage":30,"enemies":"Slime Boss","floor":16,"turns":6},{"damage":0,"enemies":"Spheric Guardian","floor":18,"turns":3},{"damage":29,"enemies":"Chosen","floor":20,"turns":4},{"damage":36,"enemies":"Snake Plant","floor":21,"turns":3},{"damage":14,"enemies":"Sentry and Sphere","floor":22,"turns":2}],"relics_obtained":[{"floor":7,"key":"Ancient Tea Set"},{"floor":9,"key":"Happy Flower"},{"floor":14,"key":"Oddly Smooth Stone"}],"event_choices":[{"event_name":"Bonfire Elementals","player_choice":"RARE","floor":3,"damage_taken":0},{"event_name":"World of Goop","player_choice":"Left","floor":5,"damage_taken":0},{"event_name":"The Lab","player_choice":"Got Potions","floor":10,"damage_taken":0},{"event_name":"Liars Game","player_choice":"disagreed","floor":12,"damage_taken":0},{"event_name":"Ghosts","player_choice":"Ignored","floor":19,"damage_taken":0}],"boss_relics":[{"not_picked":["Tiny House","Orrery"],"picked":"Nuclear Battery"}],"items_purged_floors":[],"potions_floor_spawned":[1,8,16],"seed_played":"8759835027234892777","killed_by":"Sentry and Sphere","ascension_level":6,"potions_obtained":[{"floor":1,"key":"SpeedPotion"},{"floor":8,"key":"Swift Potion"},{"floor":10,"key":"FairyPotion"},{"floor":10,"key":"Fire Potion"},{"floor":16,"key":"SteroidPotion"}],"is_trial":false}