{"gold_per_floor":[19,19,36,51,51,51,69,104,104,121,134,169,169,181,181,286,286,286,286,241,241,241,241,241,241,241,241,241,241,241,241,241,241,241,241,241,241,5,5,5,5,5,5,5,5,5,5,5,5,5,5,5,5,5,5],"floor_reached":56,"playtime":3311,"items_purged":["Strike_R"],"score":1506,"play_id":"03f60f9c-4209-48d8-a543-0eb97df51a60","local_time":"20181216144905","is_ascension_mode":true,"campfire_choices":[{"data":"Bash","floor":6,"key":"SMITH"},{"data":"Body Slam","floor":13,"key":"SMITH"},{"data":"Iron Wave","floor":15,"key":"SMITH"},{"floor":24,"key":"REST"},{"floor":27,"key":"REST"},{"floor":30,"key":"REST"},{"data":"Armaments","floor":32,"key":"SMITH"},{"floor":41,"key":"RECALL"},{"data":"Strike_R","floor":47,"key":"PURGE"},{"data":"Barricade","floor":49,"key":"SMITH"},{"data":"Discovery","floor":52,"key":"SMITH"}],"neow_cost":"NO_GOLD","seed_source_timestamp":7220350526624,"circlet_count":0,"master_deck":["Strike_R","Strike_R","Defend_R","Defend_R","Defend_R","Defend_R","Bash+1","Impervious","Iron Wave+1","Shrug It Off","Flame Barrier","Flex","Body Slam+1","Uppercut","Shockwave","Seeing Red","Exhume","Whirlwind","Bandage Up","Discovery+1","Armaments+1","Iron Wave","Entrench+1","Impervious","Inflame+1","Entrench+1","Barricade+1","Parasite","Entrench+1"],"relics":["Burning Blood","Strawberry","Dodecahedron","FossilizedHelix","Turnip","Ectoplasm","Peace Pipe","Potion Belt","Runic Pyramid","Frozen Egg 2","Anchor","Bottled Tornado"],"potions_floor_usage":[8,12,12,16,23,33,33,39,40,42,46,54,55],"damage_taken":[{"damage":0,"enemies":"2 Louse","floor":1,"turns":4},{"damage":5,"enemies":"Cultist","floor":3,"turns":4},{"damage":2,"enemies":"Small Slimes","floor":4,"turns":4},{"damage":3,"enemies":"Red Slaver","floor":7,"turns":4},{"damage":45,"enemies":"Lagavulin","floor":8,"turns":9},{"damage":5,"enemies":"Large Slime","floor":10,"turns":8},{"damage":0,"enemies":"3 Louse","floor":11,"turns":5},{"damage":15,"enemies":"3 Sentries","floor":12,"turns":10},{"damage":4,"enemies":"Gremlin Gang","floor":14,"turns":5},{"damage":27,"enemies":"Slime Boss","floor":16,"turns":11},{"damage":0,"enemies":"Spheric Guardian","floor":18,"turns":5},{"damage":0,"enemies":"2 Thieves","floor":20,"turns":4},{"damage":24,"enemies":"3 Cultists","floor":22,"turns":7},{"damage":6,"enemies":"Book of Stabbing","floor":23,"turns":6},{"damage":0,"enemies":"Snecko","floor":28,"turns":4},{"damage":25,"enemies":"Cultist and Chosen","floor":29,"turns":7},{"damage":0,"enemies":"Collector","floor":33,"turns":6},{"damage":5,"enemies":"3 Darklings","floor":35,"turns":7},{"damage":0,"enemies":"3 Shapes","floor":36,"turns":6},{"damage":0,"enemies":"Jaw Worm Horde","floor":37,"turns":4},{"damage":0,"enemies":"Transient","floor":39,"turns":5},{"damage":0,"enemies":"3 Darklings","floor":40,"turns":6},{"damage":0,"enemies":"Writhing Mass","floor":42,"turns":4},{"damage":0,"enemies":"Giant Head","floor":44,"turns":5},{"damage":0,"enemies":"Transient","floor":45,"turns":5},{"damage":0,"enemies":"4 Shapes","floor":46,"turns":9},{"damage":10,"enemies":"Sphere and 2 Shapes","floor":48,"turns":6},{"damage":0,"enemies":"Donu and Deca","floor":50,"turns":6},{"damage":17,"enemies":"Shield and Spear","floor":54,"turns":7},{"damage":0,"enemies":"The Heart","floor":55,"turns":12}],"seed_played":"-498832450056891533","potions_obtained":[{"floor":1,"key":"Regen Potion"},{"floor":7,"key":"Ancient Potion"},{"floor":11,"key":"Regen Potion"},{"floor":14,"key":"PowerPotion"},{"floor":22,"key":"Fire Potion"},{"floor":28,"key":"PowerPotion"},{"floor":29,"key":"SpeedPotion"},{"floor":33,"key":"Swift Potion"},{"floor":35,"key":"Weak Potion"},{"floor":36,"key":"Explosive Potion"},{"floor":37,"key":"Strength Potion"},{"floor":44,"key":"Swift Potion"},{"floor":48,"key":"BloodPotion"},{"floor":54,"key":"Fire Potion"}],"is_trial":false,"path_per_floor":["M","?","M","M","T","R","M","E","T","M","M","E","R","M","R","B",null,"M","?","M","?","M","E","R","?","T","R","M","M","R","?","R","B",null,"M","M","M","$","M","M","R","M","T","E","M","M","R","M","R","B",null,"R","$","E","B",null],"character_chosen":"IRONCLAD","items_purchased":["Barricade"],"campfire_rested":3,"item_purchase_floors":[38],"current_hp_per_floor":[80,87,87,87,87,87,87,48,48,49,55,87,87,87,87,66,87,87,63,73,56,42,46,73,73,73,92,92,73,92,92,92,92,92,92,92,92,92,92,92,92,92,92,92,92,92,92,92,92,92,92,92,92,92,92],"gold":5,"neow_bonus":"THREE_RARE_CARDS","is_prod":false,"is_daily":false,"chose_seed":false,"campfire_upgraded":6,"win_rate":0,"timestamp":1544989745,"path_taken":["M","?","M","?","?","R","M","E","T","M","?","E","R","M","R","BOSS","M","?","?","?","M","E","R","?","T","R","M","M","R","?","R","BOSS","M","?","M","$","M","M","R","M","T","E","M","M","R","M","R","BOSS","R","$","E","BOSS"],"build_version":"2018-12-13","purchased_purges":1,"victory":true,"max_hp_per_floor":[80,87,87,87,87,87,87,87,87,87,87,87,87,87,87,87,87,87,87,87,92,92,92,92,92,92,92,92,92,92,92,92,92,92,92,92,92,92,92,92,92,92,92,92,92,92,92,92,92,92,92,92,92,92,92],"card_choices":[{"not_picked":["Limit Break","Exhume"],"picked":"Impervious","floor":0},{"not_picked":["Spot Weakness","Wild Strike"],"picked":"Iron Wave","floor":1},{"not_picked":["Seeing Red","Perfected Strike"],"picked":"Shrug It Off","floor":3},{"not_picked":["Barricade","Reckless Charge"],"picked":"Flame Barrier","floor":4},{"not_picked":["Wild Strike","Thunderclap"],"picked":"Flex","floor":7},{"not_picked":["Second Wind","Corruption"],"picked":"Body Slam","floor":8},{"not_picked":["Reckless Charge","Flame Barrier","Sentinel"],"picked":"SKIP","floor":10},{"not_picked":["Warcry","Heavy Blade"],"picked":"Uppercut","floor":11},{"not_picked":["Heavy Blade","Perfected Strike"],"picked":"Shockwave","floor":12},{"not_picked":["Havoc","Power Through"],"picked":"Seeing Red","floor":14},{"not_picked":["Impervious","Limit Break"],"picked":"Exhume","floor":16},{"not_picked":["Perfected Strike","Flex"],"picked":"Whirlwind","floor":18},{"not_picked":["Battle Trance","Rampage"],"picked":"Armaments","floor":20},{"not_picked":["Anger+1","Warcry","Pommel Strike+1"],"picked":"SKIP","floor":22},{"not_picked":["Corruption","Cleave+1"],"picked":"Iron Wave","floor":23},{"not_picked":["Evolve","Clothesline"],"picked":"Entrench+1","floor":28},{"not_picked":["Blood for Blood","Disarm"],"picked":"Impervious","floor":29},{"not_picked":["Clothesline","Infernal Blade+1"],"picked":"Inflame+1","floor":35},{"not_picked":["Thunderclap","Armaments+1","Flex"],"picked":"SKIP","floor":36},{"not_picked":["Iron Wave+1","Thunderclap+1"],"picked":"Entrench+1","floor":37},{"not_picked":["Armaments+1","Thunderclap+1","Inflame"],"picked":"SKIP","floor":39},{"not_picked":["Burning Pact+1","Intimidate","Heavy Blade"],"picked":"SKIP","floor":40},{"not_picked":["Sword Boomerang","Iron Wave+1"],"picked":"Entrench+1","floor":42},{"not_picked":["Cleave+1","Twin Strike+1","Heavy Blade"],"picked":"SKIP","floor":44},{"not_picked":["Reaper","Shockwave","Rampage+1"],"picked":"SKIP","floor":45},{"not_picked":["Seeing Red+1","Pommel Strike+1","Thunderclap"],"picked":"SKIP","floor":46},{"not_picked":["Warcry","Uppercut","Rage"],"picked":"SKIP","floor":48},{"not_picked":["Whirlwind+1","Wild Strike","Perfected Strike+1"],"picked":"SKIP","floor":54}],"player_experience":534293,"relics_obtained":[{"floor":2,"key":"Strawberry"},{"floor":8,"key":"Dodecahedron"},{"floor":9,"key":"FossilizedHelix"},{"floor":12,"key":"Turnip"},{"floor":23,"key":"Peace Pipe"},{"floor":26,"key":"Potion Belt"},{"floor":43,"key":"Frozen Egg 2"},{"floor":44,"key":"Anchor"},{"floor":54,"key":"Bottled Tornado"}],"event_choices":[{"damage_healed":0,"gold_gain":0,"player_choice":"Relic","damage_taken":0,"max_hp_gain":0,"max_hp_loss":0,"event_name":"Wheel of Change","floor":2,"gold_loss":0},{"damage_healed":0,"gold_gain":0,"player_choice":"CARD CARD ","damage_taken":24,"max_hp_gain":0,"max_hp_loss":0,"event_name":"Knowing Skull","floor":19,"potions_obtained":[],"gold_loss":0,"cards_obtained":["Bandage Up","Discovery"]},{"damage_healed":0,"gold_gain":0,"player_choice":"Shed Blood","damage_taken":22,"max_hp_gain":5,"max_hp_loss":0,"event_name":"Forgotten Altar","floor":21,"gold_loss":0},{"cards_removed":["Strike_R"],"damage_healed":0,"gold_gain":0,"player_choice":"Elegance","damage_taken":0,"max_hp_gain":0,"max_hp_loss":0,"event_name":"Back to Basics","floor":25,"gold_loss":0},{"damage_healed":0,"gold_gain":100,"player_choice":"Pray","damage_taken":0,"max_hp_gain":0,"max_hp_loss":0,"event_name":"Golden Shrine","floor":31,"gold_loss":0}],"is_beta":false,"boss_relics":[{"not_picked":["Runic Dome","Fusion Hammer"],"picked":"Ectoplasm"},{"not_picked":["Snecko Eye","Black Blood"],"picked":"Runic Pyramid"}],"items_purged_floors":[38],"is_endless":false,"potions_floor_spawned":[1,7,11,14,22,28,29,33,35,36,37,44,48,54],"ascension_level":1}