{"path_per_floor":["M","?","M","?","M","M","?","E","T","M","R","?","E","M","R","B",null,"M","$","M","M","?","E","?","M","T","M","E","?","?","E","R"],"character_chosen":"IRONCLAD","items_purchased":["Lantern","Panache"],"gold_per_floor":[109,109,129,129,140,158,158,186,186,198,198,198,228,242,242,342,342,361,8,27,44,44,75,75,91,91,101,133,48,48,82,82],"floor_reached":33,"campfire_rested":0,"playtime":3089,"current_hp_per_floor":[79,61,62,62,59,57,57,52,52,58,58,58,42,41,41,36,80,80,80,80,74,74,14,14,16,16,24,25,25,25,19,19],"items_purged":[],"gold":82,"play_id":"8139ea41-2a90-4f62-8e80-a2cbf3a142d1","is_prod":false,"is_daily":false,"is_ascension_mode":false,"campfire_upgraded":3,"path_taken":["M","?","M","?","M","M","?","E","T","M","R","?","E","M","R","BOSS","M","$","M","M","?","E","?","?","T","M","E","?","?","E","R","BOSS"],"build_version":"2018-02-01-PROD3","purchased_purges":0,"victory":false,"master_deck":["Strike_R","Strike_R","Strike_R","Strike_R+1","Strike_R","Defend_R","Defend_R","Defend_R+1","Defend_R+1","Bash+1","Perfected Strike+1","Battle Trance","Perfected Strike+1","Power Through","Rampage+1","Clothesline","Bludgeon","Iron Wave","Demon Form","Cleave","Panache","Metallicize","Body Slam","Twin Strike+1","Seeing Red+1","Pommel Strike","Dropkick","Armaments+1","Decay","Blood for Blood+1"],"max_hp_per_floor":[80,80,80,80,80,80,80,80,80,80,80,80,80,80,80,80,80,80,80,80,80,80,80,80,80,80,80,80,80,80,80,80],"relics":["Burning Blood","Ice Cream","Sundial","Matryoshka","Bronze Scales","War Paint","Self Forming Clay","White Beast Statue","Lantern","Pen Nib","Blood Vial","Centennial Puzzle","Whetstone","Mummified Hand","Pantograph"],"card_choices":[{"not_picked":["Disarm","Thunderclap"],"picked":"Perfected Strike"},{"not_picked":["Iron Wave","Thunderclap"],"picked":"Battle Trance"},{"not_picked":["Inflame","Armaments"],"picked":"Perfected Strike"},{"not_picked":["Uppercut","Sword Boomerang"],"picked":"Power Through"},{"not_picked":["Corruption","Combust"],"picked":"Rampage"},{"not_picked":["True Grit","Whirlwind"],"picked":"Clothesline"},{"not_picked":["Fiend Fire","Headbutt"],"picked":"Bludgeon"},{"not_picked":["Feel No Pain","Twin Strike"],"picked":"Iron Wave"},{"not_picked":["Offering","Bludgeon"],"picked":"Demon Form"},{"not_picked":["Rupture","Headbutt"],"picked":"Cleave"},{"not_picked":["Flame Barrier","Clothesline"],"picked":"Metallicize"},{"not_picked":["Metallicize","Perfected Strike"],"picked":"Body Slam"},{"not_picked":["Berserk","Rage"],"picked":"Twin Strike"},{"not_picked":["Heavy Blade","Rampage"],"picked":"Pommel Strike"},{"not_picked":["Perfected Strike","Cleave"],"picked":"Dropkick"},{"not_picked":["Whirlwind","Second Wind"],"picked":"Armaments"},{"not_picked":["Cleave","Clothesline"],"picked":"Blood for Blood"}],"player_experience":12277,"potions_floor_usage":[8,10,21,23,23,25,25,28,28,33,33],"damage_taken":[{"damage":7,"enemies":"Cultist","floor":1,"turns":4},{"damage":5,"enemies":"Jaw Worm","floor":3,"turns":4},{"damage":9,"enemies":"Blue Slaver","floor":5,"turns":5},{"damage":8,"enemies":"Large Slime","floor":6,"turns":5},{"damage":11,"enemies":"Lagavulin","floor":8,"turns":4},{"damage":0,"enemies":"Lots of Slimes","floor":10,"turns":2},{"damage":22,"enemies":"Gremlin Nob","floor":13,"turns":4},{"damage":7,"enemies":"Looter","floor":14,"turns":2},{"damage":11,"enemies":"The Guardian","floor":16,"turns":8},{"damage":2,"enemies":"3 Byrds","floor":18,"turns":4},{"damage":0,"enemies":"Chosen","floor":20,"turns":2},{"damage":12,"enemies":"Snake Plant","floor":21,"turns":5},{"damage":66,"enemies":"Gremlin Leader","floor":23,"turns":7},{"damage":4,"enemies":"3 Cultists","floor":25,"turns":4},{"damage":0,"enemies":"Centurion and Healer","floor":27,"turns":3},{"damage":22,"enemies":"Slavers","floor":28,"turns":6},{"damage":14,"enemies":"Gremlin Leader","floor":31,"turns":4},{"damage":67,"enemies":"Automaton","floor":33,"turns":6}],"event_choices":[{"event_name":"Scrap Ooze","player_choice":"success","floor":2,"damage_taken":18},{"event_name":"Purifier","player_choice":"One Purge","floor":4,"damage_taken":0},{"event_name":"The Cleric","player_choice":"Leave","floor":7,"damage_taken":0},{"event_name":"Upgrade Shrine","player_choice":"Upgraded","floor":12,"damage_taken":0},{"event_name":"Drug Dealer","player_choice":"Ignored","floor":22,"damage_taken":0},{"event_name":"The Library","player_choice":"Read","floor":24,"damage_taken":0},{"event_name":"Addict","player_choice":"Obtained Relic","floor":29,"damage_taken":0},{"event_name":"Forgotten Altar","player_choice":"Smashed Altar","floor":30,"damage_taken":0}],"boss_relics":[{"not_picked":["Runic Dome","Lizard Tail"],"picked":"White Beast Statue"}],"potions_floor_spawned":[1,6,13,18,20,21,23,25,27,28,31],"seed_played":"-7096022622183274663","killed_by":"Automaton","ascension_level":0,"is_trial":false}