{"gold_per_floor":[99,99,99,29,29,29,4,4,4,4,4,4,4,4,4,4,4,0,0,0,0,0,0,0,0,0,0,0,0],"floor_reached":29,"playtime":3419,"items_purged":[],"score":267,"play_id":"7e78beb8-e5b2-409c-ac6f-630e878c0405","local_time":"20190319211023","is_ascension_mode":true,"campfire_choices":[{"data":"Neutralize","floor":6.0,"key":"SMITH"},{"data":"Caltrops","floor":8.0,"key":"SMITH"},{"data":"Bouncing Flask","floor":12.0,"key":"SMITH"},{"data":"Tools of the Trade","floor":15.0,"key":"SMITH"},{"data":"After Image","floor":28,"key":"SMITH"}],"neow_cost":"NONE","seed_source_timestamp":0,"circlet_count":0,"master_deck":["Defend_G+1","Defend_G+1","Defend_G+1","Defend_G+1","Defend_G+1","Strike_G+1","Strike_G+1","Strike_G+1","Strike_G+1","Survivor","Neutralize+1","Catalyst+1","Acrobatics","Caltrops+1","PiercingWail","Bouncing Flask+1","Deadly Poison","Tools of the Trade+1","After Image+1","Blur+1","Bane","Die Die Die","Finesse","Dagger Throw+1","Well Laid Plans","Catalyst"],"special_seed":0,"relics":["Ectoplasm","WarpedTongs","Potion Belt","Shuriken","Empty Cage","Happy Flower"],"potions_floor_usage":[23,29,29],"damage_taken":[{"damage":0.0,"enemies":"Cultist","floor":1.0,"turns":4.0},{"damage":16.0,"enemies":"Jaw Worm","floor":3.0,"turns":4.0},{"damage":8.0,"enemies":"Lagavulin","floor":10.0,"turns":8.0},{"damage":4.0,"enemies":"Small Slimes","floor":11.0,"turns":3.0},{"damage":10.0,"enemies":"Red Slaver","floor":14.0,"turns":3.0},{"damage":43.0,"enemies":"Slime Boss","floor":16.0,"turns":9.0},{"damage":23.0,"enemies":"2 Thieves","floor":18.0,"turns":5.0},{"damage":11.0,"enemies":"3 Byrds","floor":19.0,"turns":3.0},{"damage":0,"enemies":"Sentry and Sphere","floor":22,"turns":4},{"damage":12,"enemies":"Gremlin Leader","floor":23,"turns":6},{"damage":15,"enemies":"Centurion and Healer","floor":24,"turns":6},{"damage":5,"enemies":"3 Cultists","floor":25,"turns":5},{"damage":16,"enemies":"Book of Stabbing","floor":29,"turns":1}],"seed_played":"-2734945159141157206","potions_obtained":[{"floor":1.0,"key":"Explosive Potion"},{"floor":3.0,"key":"AttackPotion"},{"floor":16.0,"key":"Fire Potion"},{"floor":22,"key":"AttackPotion"},{"floor":23,"key":"Poison Potion"},{"floor":24,"key":"GamblersBrew"}],"is_trial":false,"path_per_floor":["M","?","M","$","?","R","$","R","T","E","M","R","?","M","R","B",null,"M","M","?","?","M","E","M","M","T","?","R","E"],"character_chosen":"THE_SILENT","items_purchased":["Caltrops","PiercingWail"],"campfire_rested":0,"item_purchase_floors":[4,7],"current_hp_per_floor":[70,70,54,54,70,70,70,70,70,62,58,58,58,48,48,5,70,47,36,36,36,36,24,9,4,4,4,4,0],"gold":0,"neow_bonus":"BOSS_RELIC","is_prod":false,"is_daily":false,"chose_seed":false,"campfire_upgraded":5,"win_rate":0,"timestamp":1553047823,"path_taken":["M","?","?","$","?","R","$","R","T","E","M","R","?","M","R","BOSS","M","M","?","?","M","E","M","?","T","?","R","E"],"build_version":"2019-01-23","purchased_purges":0,"victory":false,"max_hp_per_floor":[70,70,70,70,70,70,70,70,70,70,70,70,70,70,70,70,70,70,70,70,70,70,70,70,70,70,70,70,70],"card_choices":[{"not_picked":["Finisher","Expertise"],"picked":"Catalyst","floor":1.0},{"not_picked":["Underhanded Strike","Sucker Punch"],"picked":"Acrobatics","floor":3.0},{"not_picked":["Underhanded Strike","Burst"],"picked":"Bouncing Flask","floor":10.0},{"not_picked":["Acrobatics","Flying Knee"],"picked":"Deadly Poison","floor":11.0},{"not_picked":["Outmaneuver","Sucker Punch"],"picked":"Tools of the Trade","floor":14.0},{"not_picked":["A Thousand Cuts","Die Die Die"],"picked":"After Image","floor":16.0},{"not_picked":["Bane","Footwork+1"],"picked":"Blur+1","floor":18.0},{"not_picked":["Flying Knee","Unload"],"picked":"Bane","floor":19},{"not_picked":["Prepared","Dagger Throw","Eviscerate+1"],"picked":"SKIP","floor":22},{"not_picked":["Tactician","Endless Agony"],"picked":"Dagger Throw+1","floor":23},{"not_picked":["Slice","Choke"],"picked":"Well Laid Plans","floor":24},{"not_picked":["Sucker Punch","Cloak And Dagger"],"picked":"Catalyst","floor":25}],"player_experience":77064,"relics_obtained":[{"floor":9.0,"key":"Potion Belt"},{"floor":10.0,"key":"Shuriken"},{"floor":23,"key":"Happy Flower"}],"event_choices":[{"damage_healed":0.0,"max_hp_gain":0.0,"max_hp_loss":0.0,"gold_gain":0.0,"event_name":"Accursed Blacksmith","player_choice":"Rummage","floor":2.0,"gold_loss":0.0,"damage_taken":0.0,"relics_obtained":["WarpedTongs"],"cards_obtained":["Pain"]},{"damage_healed":23.0,"max_hp_gain":0.0,"max_hp_loss":0.0,"gold_gain":0.0,"event_name":"Big Fish","player_choice":"Banana","floor":5.0,"gold_loss":0.0,"damage_taken":0.0},{"damage_healed":0.0,"max_hp_gain":0.0,"max_hp_loss":0.0,"gold_gain":0.0,"event_name":"Upgrade Shrine","player_choice":"Upgraded","floor":13.0,"gold_loss":0.0,"damage_taken":0.0,"cards_upgraded":["Catalyst"]},{"damage_healed":0,"gold_gain":0,"player_choice":"Simplicity","damage_taken":0,"max_hp_gain":0,"max_hp_loss":0,"event_name":"Back to Basics","floor":20,"gold_loss":0,"cards_upgraded":["Defend_G","Defend_G","Defend_G","Defend_G","Defend_G","Strike_G","Strike_G","Strike_G","Strike_G"]},{"damage_healed":0,"gold_gain":0,"player_choice":"2 cards matched","damage_taken":0,"max_hp_gain":0,"max_hp_loss":0,"event_name":"Match and Keep!","floor":21,"gold_loss":0,"cards_obtained":["Die Die Die","Finesse"]},{"damage_healed":0,"gold_gain":0,"player_choice":"Ignored","damage_taken":0,"max_hp_gain":0,"max_hp_loss":0,"event_name":"The Mausoleum","floor":27,"gold_loss":0}],"is_beta":false,"boss_relics":[{"not_picked":["Orrery","Velvet Choker"],"picked":"Empty Cage"}],"items_purged_floors":[],"is_endless":false,"potions_floor_spawned":[1,3,16,22,23,24],"killed_by":"Book of Stabbing","ascension_level":2}