{"gold_per_floor":[114,129,144,159,174,204,204,234,259,259],"floor_reached":10,"playtime":943,"items_purged":[],"score":105,"play_id":"47003147-3574-4a4d-8f20-c4ae553bab20","local_time":"20190130012249","daily_mods":["Specialized","Red Cards","Elite Swarm"],"is_ascension_mode":false,"campfire_choices":[{"data":"Body Slam","floor":7.0,"key":"SMITH"}],"neow_cost":"","seed_source_timestamp":1681872588586951,"circlet_count":0,"master_deck":["Defend_G","Defend_G","Defend_G","Defend_G","Defend_G","Strike_G","Strike_G","Strike_G","Strike_G","Strike_G","Survivor","Neutralize","Second Wind","Second Wind","Second Wind","Second Wind","Second Wind","Body Slam+1","Backflip","Wild Strike","Power Through","Tools of the Trade","Corpse Explosion"],"special_seed":17926,"relics":["Ring of the Snake","Bottled Flame","Snake Skull","Bag of Preparation"],"potions_floor_usage":[],"damage_taken":[{"damage":7.0,"enemies":"Cultist","floor":1.0,"turns":6.0},{"damage":0.0,"enemies":"2 Louse","floor":2.0,"turns":4.0},{"damage":1.0,"enemies":"Jaw Worm","floor":3.0,"turns":4.0},{"damage":1.0,"enemies":"Red Slaver","floor":4.0,"turns":4.0},{"damage":2.0,"enemies":"Large Slime","floor":5.0,"turns":9.0},{"damage":46.0,"enemies":"Lagavulin","floor":6.0,"turns":14.0},{"damage":10.0,"enemies":"3 Sentries","floor":8.0,"turns":11.0},{"damage":35,"enemies":"Lagavulin","floor":10,"turns":5}],"seed_played":"5247171825333593752","potions_obtained":[{"floor":1.0,"key":"SpeedPotion"},{"floor":4.0,"key":"SpeedPotion"},{"floor":6.0,"key":"FairyPotion"},{"floor":8.0,"key":"GamblersBrew"}],"is_trial":false,"path_per_floor":["M","M","M","M","M","E","R","E","T","E"],"character_chosen":"THE_SILENT","items_purchased":[],"campfire_rested":0,"item_purchase_floors":[],"current_hp_per_floor":[63,63,62,61,59,13,13,3,3,0],"gold":259,"neow_bonus":"","is_prod":false,"is_daily":true,"chose_seed":false,"campfire_upgraded":1,"win_rate":0,"timestamp":1548807769,"path_taken":["M","M","M","?","M","E","R","E","T","E"],"build_version":"2019-01-23","purchased_purges":0,"victory":false,"max_hp_per_floor":[70,70,70,70,70,70,70,70,70,70],"card_choices":[{"not_picked":["Blood for Blood","Seeing Red","Thunderclap"],"picked":"SKIP","floor":1.0},{"not_picked":["Anger","Quick Slash"],"picked":"Body Slam","floor":2.0},{"not_picked":["Body Slam","Deflect"],"picked":"Backflip","floor":3.0},{"not_picked":["Pommel Strike","Spot Weakness"],"picked":"Wild Strike","floor":4.0},{"not_picked":["Riddle With Holes","Choke"],"picked":"Power Through","floor":5.0},{"not_picked":["Unload","Brutality"],"picked":"Tools of the Trade","floor":6.0},{"not_picked":["Bullet Time","Unload"],"picked":"Corpse Explosion","floor":8.0}],"player_experience":917003,"relics_obtained":[{"floor":6.0,"key":"Bottled Flame"},{"floor":8.0,"key":"Snake Skull"},{"floor":9.0,"key":"Bag of Preparation"}],"event_choices":[],"is_beta":true,"boss_relics":[],"items_purged_floors":[],"is_endless":false,"potions_floor_spawned":[1,4,6,8],"killed_by":"Lagavulin","ascension_level":0}