{"gold_per_floor":[114,114,124,170,25,35,35,35,35,35,65,65,76,41,41,140,140,156,56,47,47,47],"floor_reached":22,"playtime":1165,"items_purged":["Strike_R","Strike_R"],"score":282,"play_id":"92d7322c-1402-4fee-9d40-d61d659ce11e","local_time":"20190415012421","is_ascension_mode":true,"campfire_choices":[{"data":"Rage","floor":7.0,"key":"SMITH"},{"data":"Armaments","floor":10.0,"key":"SMITH"},{"data":"Dual Wield","floor":12.0,"key":"SMITH"},{"data":"Bash","floor":15.0,"key":"SMITH"}],"neow_cost":"NONE","seed_source_timestamp":0,"circlet_count":0,"master_deck":["AscendersBane","Strike_R","Strike_R","Strike_R","Defend_R","Defend_R","Defend_R","Defend_R","Bash+1","Metallicize","Cleave","Battle Trance","Rage+1","Infernal Blade","Armaments+1","Mind Blast","Dual Wield+1","Rampage","Inflame","Juggernaut"],"special_seed":0,"relics":["Burning Blood","NeowsBlessing","Centennial Puzzle","Pantograph","Darkstone Periapt","Runic Pyramid"],"potions_floor_usage":[22,22],"damage_taken":[{"damage":0.0,"enemies":"Small Slimes","floor":1.0,"turns":1.0},{"damage":0.0,"enemies":"Cultist","floor":3.0,"turns":1.0},{"damage":0.0,"enemies":"Jaw Worm","floor":6.0,"turns":1.0},{"damage":20.0,"enemies":"Gremlin Nob","floor":11.0,"turns":4.0},{"damage":10.0,"enemies":"3 Louse","floor":13.0,"turns":3.0},{"damage":57.0,"enemies":"The Guardian","floor":16.0,"turns":9.0},{"damage":19.0,"enemies":"Chosen","floor":18.0,"turns":7.0},{"damage":26,"enemies":"2 Thieves","floor":20,"turns":4},{"damage":22,"enemies":"3 Cultists","floor":22,"turns":5}],"seed_played":"-2704785263503556843","potions_obtained":[{"floor":1.0,"key":"PowerPotion"},{"floor":16.0,"key":"Strength Potion"},{"floor":18,"key":"LiquidBronze"},{"floor":20,"key":"Dexterity Potion"}],"is_trial":false,"path_per_floor":["M","?","M","T","$","M","R","?","T","R","E","R","M","$","R","B",null,"M","$","M","?","M"],"character_chosen":"IRONCLAD","items_purchased":["Battle Trance","Inflame"],"campfire_rested":0,"item_purchase_floors":[5,14],"current_hp_per_floor":[78,78,80,80,80,80,80,80,80,80,66,66,62,62,62,29,67,54,54,34,34,12],"gold":47,"neow_bonus":"THREE_ENEMY_KILL","is_prod":false,"is_daily":false,"chose_seed":false,"campfire_upgraded":4,"win_rate":0,"timestamp":1555305861,"path_taken":["M","?","?","?","$","M","R","?","T","R","E","R","?","$","R","BOSS","M","$","M","?","M"],"build_version":"2019-01-23","purchased_purges":2,"victory":false,"max_hp_per_floor":[80,80,80,80,80,80,80,80,80,80,80,80,80,80,80,80,80,80,80,80,80,80],"card_choices":[{"not_picked":["Havoc","Clothesline"],"picked":"Metallicize","floor":1.0},{"not_picked":["Warcry","Iron Wave"],"picked":"Cleave","floor":3.0},{"not_picked":["Blood for Blood","Searing Blow"],"picked":"Rage","floor":6.0},{"not_picked":["Armaments","Brutality"],"picked":"Dual Wield","floor":11.0},{"not_picked":["Cleave","Searing Blow"],"picked":"Rampage","floor":13.0},{"not_picked":["Offering","Immolate"],"picked":"Juggernaut","floor":16.0},{"not_picked":["Headbutt","Wild Strike","Cleave+1"],"picked":"SKIP","floor":18},{"not_picked":["Cleave","Combust","True Grit"],"picked":"SKIP","floor":20}],"player_experience":937101,"relics_obtained":[{"floor":4.0,"key":"Centennial Puzzle"},{"floor":9.0,"key":"Pantograph"},{"floor":11.0,"key":"Darkstone Periapt"}],"event_choices":[{"damage_healed":0.0,"max_hp_gain":0.0,"max_hp_loss":0.0,"gold_gain":0.0,"event_name":"The Woman in Blue","player_choice":"Bought 0 Potions","floor":2.0,"gold_loss":0.0,"damage_taken":0.0},{"damage_healed":0.0,"max_hp_gain":0.0,"max_hp_loss":0.0,"gold_gain":0.0,"event_name":"Match and Keep!","player_choice":"3 cards matched","floor":8.0,"gold_loss":0.0,"damage_taken":0.0,"cards_obtained":["Infernal Blade","Armaments","Mind Blast"]},{"damage_healed":0,"gold_gain":0,"player_choice":"Ignored","damage_taken":0,"max_hp_gain":0,"max_hp_loss":0,"event_name":"Vampires","floor":21,"gold_loss":0}],"is_beta":false,"boss_relics":[{"not_picked":["Runic Cube","Eternal Feather"],"picked":"Runic Pyramid"}],"items_purged_floors":[5,19],"is_endless":false,"potions_floor_spawned":[1,16,18,20],"killed_by":"3 Cultists","ascension_level":11}