{"gold_per_floor":[119,119,133,133,208,208,241,241,267,278,278,288,6,6,6,110,110,129,44,62,62,62,74,102,39,51,63,75,122,149,161],"floor_reached":31,"playtime":1537,"items_purged":[],"score":276,"play_id":"54afc277-be94-471b-81da-2eaa894c7005","local_time":"20190330002823","is_ascension_mode":false,"campfire_choices":[{"floor":6,"key":"REST"},{"data":"Poisoned Stab","floor":8,"key":"SMITH"},{"data":"Skewer","floor":11,"key":"SMITH"},{"data":"Backstab","floor":15,"key":"SMITH"},{"data":"Skewer","floor":23,"key":"SMITH"},{"floor":27,"key":"REST"}],"neow_cost":"NONE","seed_source_timestamp":354642638807713,"circlet_count":0,"master_deck":["Defend_G","Defend_G","Defend_G","Defend_G","Defend_G","Strike_G","Strike_G","Strike_G","Strike_G","Strike_G","Survivor","Neutralize","Poisoned Stab+1","Slice","Backstab+1","Skewer+1","Catalyst","Catalyst","Skewer+1","Deadly Poison","Catalyst","Envenom","Quick Slash+1"],"relics":["Ring of the Snake","NeowsBlessing","Oddly Smooth Stone","Bottled Flame","Blood Vial","Pear","Pantograph","MawBank","WingedGreaves","MutagenicStrength","Bag of Marbles"],"potions_floor_usage":[16,16,16,16,18,18,29,31],"damage_taken":[{"damage":0,"enemies":"Jaw Worm","floor":1,"turns":1},{"damage":0,"enemies":"2 Louse","floor":3,"turns":1},{"damage":0,"enemies":"Lagavulin","floor":7,"turns":1},{"damage":8,"enemies":"Small Slimes","floor":10,"turns":2},{"damage":0,"enemies":"Looter","floor":12,"turns":2},{"damage":40,"enemies":"The Guardian","floor":16,"turns":9},{"damage":27,"enemies":"Chosen","floor":18,"turns":5},{"damage":8,"enemies":"3 Byrds","floor":20,"turns":8},{"damage":19,"enemies":"Cultist and Chosen","floor":24,"turns":8},{"damage":31,"enemies":"Gremlin Leader","floor":29,"turns":4},{"damage":27,"enemies":"Centurion and Healer","floor":30,"turns":6},{"damage":19,"enemies":"Chosen and Byrds","floor":31,"turns":4}],"seed_played":"-5291086738633804697","potions_obtained":[{"floor":7,"key":"EntropicBrew"},{"floor":12,"key":"Strength Potion"},{"floor":16,"key":"Poison Potion"},{"floor":24,"key":"Energy Potion"},{"floor":30,"key":"LiquidBronze"}],"is_trial":false,"path_per_floor":["M","?","M","$","?","R","E","R","T","M","R","M","$","?","R","B",null,"M","?","M","?","?","R","M","?","T","R","?","E","M","M"],"character_chosen":"THE_SILENT","items_purchased":["Pear","Catalyst"],"campfire_rested":2,"item_purchase_floors":[13,13],"current_hp_per_floor":[70,63,63,63,52,70,70,70,70,62,62,64,74,80,80,40,80,53,53,47,73,73,73,56,56,56,77,77,46,21,4],"gold":161,"neow_bonus":"THREE_ENEMY_KILL","is_prod":false,"is_daily":false,"chose_seed":false,"campfire_upgraded":4,"win_rate":0,"timestamp":1553920103,"path_taken":["M","?","M","?","?","R","E","R","T","M","R","M","$","?","R","BOSS","M","?","M","?","?","R","M","?","T","R","?","E","?","M"],"build_version":"2019-01-23","purchased_purges":0,"victory":false,"max_hp_per_floor":[70,70,70,70,70,70,70,70,70,70,70,70,80,80,80,80,80,80,80,80,80,80,80,80,77,77,77,77,77,77,77],"card_choices":[{"not_picked":["PiercingWail","Underhanded Strike"],"picked":"Poisoned Stab","floor":1},{"not_picked":["All Out Attack","Blade Dance"],"picked":"Slice","floor":3},{"not_picked":["Riddle With Holes","Backflip"],"picked":"Backstab","floor":7},{"not_picked":["Acrobatics","Caltrops"],"picked":"Skewer","floor":10},{"not_picked":["Slice","Blade Dance"],"picked":"Catalyst","floor":12},{"not_picked":["Cloak And Dagger+1","Caltrops"],"picked":"Skewer","floor":18},{"not_picked":["Eviscerate+1","Masterful Stab"],"picked":"Deadly Poison","floor":20},{"not_picked":["Caltrops","Underhanded Strike"],"picked":"Catalyst","floor":24},{"not_picked":["Dodge and Roll","Sucker Punch"],"picked":"Envenom","floor":29},{"not_picked":["Dodge and Roll+1","Well Laid Plans"],"picked":"Quick Slash+1","floor":30}],"player_experience":309305,"relics_obtained":[{"floor":7,"key":"Bottled Flame"},{"floor":9,"key":"Blood Vial"},{"floor":26,"key":"WingedGreaves"},{"floor":29,"key":"Bag of Marbles"}],"event_choices":[{"damage_healed":0,"gold_gain":0,"player_choice":"Success","damage_taken":7,"relics_obtained":["Oddly Smooth Stone"],"max_hp_gain":0,"max_hp_loss":0,"event_name":"Scrap Ooze","floor":2,"gold_loss":0},{"damage_healed":0,"gold_gain":75,"player_choice":"Gather Gold","damage_taken":11,"max_hp_gain":0,"max_hp_loss":0,"event_name":"World of Goop","floor":5,"gold_loss":0},{"damage_healed":20,"gold_gain":0,"player_choice":"Healed and dodged fight","damage_taken":0,"max_hp_gain":0,"max_hp_loss":0,"event_name":"Mushrooms","floor":14,"gold_loss":0,"cards_obtained":["Parasite"]},{"damage_healed":0,"gold_gain":0,"player_choice":"Obtained Relic","damage_taken":0,"relics_obtained":["Pantograph"],"max_hp_gain":0,"max_hp_loss":0,"event_name":"Addict","floor":19,"gold_loss":85},{"damage_healed":26,"gold_gain":0,"player_choice":"Heal","damage_taken":0,"max_hp_gain":0,"max_hp_loss":0,"event_name":"The Library","floor":21,"gold_loss":0},{"damage_healed":0,"gold_gain":0,"player_choice":"Opened","damage_taken":0,"relics_obtained":["MawBank"],"max_hp_gain":0,"max_hp_loss":0,"event_name":"The Mausoleum","floor":22,"gold_loss":0},{"cards_removed":["Parasite"],"damage_healed":0,"gold_gain":0,"player_choice":"Gave Gold","damage_taken":0,"max_hp_gain":0,"max_hp_loss":0,"event_name":"Beggar","floor":25,"gold_loss":75},{"damage_healed":0,"gold_gain":0,"player_choice":"Inject Mutagens","damage_taken":0,"relics_obtained":["MutagenicStrength"],"max_hp_gain":0,"max_hp_loss":0,"event_name":"Drug Dealer","floor":28,"gold_loss":0}],"is_beta":false,"boss_relics":[{"not_picked":["Ring of the Serpent","Ectoplasm","Pandora\u0027s Box"]}],"items_purged_floors":[],"is_endless":false,"potions_floor_spawned":[7,12,16,24,30],"killed_by":"Chosen and Byrds","ascension_level":0}