{"path_per_floor":["M","?","?","M","?","R","$","R","T","R","M","R","E","$","R","B",null,"M","M","?","M","M","R","$","M","T","?","R","$","R","M","R"],"character_chosen":"IRONCLAD","items_purchased":["True Grit","Shrug It Off"],"gold_per_floor":[116,66,66,86,86,86,11,11,11,11,28,28,55,32,32,129,129,144,116,16,30,41,41,41,59,59,59,59,35,35,49,49],"floor_reached":33,"campfire_rested":0,"playtime":1750,"current_hp_per_floor":[86,86,68,65,65,65,65,65,65,65,71,71,57,57,57,30,74,80,86,86,62,54,54,54,57,57,57,57,57,57,58,58],"items_purged":["Strike_R"],"gold":49,"score":328,"play_id":"610b8629-5942-400c-9d4e-e32f12a39364","is_prod":false,"is_daily":false,"is_ascension_mode":true,"campfire_upgraded":9,"path_taken":["M","?","?","M","?","R","$","R","T","R","M","R","E","?","R","BOSS","M","M","?","M","M","R","?","M","T","?","R","$","R","M","R","BOSS"],"build_version":"2018-02-15-PROD1","purchased_purges":1,"victory":false,"master_deck":["Strike_R","Strike_R","Strike_R","Defend_R+1","Defend_R+1","Defend_R+1","Defend_R","Bash+1","Heavy Blade+1","Flex+1","True Grit+1","Pommel Strike+1","Cleave+1","Shrug It Off+1","Ghostly Armor+1","Shrug It Off+1"],"max_hp_per_floor":[88,88,88,88,88,88,88,88,88,88,88,88,88,88,88,88,88,88,88,88,88,88,88,88,88,88,88,88,88,88,88,88],"relics":["Burning Blood","Thread and Needle","Orichalcum","Snecko Eye","Bird Faced Urn","Omamori"],"card_choices":[{"not_picked":["Infernal Blade","Anger"],"picked":"Heavy Blade"},{"not_picked":["True Grit","Sentinel"],"picked":"Flex"},{"not_picked":["Armaments","Rage"],"picked":"Pommel Strike"},{"not_picked":["Blood for Blood","Shockwave"],"picked":"Cleave"},{"not_picked":["Rage","Reckless Charge"],"picked":"Shrug It Off"},{"not_picked":["Reckless Charge","Burning Pact"],"picked":"Ghostly Armor"}],"player_experience":137280,"potions_floor_usage":[19,19,33],"damage_taken":[{"damage":0,"enemies":"Small Slimes","floor":1,"turns":3},{"damage":9,"enemies":"Jaw Worm","floor":4,"turns":6},{"damage":0,"enemies":"2 Louse","floor":11,"turns":3},{"damage":20,"enemies":"Gremlin Nob","floor":13,"turns":4},{"damage":33,"enemies":"Slime Boss","floor":16,"turns":11},{"damage":0,"enemies":"Shell Parasite","floor":18,"turns":3},{"damage":0,"enemies":"2 Thieves","floor":19,"turns":5},{"damage":30,"enemies":"Centurion and Healer","floor":21,"turns":6},{"damage":14,"enemies":"Snake Plant","floor":22,"turns":4},{"damage":3,"enemies":"Snecko","floor":25,"turns":4},{"damage":5,"enemies":"Centurion and Healer","floor":31,"turns":7},{"damage":92,"enemies":"Automaton","floor":33,"turns":12}],"event_choices":[{"event_name":"The Cleric","player_choice":"Card Removal","floor":2,"damage_taken":0},{"event_name":"Shining Light","player_choice":"Entered Light","floor":3,"damage_taken":0},{"event_name":"Liars Game","player_choice":"disagreed","floor":5,"damage_taken":0},{"event_name":"Drug Dealer","player_choice":"Got JAXXED","floor":20,"damage_taken":0},{"event_name":"Addict","player_choice":"Gave JAX","floor":27,"damage_taken":0}],"boss_relics":[{"not_picked":["Runic Pyramid","Calling Bell"],"picked":"Snecko Eye"}],"potions_floor_spawned":[11,13,16,18,31],"seed_played":"6142484807300238552","killed_by":"Automaton","ascension_level":7,"is_trial":false}