{"gold_per_floor":[118,138,149,199,218,218,229,229,284,284,298,298,78,88,88,164,164,176,193,21,21],"floor_reached":21,"playtime":1635,"items_purged":[],"score":320,"play_id":"ca5825fd-e756-473d-b4a1-5b4ed985ca72","local_time":"20190211020333","is_ascension_mode":true,"campfire_choices":[{"data":"Infinite Blades","floor":6,"key":"SMITH"},{"floor":10,"key":"REST"},{"data":"Footwork","floor":12,"key":"SMITH"},{"data":"Calculated Gamble","floor":15,"key":"SMITH"}],"neow_cost":"NONE","seed_source_timestamp":131712140064863,"circlet_count":0,"master_deck":["AscendersBane","Survivor","Neutralize","Tools of the Trade","Escape Plan","Infinite Blades+1","Footwork+1","Acrobatics","Tools of the Trade","Eviscerate","Dodge and Roll","Bouncing Flask","All Out Attack","Reflex","Dagger Spray","Underhanded Strike","Calculated Gamble+1","Unload","Tactician"],"relics":["Pandora\u0027s Box","Bronze Scales","Lee\u0027s Waffle","Snecko Eye","Strawberry"],"potions_floor_usage":[7,16,18,19],"damage_taken":[{"damage":12,"enemies":"2 Louse","floor":1,"turns":3},{"damage":2,"enemies":"Cultist","floor":2,"turns":4},{"damage":4,"enemies":"Jaw Worm","floor":3,"turns":5},{"damage":7,"enemies":"Blue Slaver","floor":5,"turns":5},{"damage":6,"enemies":"2 Fungi Beasts","floor":7,"turns":4},{"damage":12,"enemies":"Red Slaver","floor":11,"turns":3},{"damage":8,"enemies":"Exordium Wildlife","floor":14,"turns":4},{"damage":12,"enemies":"The Guardian","floor":16,"turns":9},{"damage":38,"enemies":"Shell Parasite","floor":18,"turns":4},{"damage":26,"enemies":"2 Thieves","floor":19,"turns":3},{"damage":26,"enemies":"Snake Plant","floor":21,"turns":3}],"seed_played":"5965662817204843676","potions_obtained":[{"floor":2,"key":"Fire Potion"},{"floor":5,"key":"Poison Potion"},{"floor":7,"key":"Swift Potion"},{"floor":11,"key":"SkillPotion"},{"floor":18,"key":"Regen Potion"}],"is_trial":false,"path_per_floor":["M","M","M","?","M","R","M","$","T","R","M","R","$","M","R","B",null,"M","M","$","M"],"character_chosen":"THE_SILENT","items_purchased":["Lee\u0027s Waffle","Strawberry"],"campfire_rested":1,"item_purchase_floors":[13,20],"current_hp_per_floor":[47,45,41,35,28,28,22,22,22,41,29,29,73,65,65,53,68,30,13,20,0],"gold":21,"neow_bonus":"BOSS_RELIC","is_prod":false,"is_daily":false,"chose_seed":false,"campfire_upgraded":3,"win_rate":0,"timestamp":1549868613,"path_taken":["M","M","M","?","M","R","M","$","T","R","M","R","$","M","R","BOSS","M","M","$","M"],"build_version":"2019-01-23","purchased_purges":0,"victory":false,"max_hp_per_floor":[66,66,66,66,66,66,66,66,66,66,66,66,73,73,73,73,73,73,73,80,80],"card_choices":[{"not_picked":["Deflect","Quick Slash"],"picked":"Reflex","floor":1},{"not_picked":["Footwork","Deflect"],"picked":"Dagger Spray","floor":2},{"not_picked":["Terror","PiercingWail","Dodge and Roll"],"picked":"SKIP","floor":3},{"not_picked":["Envenom","Poisoned Stab","Blade Dance"],"picked":"SKIP","floor":5},{"not_picked":["Dagger Spray","Dodge and Roll","Escape Plan"],"picked":"SKIP","floor":7},{"not_picked":["Distraction","Well Laid Plans"],"picked":"Underhanded Strike","floor":11},{"not_picked":["Predator","Flying Knee"],"picked":"Calculated Gamble","floor":14},{"not_picked":["Doppelganger","Adrenaline"],"picked":"Unload","floor":16},{"not_picked":["Backstab","PiercingWail"],"picked":"Tactician","floor":18},{"not_picked":["Predator","Infinite Blades","Endless Agony"],"picked":"SKIP","floor":19}],"player_experience":782400,"relics_obtained":[{"floor":9,"key":"Bronze Scales"}],"event_choices":[{"damage_healed":0,"gold_gain":50,"player_choice":"Touch","damage_taken":6,"max_hp_gain":0,"max_hp_loss":0,"event_name":"FaceTrader","floor":4,"gold_loss":0}],"is_beta":false,"boss_relics":[{"not_picked":["Lizard Tail","Astrolabe"],"picked":"Snecko Eye"}],"items_purged_floors":[],"is_endless":false,"potions_floor_spawned":[2,5,7,11,18],"killed_by":"Snake Plant","ascension_level":17}