{"gold_per_floor":[113,131,143,143,158,158,191,210,210,220,220,4,19,54,54,54],"floor_reached":16,"playtime":847,"items_purged":["Strike_G"],"score":200,"play_id":"c1f1f9b6-c719-4797-9c78-491e35a76146","local_time":"20180817012931","is_ascension_mode":true,"campfire_choices":[{"data":"Neutralize","floor":6,"key":"SMITH"},{"floor":11,"key":"REST"},{"data":"Malaise","floor":15,"key":"SMITH"}],"neow_cost":"NONE","seed_source_timestamp":2014779707877645,"circlet_count":0,"master_deck":["Defend_G","Defend_G+1","Defend_G","Defend_G+1","Defend_G","Strike_G","Strike_G","Strike_G","Strike_G","Survivor","Neutralize+1","AscendersBane","Slice","Infinite Blades","Dagger Spray+1","Poisoned Stab","Deadly Poison","Malaise+1","Noxious Fumes","Bandage Up","PiercingWail"],"relics":["Ring of the Snake","Anchor","War Paint","Question Card","Bottled Flame"],"potions_floor_usage":[7,7,14,16],"damage_taken":[{"damage":5,"enemies":"Cultist","floor":1,"turns":6},{"damage":7,"enemies":"Jaw Worm","floor":2,"turns":4},{"damage":3,"enemies":"Small Slimes","floor":3,"turns":5},{"damage":3,"enemies":"Blue Slaver","floor":5,"turns":3},{"damage":17,"enemies":"Lagavulin","floor":7,"turns":6},{"damage":8,"enemies":"Large Slime","floor":8,"turns":5},{"damage":4,"enemies":"Looter","floor":10,"turns":3},{"damage":0,"enemies":"3 Louse","floor":13,"turns":2},{"damage":21,"enemies":"Gremlin Nob","floor":14,"turns":5},{"damage":20,"enemies":"Hexaghost","floor":16,"turns":12}],"seed_played":"-4469711971867968314","potions_obtained":[{"floor":2,"key":"PowerPotion"},{"floor":3,"key":"EssenceOfSteel"},{"floor":5,"key":"FearPotion"},{"floor":10,"key":"GhostInAJar"},{"floor":13,"key":"Energy Potion"}],"is_trial":false,"path_per_floor":["M","M","M","?","M","R","E","M","T","M","R","$","M","E","R"],"character_chosen":"THE_SILENT","items_purchased":["Noxious Fumes","Bandage Up"],"campfire_rested":1,"item_purchase_floors":[12,12],"current_hp_per_floor":[54,47,44,44,41,41,24,16,16,12,31,31,31,14,14,0],"gold":54,"neow_bonus":"RANDOM_COMMON_RELIC","is_prod":false,"is_daily":false,"chose_seed":false,"campfire_upgraded":2,"win_rate":0,"timestamp":1534433371,"path_taken":["M","M","M","?","M","R","E","M","T","M","R","?","M","E","R","BOSS"],"build_version":"2018-08-09","purchased_purges":1,"victory":false,"max_hp_per_floor":[66,66,66,66,66,66,66,66,66,66,66,66,66,66,66,66],"card_choices":[{"not_picked":["Terror","Reflex"],"picked":"Slice","floor":1},{"not_picked":["Predator","Blur"],"picked":"Infinite Blades","floor":2},{"not_picked":["Deflect","Terror"],"picked":"Dagger Spray","floor":3},{"not_picked":["Expertise","Choke"],"picked":"Poisoned Stab","floor":5},{"not_picked":["Flechettes","Poisoned Stab"],"picked":"Deadly Poison","floor":7},{"not_picked":["Outmaneuver","Escape Plan","Flying Knee"],"picked":"SKIP","floor":8},{"not_picked":["Quick Slash","Terror","Deadly Poison"],"picked":"Malaise","floor":10},{"not_picked":["Sucker Punch","Acrobatics","Riddle With Holes"],"picked":"PiercingWail","floor":13},{"not_picked":["Riddle With Holes","Prepared","Blade Dance","Slice"],"picked":"SKIP","floor":14}],"player_experience":363928,"relics_obtained":[{"floor":7,"key":"War Paint"},{"floor":9,"key":"Question Card"},{"floor":14,"key":"Bottled Flame"}],"event_choices":[{"event_name":"Living Wall","player_choice":"Grow","floor":4,"damage_taken":0}],"is_beta":false,"boss_relics":[],"items_purged_floors":[12],"is_endless":false,"potions_floor_spawned":[2,3,5,10,13],"killed_by":"Hexaghost","ascension_level":15}