{"gold_per_floor":[110,128,228,246,246,274,274,287,311,329,345,361,372,400,400,501,501,511,511,131,131,150,150,184,194,218,218,249,263,3,21,21,125,125,139,139,158,68,79,110,110,141,141,157,157,174,186,86,86,86],"floor_reached":51,"playtime":9492,"items_purged":["Defend_G","Strike_G"],"score":966,"play_id":"0bb7836f-66a1-4609-9cba-7b4708df2c04","local_time":"20190408003417","is_ascension_mode":true,"campfire_choices":[{"data":"Distraction","floor":7,"key":"SMITH"},{"floor":15,"key":"REST"},{"data":"Backstab","floor":23,"key":"SMITH"},{"floor":27,"key":"REST"},{"floor":32,"key":"REST"},{"floor":41,"key":"REST"},{"data":"Neutralize","floor":45,"key":"SMITH"},{"floor":49,"key":"REST"}],"neow_cost":"NONE","seed_source_timestamp":188624474096634,"circlet_count":0,"master_deck":["Defend_G","Defend_G","Defend_G","Defend_G","Strike_G","Strike_G","Survivor","Neutralize+1","Distraction+1","Dagger Spray+1","Blade Dance","Sucker Punch","Blade Dance","Backflip","Flying Knee","Backstab+1","Adrenaline+1","Noxious Fumes+1","Prepared+1","Heel Hook","Dagger Spray","Distraction+1","Backstab","A Thousand Cuts","Dagger Spray","Dodge and Roll","Venomology","Dash+1","Bandage Up","Accuracy+1","All Out Attack","Endless Agony","Adrenaline","Cloak And Dagger+1","Sucker Punch+1","Dagger Spray+1"],"relics":["Ring of the Serpent","NeowsBlessing","Vajra","Dream Catcher","Orichalcum","Torii","Ornamental Fan","Potion Belt","Mango","Paper Crane","WristBlade","Calipers","Regal Pillow","Pear"],"potions_floor_usage":[6,14,16,25,28,29,31,33,39,40,42,42,44,46,47,50,50,50,50],"damage_taken":[{"damage":0,"enemies":"2 Louse","floor":1,"turns":1},{"damage":0,"enemies":"Cultist","floor":2,"turns":1},{"damage":0,"enemies":"Jaw Worm","floor":4,"turns":1},{"damage":25,"enemies":"3 Sentries","floor":6,"turns":6},{"damage":0,"enemies":"Exordium Thugs","floor":8,"turns":2},{"damage":0,"enemies":"Large Slime","floor":10,"turns":3},{"damage":0,"enemies":"Lots of Slimes","floor":11,"turns":1},{"damage":2,"enemies":"2 Fungi Beasts","floor":12,"turns":3},{"damage":0,"enemies":"Gremlin Gang","floor":13,"turns":1},{"damage":16,"enemies":"Lagavulin","floor":14,"turns":8},{"damage":44,"enemies":"Hexaghost","floor":16,"turns":10},{"damage":2,"enemies":"3 Byrds","floor":18,"turns":4},{"damage":8,"enemies":"Shell Parasite","floor":22,"turns":3},{"damage":27,"enemies":"Book of Stabbing","floor":24,"turns":6},{"damage":12,"enemies":"Shelled Parasite and Fungi","floor":25,"turns":6},{"damage":26,"enemies":"Slavers","floor":28,"turns":5},{"damage":8,"enemies":"Snecko","floor":29,"turns":5},{"damage":0,"enemies":"Chosen and Byrds","floor":31,"turns":4},{"damage":27,"enemies":"Automaton","floor":33,"turns":10},{"damage":1,"enemies":"Orb Walker","floor":35,"turns":2},{"damage":8,"enemies":"3 Shapes","floor":37,"turns":6},{"damage":27,"enemies":"Maw","floor":39,"turns":8},{"damage":32,"enemies":"Reptomancer","floor":40,"turns":5},{"damage":7,"enemies":"Giant Head","floor":42,"turns":7},{"damage":2,"enemies":"4 Shapes","floor":44,"turns":4},{"damage":7,"enemies":"Transient","floor":46,"turns":5},{"damage":13,"enemies":"Jaw Worm Horde","floor":47,"turns":4},{"damage":92,"enemies":"Awakened One","floor":50,"turns":13}],"seed_played":"1894973020375897774","potions_obtained":[{"floor":1,"key":"Strength Potion"},{"floor":2,"key":"Block Potion"},{"floor":4,"key":"Weak Potion"},{"floor":12,"key":"FearPotion"},{"floor":13,"key":"FairyPotion"},{"floor":16,"key":"GamblersBrew"},{"floor":18,"key":"EssenceOfSteel"},{"floor":25,"key":"LiquidBronze"},{"floor":29,"key":"Fire Potion"},{"floor":31,"key":"Fire Potion"},{"floor":35,"key":"Regen Potion"},{"floor":39,"key":"Strength Potion"},{"floor":40,"key":"LiquidBronze"},{"floor":46,"key":"Block Potion"}],"is_trial":false,"path_per_floor":["M","M","?","M","?","E","R","M","T","M","M","M","M","E","R","B",null,"M","?","$","?","M","R","E","M","T","R","E","M","$","M","R","B",null,"M","?","M","?","M","E","R","E","T","M","R","M","M","$","R","B",null],"character_chosen":"THE_SILENT","items_purchased":["Torii","Paper Crane"],"campfire_rested":5,"item_purchase_floors":[20,30],"current_hp_per_floor":[70,70,70,70,70,45,45,45,45,45,45,43,43,27,48,4,54,52,52,52,52,44,44,17,5,5,26,21,13,13,13,38,11,66,65,65,61,61,53,25,50,47,57,59,59,56,47,47,90,2],"gold":86,"neow_bonus":"THREE_ENEMY_KILL","is_prod":false,"is_daily":false,"chose_seed":false,"campfire_upgraded":3,"win_rate":0,"timestamp":1554708857,"path_taken":["M","M","?","?","?","E","R","M","T","?","M","M","M","E","R","BOSS","M","?","?","?","?","R","E","M","T","R","E","?","$","M","R","BOSS","M","?","M","?","M","E","R","E","T","M","R","M","M","$","R","BOSS"],"build_version":"2019-01-23","purchased_purges":2,"victory":true,"max_hp_per_floor":[70,70,70,70,70,70,70,70,70,70,70,70,70,70,70,70,70,70,70,70,70,70,70,70,70,70,70,84,84,84,84,84,84,84,84,84,84,84,84,84,84,84,94,94,94,94,94,94,94,94],"card_choices":[{"not_picked":["Tactician","Blur"],"picked":"Distraction","floor":1},{"not_picked":["Deadly Poison","All Out Attack"],"picked":"Dagger Spray","floor":2},{"not_picked":["Well Laid Plans","Expertise"],"picked":"Blade Dance","floor":4},{"not_picked":["PiercingWail","Catalyst"],"picked":"Sucker Punch","floor":6},{"not_picked":["Well Laid Plans","PiercingWail","Deadly Poison"],"picked":"SKIP","floor":8},{"not_picked":["Deflect","Bane","Poisoned Stab"],"picked":"SKIP","floor":10},{"not_picked":["Dash","PiercingWail"],"picked":"Blade Dance","floor":11},{"not_picked":["Eviscerate","Slice","Storm of Steel"],"picked":"SKIP","floor":12},{"not_picked":["Well Laid Plans","Dagger Throw"],"picked":"Backflip","floor":13},{"not_picked":["Tactician","Outmaneuver"],"picked":"Flying Knee","floor":14},{"not_picked":["Eviscerate","Quick Slash"],"picked":"Backstab","floor":15},{"not_picked":["Burst","Bullet Time"],"picked":"Adrenaline","floor":16},{"not_picked":["Sucker Punch+1","Deadly Poison"],"picked":"Noxious Fumes+1","floor":18},{"not_picked":["Deflect","Backflip"],"picked":"Prepared+1","floor":22},{"not_picked":["Masterful Stab","Well Laid Plans"],"picked":"Heel Hook","floor":24},{"not_picked":["Dash","Envenom"],"picked":"Dagger Spray","floor":25},{"not_picked":["Footwork","Setup+1"],"picked":"Distraction","floor":27},{"not_picked":["Prepared+1","Quick Slash"],"picked":"Backstab","floor":28},{"not_picked":["Poisoned Stab","Dodge and Roll"],"picked":"A Thousand Cuts","floor":29},{"not_picked":["Setup+1","Deadly Poison"],"picked":"Dagger Spray","floor":31},{"not_picked":["Flechettes","Acrobatics"],"picked":"Dodge and Roll","floor":32},{"not_picked":["Phantasmal Killer","Tools of the Trade"],"picked":"Venomology","floor":33},{"not_picked":["Poisoned Stab","Quick Slash"],"picked":"Dash+1","floor":35},{"not_picked":["Discovery","Secret Weapon"],"picked":"Bandage Up","floor":36},{"not_picked":["Sucker Punch+1","Outmaneuver+1"],"picked":"Accuracy+1","floor":37},{"not_picked":["Sucker Punch","Prepared","Poisoned Stab"],"picked":"SKIP","floor":39},{"not_picked":["Sucker Punch","Deflect"],"picked":"All Out Attack","floor":40},{"not_picked":["Flechettes","Deadly Poison+1"],"picked":"Endless Agony","floor":41},{"not_picked":["Backflip","Prepared+1"],"picked":"Adrenaline","floor":42},{"not_picked":["Bouncing Flask+1","Finisher+1"],"picked":"Cloak And Dagger+1","floor":44},{"not_picked":["Caltrops+1","Prepared","Poisoned Stab+1"],"picked":"SKIP","floor":46},{"not_picked":["Acrobatics+1","Flying Knee"],"picked":"Sucker Punch+1","floor":47},{"not_picked":["Cloak And Dagger","Slice"],"picked":"Dagger Spray+1","floor":49}],"player_experience":1604753,"relics_obtained":[{"floor":6,"key":"Vajra"},{"floor":9,"key":"Dream Catcher"},{"floor":14,"key":"Orichalcum"},{"floor":24,"key":"Ornamental Fan"},{"floor":26,"key":"Potion Belt"},{"floor":28,"key":"Mango"},{"floor":40,"key":"Calipers"},{"floor":42,"key":"Regal Pillow"},{"floor":43,"key":"Pear"}],"event_choices":[{"damage_healed":0,"gold_gain":100,"player_choice":"Pray","damage_taken":0,"max_hp_gain":0,"max_hp_loss":0,"event_name":"Golden Shrine","floor":3,"gold_loss":0},{"damage_healed":0,"gold_gain":0,"player_choice":"Upgraded","damage_taken":0,"max_hp_gain":0,"max_hp_loss":0,"event_name":"Upgrade Shrine","floor":5,"gold_loss":0,"cards_upgraded":["Dagger Spray"]},{"damage_healed":0,"gold_gain":0,"player_choice":"Forge","damage_taken":0,"max_hp_gain":0,"max_hp_loss":0,"event_name":"Accursed Blacksmith","floor":19,"gold_loss":0,"cards_upgraded":["Adrenaline"]},{"cards_removed":["Strike_G"],"damage_healed":0,"gold_gain":0,"player_choice":"Card Removal","damage_taken":0,"max_hp_gain":0,"max_hp_loss":0,"event_name":"Wheel of Change","floor":21,"gold_loss":0},{"damage_healed":0,"gold_gain":0,"player_choice":"Memory 1","damage_taken":0,"max_hp_gain":0,"max_hp_loss":0,"event_name":"SensoryStone","floor":36,"gold_loss":0},{"cards_removed":["Strike_G"],"damage_healed":0,"gold_gain":0,"player_choice":"Upgrade and Remove","damage_taken":0,"max_hp_gain":0,"max_hp_loss":0,"event_name":"Designer","floor":38,"gold_loss":90,"cards_upgraded":["Distraction"]}],"is_beta":false,"boss_relics":[{"not_picked":["Empty Cage","Fusion Hammer"],"picked":"Ring of the Serpent"},{"not_picked":["Runic Dome","Cursed Key"],"picked":"WristBlade"}],"items_purged_floors":[20,48],"is_endless":false,"potions_floor_spawned":[1,2,4,12,13,16,18,24,25,29,31,35,39,40,46],"ascension_level":5}