{"gold_per_floor":[212,222,222,172,185,220,220,248,342,354,366,378,422,451,463,574,586,618,244,344,344,358,358,377,391,391,391,404,436,436,455,455,553,553,564,615,633,1632,1646,1646,1676,1676,1676,63,363,389,389,405,405,405],"floor_reached":51,"playtime":2292,"items_purged":["Strike_R"],"score":940,"play_id":"0fb369ec-d3ae-4d93-835b-f10a50abeec9","local_time":"20190403025643","is_ascension_mode":true,"campfire_choices":[{"data":"Shrug It Off","floor":7,"key":"SMITH"},{"floor":10,"key":"REST"},{"data":"Disarm","floor":12,"key":"SMITH"},{"floor":15,"key":"REST"},{"floor":23,"key":"REST"},{"floor":27,"key":"DIG"},{"floor":30,"key":"DIG"},{"floor":32,"key":"DIG"},{"floor":40,"key":"DIG"},{"floor":45,"key":"DIG"},{"floor":47,"key":"REST"},{"floor":49,"key":"REST"}],"neow_cost":"NONE","seed_source_timestamp":1224780908015712,"circlet_count":0,"master_deck":["Strike_R","Strike_R+1","Defend_R","Defend_R","Defend_R+1","Defend_R","Bash","Cleave+1","Hemokinesis","Shrug It Off+1","Disarm+1","Fire Breathing","Demon Form","True Grit","Limit Break","Ghostly Armor+1","Inflame","Rage+1","Heavy Blade+1","Cleave+1","Clothesline+1","Spot Weakness+1","Thunderclap+1","Immolate+1","Heavy Blade+1","Normality","Normality","True Grit+1"],"relics":["Burning Blood","Incense Burner","MawBank","Molten Egg 2","Nunchaku","Velvet Choker","Vajra","Pocketwatch","Pantograph","Shovel","Thread and Needle","Bag of Marbles","War Paint","The Courier","Question Card","Fusion Hammer","Unceasing Top","Anchor","Bottled Flame","Juzu Bracelet","Self Forming Clay","Mummified Hand","Magic Flower","Pen Nib","Blood Vial","Bottled Tornado","Bag of Preparation","Ancient Tea Set","Chemical X","Orichalcum","Old Coin","Sundial"],"potions_floor_usage":[6,18,20,20,20,33,35,36,50],"damage_taken":[{"damage":11,"enemies":"Jaw Worm","floor":1,"turns":4},{"damage":6,"enemies":"Small Slimes","floor":2,"turns":3},{"damage":1,"enemies":"Cultist","floor":5,"turns":3},{"damage":41,"enemies":"Lagavulin","floor":6,"turns":6},{"damage":25,"enemies":"3 Sentries","floor":8,"turns":7},{"damage":27,"enemies":"Gremlin Nob","floor":13,"turns":4},{"damage":2,"enemies":"2 Fungi Beasts","floor":14,"turns":3},{"damage":22,"enemies":"The Guardian","floor":16,"turns":10},{"damage":22,"enemies":"2 Thieves","floor":18,"turns":3},{"damage":20,"enemies":"Colosseum Slavers","floor":20,"turns":6},{"damage":22,"enemies":"Colosseum Nobs","floor":20,"turns":5},{"damage":22,"enemies":"Spheric Guardian","floor":22,"turns":4},{"damage":3,"enemies":"Chosen and Byrds","floor":24,"turns":4},{"damage":13,"enemies":"Snake Plant","floor":25,"turns":3},{"damage":1,"enemies":"3 Cultists","floor":28,"turns":4},{"damage":6,"enemies":"Book of Stabbing","floor":29,"turns":5},{"damage":0,"enemies":"Centurion and Healer","floor":31,"turns":4},{"damage":7,"enemies":"Collector","floor":33,"turns":7},{"damage":30,"enemies":"3 Darklings","floor":35,"turns":2},{"damage":3,"enemies":"2 Orb Walkers","floor":36,"turns":3},{"damage":4,"enemies":"Orb Walker","floor":37,"turns":3},{"damage":0,"enemies":"3 Darklings","floor":39,"turns":2},{"damage":44,"enemies":"Giant Head","floor":41,"turns":7},{"damage":25,"enemies":"Nemesis","floor":46,"turns":5},{"damage":3,"enemies":"Sphere and 2 Shapes","floor":48,"turns":3},{"damage":3,"enemies":"Donu and Deca","floor":50,"turns":7}],"seed_played":"5113371953569169535","potions_obtained":[{"floor":2,"key":"Block Potion"},{"floor":8,"key":"Ancient Potion"},{"floor":14,"key":"Swift Potion"},{"floor":16,"key":"Ancient Potion"},{"floor":18,"key":"EssenceOfSteel"},{"floor":28,"key":"Explosive Potion"},{"floor":29,"key":"GamblersBrew"},{"floor":31,"key":"Energy Potion"},{"floor":33,"key":"Poison Potion"},{"floor":37,"key":"SmokeBomb"},{"floor":48,"key":"PowerPotion"}],"is_trial":false,"path_per_floor":["M","M","?","?","M","E","R","E","T","R","?","R","E","M","R","B",null,"M","$","?","?","M","R","M","M","T","R","M","E","R","M","R","B",null,"M","?","M","?","M","R","E","?","T","$","R","E","R","M","R","B",null],"character_chosen":"IRONCLAD","items_purchased":["Vajra","Inflame","Rage","Self Forming Clay","Mummified Hand","Magic Flower","Pen Nib","Blood Vial","Bottled Tornado","Bag of Preparation","Ancient Tea Set","Chemical X","Orichalcum"],"campfire_rested":5,"item_purchase_floors":[19,19,19,44,44,44,44,44,44,44,44,44,44],"current_hp_per_floor":[75,75,59,59,64,29,29,10,10,34,34,34,13,17,41,25,80,64,64,34,34,18,42,45,38,38,38,43,43,43,49,49,73,80,56,59,61,61,67,67,29,29,29,29,29,16,38,47,69,76],"gold":405,"neow_bonus":"HUNDRED_GOLD","is_prod":false,"is_daily":false,"chose_seed":false,"campfire_upgraded":2,"win_rate":0,"timestamp":1554278203,"path_taken":["M","M","?","?","M","E","R","E","T","R","?","R","E","M","R","BOSS","M","$","?","?","M","R","M","M","T","R","M","E","R","?","R","BOSS","M","?","M","?","M","R","E","?","T","$","R","E","R","M","R","BOSS"],"build_version":"2019-01-23","purchased_purges":1,"victory":true,"max_hp_per_floor":[80,80,80,80,80,80,80,80,80,80,80,80,80,80,80,80,80,80,80,80,80,80,80,80,80,80,80,80,80,80,80,80,80,80,80,80,80,80,80,80,80,76,76,76,76,76,76,76,76,76],"card_choices":[{"not_picked":["Sword Boomerang","Pommel Strike"],"picked":"Cleave","floor":1},{"not_picked":["Iron Wave","Headbutt"],"picked":"Hemokinesis","floor":2},{"not_picked":["Sword Boomerang","Heavy Blade"],"picked":"Shrug It Off","floor":5},{"not_picked":["Heavy Blade","Thunderclap"],"picked":"Disarm","floor":6},{"not_picked":["Perfected Strike","Warcry","Rupture"],"picked":"SKIP","floor":8},{"not_picked":["Hemokinesis+1","Reckless Charge+1"],"picked":"Demon Form","floor":13},{"not_picked":["Clothesline+1","Heavy Blade+1"],"picked":"True Grit","floor":14},{"not_picked":["Brutality","Demon Form"],"picked":"Limit Break","floor":16},{"not_picked":["Metallicize","Dual Wield+1"],"picked":"Ghostly Armor+1","floor":18},{"not_picked":["Perfected Strike+1","Blood for Blood+1"],"picked":"Heavy Blade+1","floor":20},{"not_picked":["Shrug It Off+1","Clash+1"],"picked":"Cleave+1","floor":22},{"not_picked":["Shrug It Off","Rampage+1","Sever Soul+1"],"picked":"SKIP","floor":24},{"not_picked":["Inflame+1","Entrench"],"picked":"Clothesline+1","floor":25},{"not_picked":["Impervious","Cleave+1"],"picked":"Spot Weakness+1","floor":28},{"not_picked":["Wild Strike+1","Twin Strike+1","Body Slam+1"],"picked":"SKIP","floor":29},{"not_picked":["Perfected Strike+1","Pommel Strike+1"],"picked":"Thunderclap+1","floor":31},{"not_picked":["Fiend Fire+1","Dark Embrace","Barricade"],"picked":"Immolate+1","floor":33},{"not_picked":["Perfected Strike+1","Anger+1","Sword Boomerang+1"],"picked":"Heavy Blade+1","floor":35},{"not_picked":["Second Wind","Shockwave","Anger+1","Clash+1"],"picked":"SKIP","floor":37},{"not_picked":["Shrug It Off","Flex+1","Metallicize","Power Through+1"],"picked":"SKIP","floor":39},{"not_picked":["Uppercut+1","Pummel+1","Sentinel+1","Seeing Red"],"picked":"SKIP","floor":41},{"not_picked":["Shrug It Off","Spot Weakness+1","Heavy Blade+1"],"picked":"True Grit+1","floor":46},{"not_picked":["Seeing Red","Rampage+1","Sentinel+1","Dark Embrace"],"picked":"SKIP","floor":48}],"player_experience":211138,"relics_obtained":[{"floor":6,"key":"Incense Burner"},{"floor":8,"key":"MawBank"},{"floor":9,"key":"Molten Egg 2"},{"floor":13,"key":"Nunchaku"},{"floor":20,"key":"Pocketwatch"},{"floor":20,"key":"Pantograph"},{"floor":26,"key":"Thread and Needle"},{"floor":27,"key":"Bag of Marbles"},{"floor":29,"key":"War Paint"},{"floor":30,"key":"The Courier"},{"floor":32,"key":"Question Card"},{"floor":36,"key":"Unceasing Top"},{"floor":40,"key":"Anchor"},{"floor":41,"key":"Bottled Flame"},{"floor":43,"key":"Juzu Bracelet"},{"floor":45,"key":"Old Coin"},{"floor":46,"key":"Sundial"}],"event_choices":[{"damage_healed":0,"gold_gain":0,"player_choice":"Entered Light","damage_taken":16,"max_hp_gain":0,"max_hp_loss":0,"event_name":"Shining Light","floor":3,"gold_loss":0,"cards_upgraded":["Strike_R","Cleave"]},{"cards_removed":["Strike_R"],"damage_healed":0,"gold_gain":0,"player_choice":"Card Removal","damage_taken":0,"max_hp_gain":0,"max_hp_loss":0,"event_name":"The Cleric","floor":4,"gold_loss":50},{"damage_healed":0,"gold_gain":0,"cards_transformed":["Strike_R"],"player_choice":"Transformed","damage_taken":0,"max_hp_gain":0,"max_hp_loss":0,"event_name":"Transmorgrifier","floor":11,"gold_loss":0,"cards_obtained":["Fire Breathing"]},{"damage_healed":0,"gold_gain":0,"player_choice":"Fight","damage_taken":0,"max_hp_gain":0,"max_hp_loss":0,"event_name":"Colosseum","floor":20,"gold_loss":0},{"damage_healed":0,"gold_gain":0,"player_choice":"Fought Nobs","damage_taken":0,"max_hp_gain":0,"max_hp_loss":0,"event_name":"Colosseum","floor":20,"gold_loss":0},{"damage_healed":0,"gold_gain":0,"player_choice":"Opened","damage_taken":0,"relics_obtained":["Shovel"],"max_hp_gain":0,"max_hp_loss":0,"event_name":"The Mausoleum","floor":21,"gold_loss":0},{"damage_healed":0,"gold_gain":0,"player_choice":"Fight","damage_taken":0,"max_hp_gain":0,"max_hp_loss":0,"event_name":"Mysterious Sphere","floor":36,"gold_loss":0},{"damage_healed":0,"gold_gain":999,"player_choice":"Gold","damage_taken":0,"max_hp_gain":0,"max_hp_loss":0,"event_name":"MindBloom","floor":38,"gold_loss":0,"cards_obtained":["Normality","Normality"]},{"damage_healed":0,"gold_gain":0,"player_choice":"Max HP","damage_taken":0,"max_hp_gain":0,"max_hp_loss":4,"event_name":"Winding Halls","floor":42,"gold_loss":0}],"is_beta":false,"boss_relics":[{"not_picked":["Pandora\u0027s Box","Coffee Dripper"],"picked":"Velvet Choker"},{"not_picked":["Runic Dome","Mark of Pain"],"picked":"Fusion Hammer"}],"items_purged_floors":[19],"is_endless":false,"potions_floor_spawned":[2,8,14,16,18,28,29,31,33,37,48],"ascension_level":2}