{"gold_per_floor":[121,151,181,207,219,258,283,295],"floor_reached":8,"playtime":736,"items_purged":[],"score":69,"play_id":"6cedd0ca-ce54-428d-8b80-a62fdc0f824c","local_time":"20180727000534","is_ascension_mode":true,"campfire_choices":[],"neow_cost":"NONE","seed_source_timestamp":195452931403416,"circlet_count":0,"master_deck":["Defend_G","Defend_G","Defend_G","Defend_G","Strike_G","Strike_G","Strike_G","Strike_G","Strike_G","Survivor","Neutralize","PiercingWail","Backflip","Noxious Fumes","Dagger Throw","Backstab"],"relics":["Ring of the Snake","MawBank","Dream Catcher"],"potions_floor_usage":[6,6,8],"damage_taken":[{"damage":0,"enemies":"2 Louse","floor":1,"turns":3},{"damage":7,"enemies":"Jaw Worm","floor":2,"turns":5},{"damage":0,"enemies":"Cultist","floor":3,"turns":4},{"damage":1,"enemies":"Large Slime","floor":4,"turns":6},{"damage":17,"enemies":"Gremlin Nob","floor":6,"turns":4},{"damage":4,"enemies":"Exordium Wildlife","floor":7,"turns":5},{"damage":36,"enemies":"Lagavulin","floor":8,"turns":5}],"seed_played":"7455011378714517979","potions_obtained":[{"floor":1,"key":"PowerPotion"},{"floor":2,"key":"Strength Potion"},{"floor":3,"key":"Energy Potion"}],"is_trial":false,"path_per_floor":["M","M","M","M","?","E","M"],"character_chosen":"THE_SILENT","items_purchased":[],"campfire_rested":0,"item_purchase_floors":[],"current_hp_per_floor":[70,63,63,62,55,38,34,0],"gold":295,"neow_bonus":"RANDOM_COMMON_RELIC","is_prod":false,"is_daily":false,"chose_seed":false,"campfire_upgraded":0,"win_rate":0,"timestamp":1532613934,"path_taken":["M","M","M","M","?","E","M","E"],"build_version":"2018-07-19v2","purchased_purges":0,"victory":false,"max_hp_per_floor":[70,70,70,70,70,70,70,70],"card_choices":[{"not_picked":["Dodge and Roll","Outmaneuver"],"picked":"PiercingWail","floor":1},{"not_picked":["Accuracy","PiercingWail"],"picked":"Backflip","floor":2},{"not_picked":["Expertise","Quick Slash"],"picked":"Noxious Fumes","floor":3},{"not_picked":["PiercingWail","Skewer"],"picked":"Dagger Throw","floor":4},{"not_picked":["Slice","Accuracy"],"picked":"Backstab","floor":6},{"not_picked":["Underhanded Strike","Distraction","Riddle With Holes"],"picked":"SKIP","floor":7}],"player_experience":136341,"relics_obtained":[{"floor":6,"key":"Dream Catcher"}],"event_choices":[{"event_name":"Golden Wing","player_choice":"Card Removal","floor":5,"damage_taken":0}],"is_beta":false,"boss_relics":[],"items_purged_floors":[],"is_endless":false,"potions_floor_spawned":[1,2,3],"killed_by":"Lagavulin","ascension_level":3}