{"gold_per_floor":[113,113,125,85,98,98,112,147,147,180,180,23,23,34,34,130,130,149,168,168,188,188,188],"floor_reached":23,"playtime":1615,"items_purged":["Strike_R"],"score":347,"play_id":"604b82e1-8515-4264-81fd-c3560abf0413","local_time":"20190420203730","is_ascension_mode":true,"campfire_choices":[{"data":"Bash","floor":6,"key":"SMITH"},{"data":"Havoc","floor":11,"key":"SMITH"},{"data":"Whirlwind","floor":13,"key":"SMITH"},{"floor":15,"key":"REST"}],"neow_cost":"NONE","seed_source_timestamp":689418450063500,"circlet_count":0,"master_deck":["AscendersBane","Defend_R","Defend_R","Defend_R","Defend_R","Bash+1","Flash of Steel","Heavy Blade","Anger","Havoc+1","Clothesline","Flex","Whirlwind+1","Reaper","Body Slam","Anger+1","Bite","Bite","Bite","Bite","Bite"],"relics":["Burning Blood","NeowsBlessing","Torii","Champion Belt","Pocketwatch","Snecko Eye","Letter Opener"],"potions_floor_usage":[8,8,18,21,23],"damage_taken":[{"damage":0,"enemies":"Small Slimes","floor":1,"turns":1},{"damage":0,"enemies":"Cultist","floor":3,"turns":1},{"damage":0,"enemies":"2 Louse","floor":5,"turns":1},{"damage":16,"enemies":"Lots of Slimes","floor":7,"turns":5},{"damage":23,"enemies":"3 Sentries","floor":8,"turns":8},{"damage":25,"enemies":"Lagavulin","floor":10,"turns":6},{"damage":0,"enemies":"Large Slime","floor":14,"turns":4},{"damage":24,"enemies":"Hexaghost","floor":16,"turns":8},{"damage":0,"enemies":"3 Byrds","floor":18,"turns":2},{"damage":2,"enemies":"Chosen","floor":19,"turns":3},{"damage":22,"enemies":"Snake Plant","floor":21,"turns":4},{"damage":86,"enemies":"Gremlin Leader","floor":23,"turns":6}],"seed_played":"3609833582515600836","potions_obtained":[{"floor":4,"key":"LiquidBronze"},{"floor":4,"key":"EssenceOfSteel"},{"floor":8,"key":"Explosive Potion"},{"floor":10,"key":"Explosive Potion"},{"floor":16,"key":"SpeedPotion"},{"floor":18,"key":"AttackPotion"},{"floor":19,"key":"EssenceOfSteel"}],"is_trial":false,"path_per_floor":["M","?","M","?","M","R","M","E","T","E","R","$","R","M","R","B",null,"M","M","?","M","?","E"],"character_chosen":"IRONCLAD","items_purchased":["Whirlwind"],"campfire_rested":1,"item_purchase_floors":[12],"current_hp_per_floor":[78,78,80,80,80,80,70,53,53,34,34,34,34,40,64,46,72,80,80,80,67,56,0],"gold":188,"neow_bonus":"THREE_ENEMY_KILL","is_prod":false,"is_daily":false,"chose_seed":false,"campfire_upgraded":3,"win_rate":0,"timestamp":1555785450,"path_taken":["M","?","?","?","?","R","M","E","T","E","R","$","R","M","R","BOSS","M","M","?","M","?","E"],"build_version":"2019-01-23","purchased_purges":1,"victory":false,"max_hp_per_floor":[80,80,80,80,80,80,80,80,80,80,80,80,80,80,80,80,80,80,80,80,80,56,56],"card_choices":[{"not_picked":["Clash","Perfected Strike","Flex"],"picked":"SKIP","floor":1},{"not_picked":["Sever Soul","Wild Strike"],"picked":"Heavy Blade","floor":3},{"not_picked":["Pummel","Perfected Strike"],"picked":"Anger","floor":5},{"not_picked":["Clash","Heavy Blade"],"picked":"Havoc","floor":7},{"not_picked":["Thunderclap","Perfected Strike"],"picked":"Clothesline","floor":8},{"not_picked":["Bludgeon","Rage"],"picked":"Flex","floor":10},{"not_picked":["Pummel","Burning Pact","Twin Strike"],"picked":"SKIP","floor":14},{"not_picked":["Barricade","Feed"],"picked":"Reaper","floor":16},{"not_picked":["Evolve+1","Rampage","Cleave"],"picked":"SKIP","floor":18},{"not_picked":["Havoc","Rage"],"picked":"Body Slam","floor":19},{"not_picked":["Ghostly Armor","Warcry"],"picked":"Anger+1","floor":21}],"player_experience":227959,"relics_obtained":[{"floor":8,"key":"Torii"},{"floor":9,"key":"Champion Belt"},{"floor":10,"key":"Pocketwatch"}],"event_choices":[{"damage_healed":0,"gold_gain":0,"player_choice":"1 cards matched","damage_taken":0,"max_hp_gain":0,"max_hp_loss":0,"event_name":"Match and Keep!","floor":2,"gold_loss":0,"cards_obtained":["Flash of Steel"]},{"damage_healed":0,"gold_gain":0,"player_choice":"Bought 3 Potions","damage_taken":0,"max_hp_gain":0,"max_hp_loss":0,"event_name":"The Woman in Blue","floor":4,"gold_loss":0},{"damage_healed":0,"gold_gain":0,"player_choice":"Opened","damage_taken":0,"relics_obtained":["Letter Opener"],"max_hp_gain":0,"max_hp_loss":0,"event_name":"The Mausoleum","floor":20,"gold_loss":0},{"damage_healed":0,"gold_gain":0,"player_choice":"Became a vampire","damage_taken":0,"max_hp_gain":0,"max_hp_loss":24,"event_name":"Vampires","floor":22,"gold_loss":0,"cards_obtained":["Bite","Bite","Bite","Bite","Bite"]}],"is_beta":false,"boss_relics":[{"not_picked":["White Beast Statue","Cursed Key"],"picked":"Snecko Eye"}],"items_purged_floors":[12],"is_endless":false,"potions_floor_spawned":[8,10,16,18,19],"killed_by":"Gremlin Leader","ascension_level":12}