{"gold_per_floor":[115,133,51,63,82,82,109,109,136,153,153,182,182,198,198,299,349,362,377,29,48,48,48,0,20,20,20,37,37,54,54],"floor_reached":31,"playtime":6844,"items_purged":[],"score":299,"play_id":"0ce412d6-9fdd-4409-9746-3b07aea506ca","local_time":"20190415194729","is_ascension_mode":true,"campfire_choices":[{"data":"Footwork","floor":6,"key":"SMITH"},{"floor":11,"key":"REST"},{"floor":15,"key":"REST"},{"floor":23,"key":"REST"},{"floor":27,"key":"REST"}],"neow_cost":"NONE","seed_source_timestamp":5281759417398,"circlet_count":0,"master_deck":["Defend_G","Defend_G","Defend_G","Defend_G","Defend_G","Strike_G","Strike_G","Strike_G","Strike_G","Strike_G","Survivor","Neutralize","Cloak And Dagger+1","Dagger Throw","Acrobatics","Well Laid Plans","Noxious Fumes","Terror","Cloak And Dagger","Footwork+1","PiercingWail","Calculated Gamble","Accuracy","Quick Slash","Noxious Fumes","Predator","Die Die Die","Bane","Cloak And Dagger","Infinite Blades","Deadly Poison","Accuracy","Flying Knee","All Out Attack","Catalyst","Deflect","Writhe","Outmaneuver"],"relics":["Orrery","Juzu Bracelet","Art of War","Dream Catcher","Incense Burner","Tiny House","Bottled Tornado","Darkstone Periapt","Orichalcum"],"potions_floor_usage":[18],"damage_taken":[{"damage":1,"enemies":"Cultist","floor":1,"turns":4},{"damage":2,"enemies":"2 Louse","floor":2,"turns":3},{"damage":3,"enemies":"Small Slimes","floor":4,"turns":4},{"damage":13,"enemies":"Exordium Wildlife","floor":5,"turns":5},{"damage":7,"enemies":"Lagavulin","floor":7,"turns":8},{"damage":7,"enemies":"Looter","floor":10,"turns":4},{"damage":28,"enemies":"Gremlin Nob","floor":12,"turns":5},{"damage":5,"enemies":"2 Fungi Beasts","floor":14,"turns":4},{"damage":13,"enemies":"The Guardian","floor":16,"turns":11},{"damage":26,"enemies":"Spheric Guardian","floor":18,"turns":6},{"damage":12,"enemies":"Chosen","floor":19,"turns":6},{"damage":16,"enemies":"Sentry and Sphere","floor":21,"turns":7},{"damage":26,"enemies":"Shelled Parasite and Fungi","floor":25,"turns":8},{"damage":10,"enemies":"Snake Plant","floor":28,"turns":5},{"damage":18,"enemies":"Centurion and Healer","floor":30,"turns":8},{"damage":17,"enemies":"Book of Stabbing","floor":31,"turns":4}],"seed_played":"4279160044124339779","potions_obtained":[{"floor":4,"key":"SpeedPotion"},{"floor":5,"key":"Swift Potion"},{"floor":7,"key":"Fire Potion"},{"floor":10,"key":"Energy Potion"},{"floor":17,"key":"Energy Potion"},{"floor":21,"key":"SteroidPotion"}],"is_trial":false,"path_per_floor":["$","?","?","?","?"],"character_chosen":"THE_SILENT","items_purchased":["Footwork","Infinite Blades","Bottled Tornado","Deadly Poison"],"campfire_rested":4,"item_purchase_floors":[3,20,20,20],"current_hp_per_floor":[69,67,67,64,51,51,44,37,37,30,51,23,23,18,39,26,75,49,37,37,21,21,43,43,17,17,39,29,35,17,0],"gold":54,"neow_bonus":"BOSS_RELIC","is_prod":false,"is_daily":false,"chose_seed":false,"campfire_upgraded":1,"win_rate":0,"timestamp":1555372049,"path_taken":["M","M","?","M","M","R","E","?","T","M","R","E","?","M","R","BOSS","M","M","$","M","$","R","?","M","T","R","M","?","M","E"],"build_version":"2019-01-23","purchased_purges":0,"victory":false,"max_hp_per_floor":[70,70,70,70,70,70,70,70,70,70,70,70,70,70,70,70,75,75,75,75,75,75,75,75,75,75,75,75,81,81,81],"card_choices":[{"not_picked":["Backflip","Acrobatics"],"picked":"Cloak And Dagger","floor":0},{"not_picked":["Poisoned Stab","Riddle With Holes"],"picked":"Dagger Throw","floor":0},{"not_picked":["Masterful Stab","Riddle With Holes"],"picked":"Acrobatics","floor":0},{"not_picked":["Poisoned Stab","Sucker Punch"],"picked":"Well Laid Plans","floor":0},{"not_picked":["Dodge and Roll","Deflect"],"picked":"Noxious Fumes","floor":0},{"not_picked":["Prepared","Deadly Poison"],"picked":"Terror","floor":1},{"not_picked":["Deflect","Endless Agony"],"picked":"Cloak And Dagger","floor":2},{"not_picked":["Terror","Dagger Spray","Slice"],"picked":"SKIP","floor":4},{"not_picked":["Dagger Throw","Finisher"],"picked":"PiercingWail","floor":5},{"not_picked":["Riddle With Holes","Storm of Steel"],"picked":"Calculated Gamble","floor":7},{"not_picked":["Infinite Blades","Poisoned Stab"],"picked":"Accuracy","floor":10},{"not_picked":["Cloak And Dagger","Expertise"],"picked":"Quick Slash","floor":11},{"not_picked":["Outmaneuver","Backflip"],"picked":"Noxious Fumes","floor":12},{"not_picked":["Flechettes","Underhanded Strike","Calculated Gamble"],"picked":"SKIP","floor":14},{"not_picked":["Deflect","Poisoned Stab"],"picked":"Predator","floor":15},{"not_picked":["Unload","Corpse Explosion"],"picked":"Die Die Die","floor":16},{"not_picked":["Outmaneuver","Dodge and Roll"],"picked":"Bane","floor":18},{"not_picked":["Dagger Spray","Quick Slash"],"picked":"Cloak And Dagger","floor":19},{"not_picked":["Setup","Expertise"],"picked":"Accuracy","floor":21},{"not_picked":["Blur","Poisoned Stab"],"picked":"Flying Knee","floor":23},{"not_picked":["Deadly Poison","Slice"],"picked":"All Out Attack","floor":25},{"not_picked":["Expertise+1","Blur+1"],"picked":"Catalyst","floor":27},{"not_picked":["Dagger Spray","Expertise"],"picked":"Deflect","floor":28},{"not_picked":["Backflip","All Out Attack"],"picked":"Outmaneuver","floor":30}],"player_experience":154552,"relics_obtained":[{"floor":7,"key":"Juzu Bracelet"},{"floor":9,"key":"Dream Catcher"},{"floor":12,"key":"Incense Burner"},{"floor":26,"key":"Darkstone Periapt"}],"event_choices":[{"damage_healed":0,"gold_gain":0,"player_choice":"Success","damage_taken":7,"relics_obtained":["Art of War"],"max_hp_gain":0,"max_hp_loss":0,"event_name":"Scrap Ooze","floor":8,"gold_loss":0},{"damage_healed":0,"gold_gain":0,"player_choice":"Ignored","damage_taken":0,"max_hp_gain":0,"max_hp_loss":0,"event_name":"Shining Light","floor":13,"gold_loss":0},{"damage_healed":0,"gold_gain":0,"player_choice":"Paid Fearfully","damage_taken":0,"max_hp_gain":0,"max_hp_loss":0,"event_name":"Masked Bandits","floor":24,"gold_loss":48},{"damage_healed":0,"gold_gain":0,"player_choice":"Opened","damage_taken":0,"relics_obtained":["Orichalcum"],"max_hp_gain":0,"max_hp_loss":0,"event_name":"The Mausoleum","floor":29,"gold_loss":0,"cards_obtained":["Writhe"]}],"is_beta":false,"boss_relics":[{"not_picked":["Runic Pyramid","White Beast Statue"],"picked":"Tiny House"}],"items_purged_floors":[],"is_endless":false,"potions_floor_spawned":[4,5,7,10,14,21,28],"killed_by":"Book of Stabbing","ascension_level":2}