{"path_per_floor":["M","?","M","M","M","E","R","?","T","E","R","?","R","M","R","B",null,"M","?","$","M","M","E","M","R","T","R","$","M","E","M","R","B",null,"M","?","$","M","?","R","M","M","T","R","?","M","M","$","R","B"],"character_chosen":"DEFECT","items_purchased":["Runic Capacitor","SmokeBomb","Barrage","Pear","Block Potion","War Paint","Shuriken","EssenceOfSteel"],"gold_per_floor":[119,119,132,148,162,192,192,192,192,522,522,522,522,537,537,633,633,652,652,335,354,373,373,388,388,415,415,35,51,76,92,92,188,188,198,198,46,59,59,59,76,96,148,148,448,458,470,50,50,50],"floor_reached":51,"campfire_rested":1,"playtime":4213,"item_purchase_floors":[],"current_hp_per_floor":[64,57,55,55,46,31,31,31,31,21,21,6,28,27,27,10,59,49,49,49,51,43,47,38,38,38,38,48,50,39,47,47,43,57,60,60,60,55,55,55,62,62,62,62,62,62,61,61,61,62],"items_purged":["Bite","Defend_B"],"gold":50,"score":1075,"play_id":"6e320d0d-b3bf-405c-9585-fc2fdb99d7fa","local_time":"20180525144413","is_prod":false,"is_daily":false,"chose_seed":false,"is_ascension_mode":true,"campfire_upgraded":9,"win_rate":0,"timestamp":1527252253,"campfire_choices":[{"data":"Streamline","floor":7.0,"key":"SMITH"},{"data":"Zap","floor":11.0,"key":"SMITH"},{"floor":13.0,"key":"REST"},{"data":"Dualcast","floor":15.0,"key":"SMITH"},{"data":"Consume","floor":25.0,"key":"SMITH"},{"data":"Barrage","floor":27.0,"key":"SMITH"},{"data":"Buffer","floor":32.0,"key":"SMITH"},{"data":"Biased Cognition","floor":40,"key":"SMITH"},{"data":"Capacitor","floor":44,"key":"SMITH"},{"data":"Echo Form","floor":49,"key":"SMITH"}],"path_taken":["M","?","M","M","?","E","R","?","T","E","R","?","R","?","R","BOSS","M","?","$","M","M","E","M","R","T","R","$","M","E","M","R","BOSS","M","?","$","M","?","R","?","M","T","R","?","M","M","$","R","BOSS"],"build_version":"2018-05-24","seed_source_timestamp":518876114308071,"purchased_purges":2,"victory":true,"master_deck":["Defend_B","Defend_B+1","Zap+1","Cold Snap","Streamline+1","Hologram+1","Cold Snap","Compile Driver","Capacitor+1","Leap+1","Echo Form+1","Beam Cell+1","Bite","Bite","Bite","Barrage+1","BootSequence+1","Consume+1","Buffer+1","Biased Cognition+1","Coolheaded+1","Double Energy+1","Transmutation+1","Chill+1","Glacier","Capacitor+1"],"max_hp_per_floor":[75,75,75,75,75,75,75,75,75,75,75,75,75,75,75,75,75,75,52,52,52,52,52,52,52,52,52,62,62,62,62,62,62,62,62,62,62,62,62,62,62,62,62,62,62,62,62,62,62,62],"relics":["Cracked Core","Mummified Hand","Thread and Needle","Old Coin","Velvet Choker","Runic Capacitor","Pen Nib","Pear","Oddly Smooth Stone","Astrolabe","War Paint","Lantern","Shuriken"],"card_choices":[{"not_picked":["Blizzard","Redo"],"picked":"Cold Snap","floor":1.0},{"not_picked":["Turbo","Conserve Battery"],"picked":"Streamline","floor":3.0},{"not_picked":["Stack","Streamline"],"picked":"Hologram","floor":4.0},{"not_picked":["Rip and Tear","Stack"],"picked":"Cold Snap","floor":5.0},{"not_picked":["Steam","FTL"],"picked":"Compile Driver","floor":6.0},{"not_picked":["Coolheaded","Skim"],"picked":"Capacitor","floor":10.0},{"not_picked":["Heatsinks","Blizzard"],"picked":"Leap","floor":14.0},{"not_picked":["Multi-Cast","Biased Cognition"],"picked":"Echo Form","floor":16.0},{"not_picked":["Redo+1","Hologram"],"picked":"Beam Cell+1","floor":18.0},{"not_picked":["Genetic Algorithm","Capacitor","Cold Snap"],"picked":"SKIP","floor":21.0},{"not_picked":["Sweeping Beam+1","Genetic Algorithm"],"picked":"BootSequence","floor":22.0},{"not_picked":["Turbo","Ball Lightning"],"picked":"Consume","floor":24.0},{"not_picked":["Force Field","Barrage","Sweeping Beam"],"picked":"SKIP","floor":29.0},{"not_picked":["Loop","White Noise"],"picked":"Buffer","floor":30.0},{"not_picked":["Ball Lightning","Steam","Hologram"],"picked":"SKIP","floor":31.0},{"not_picked":["Creative AI","Machine Learning"],"picked":"Biased Cognition","floor":33.0},{"not_picked":["Cold Snap+1","Sweeping Beam+1"],"picked":"Chill","floor":35.0},{"not_picked":["Barrage","Sweeping Beam+1","Recycle+1"],"picked":"SKIP","floor":38},{"not_picked":["Stack","Hologram"],"picked":"Glacier","floor":41},{"not_picked":["Go for the Eyes+1","Hyperbeam","Glacier"],"picked":"SKIP","floor":42},{"not_picked":["Ball Lightning","Rebound+1"],"picked":"Capacitor+1","floor":46},{"not_picked":["Hologram","Coolheaded","Fusion"],"picked":"SKIP","floor":47}],"player_experience":107428,"potions_floor_usage":[50],"damage_taken":[{"damage":4.0,"enemies":"2 Louse","floor":1.0,"turns":2.0},{"damage":2.0,"enemies":"Jaw Worm","floor":3.0,"turns":4.0},{"damage":0.0,"enemies":"Cultist","floor":4.0,"turns":2.0},{"damage":9.0,"enemies":"Blue Slaver","floor":5.0,"turns":3.0},{"damage":15.0,"enemies":"Gremlin Nob","floor":6.0,"turns":4.0},{"damage":10.0,"enemies":"Lagavulin","floor":10.0,"turns":5.0},{"damage":1.0,"enemies":"Looter","floor":14.0,"turns":2.0},{"damage":17.0,"enemies":"Slime Boss","floor":16.0,"turns":12.0},{"damage":10.0,"enemies":"Shell Parasite","floor":18.0,"turns":5.0},{"damage":5.0,"enemies":"3 Byrds","floor":21.0,"turns":5.0},{"damage":9.0,"enemies":"Snecko","floor":22.0,"turns":4.0},{"damage":0.0,"enemies":"Book of Stabbing","floor":23.0,"turns":2.0},{"damage":19.0,"enemies":"Slaver and Parasite","floor":24.0,"turns":6.0},{"damage":6.0,"enemies":"Centurion and Healer","floor":29.0,"turns":6.0},{"damage":23.0,"enemies":"Slavers","floor":30.0,"turns":6.0},{"damage":0.0,"enemies":"Snecko","floor":31.0,"turns":5.0},{"damage":16.0,"enemies":"Automaton","floor":33.0,"turns":10.0},{"damage":1.0,"enemies":"3 Darklings","floor":35.0,"turns":5.0},{"damage":9,"enemies":"Orb Walker","floor":38,"turns":5},{"damage":3,"enemies":"Spire Growth","floor":41,"turns":6},{"damage":0,"enemies":"4 Shapes","floor":42,"turns":7},{"damage":0,"enemies":"Sphere and 2 Shapes","floor":46,"turns":6},{"damage":1,"enemies":"Spire Growth","floor":47,"turns":6},{"damage":0,"enemies":"Donu and Deca","floor":50,"turns":10}],"relics_obtained":[{"floor":6.0,"key":"Mummified Hand"},{"floor":9.0,"key":"Thread and Needle"},{"floor":10.0,"key":"Old Coin"},{"floor":26.0,"key":"Pen Nib"},{"floor":30.0,"key":"Oddly Smooth Stone"},{"floor":43,"key":"Lantern"}],"event_choices":[{"event_name":"Golden Wing","player_choice":"Card Removal","floor":2.0,"damage_taken":0.0},{"event_name":"Living Wall","player_choice":"Grow","floor":8.0,"damage_taken":0.0},{"event_name":"Shining Light","player_choice":"Entered Light","floor":12.0,"damage_taken":0.0},{"event_name":"Vampires","player_choice":"Became a vampire","floor":19.0,"damage_taken":0.0},{"event_name":"SensoryStone","player_choice":"Memory 1","floor":36.0,"damage_taken":0.0},{"event_name":"Upgrade Shrine","player_choice":"Upgraded","floor":39,"damage_taken":0},{"event_name":"Wheel of Change","player_choice":"Gold","floor":45,"damage_taken":0}],"boss_relics":[],"items_purged_floors":[],"potions_floor_spawned":[3,10,14,22,33,41,47],"seed_played":"-3284995883542004508","ascension_level":9,"potions_obtained":[{"floor":3.0,"key":"Energy Potion"},{"floor":10.0,"key":"SkillPotion"},{"floor":14.0,"key":"Energy Potion"},{"floor":22.0,"key":"EntropicBrew"},{"floor":33.0,"key":"AttackPotion"},{"floor":41,"key":"SkillPotion"},{"floor":47,"key":"SkillPotion"}],"is_trial":false}