{"gold_per_floor":[119,138,213,101,101,101,118,129,129,147,112,112,5,5,5,81,81,97,110,110,121,10,10,10,10,33,33,61,20,20],"floor_reached":30,"playtime":1606,"items_purged":["Strike_B"],"score":512,"play_id":"fb3b783c-4d69-4a61-bfd7-87b4796312da","local_time":"20190121210647","is_ascension_mode":true,"campfire_choices":[{"data":"Static Discharge","floor":6.0,"key":"SMITH"},{"data":"Storm","floor":12.0,"key":"SMITH"},{"data":"Self Repair","floor":15.0,"key":"SMITH"},{"floor":24,"key":"REST"},{"floor":27,"key":"REST"}],"neow_cost":"NONE","seed_source_timestamp":980098949862115,"circlet_count":0,"master_deck":["AscendersBane","Strike_B","Defend_B","Defend_B","Defend_B","Defend_B","Zap","Dualcast","Chill+1","Coolheaded","Static Discharge+1","Storm+1","Self Repair+1","Cold Snap","Seek","Heatsinks","Loop","Coolheaded","Storm+1","Echo Form","Capacitor"],"special_seed":0,"relics":["Cracked Core","Juzu Bracelet","Inserter","Dream Catcher","Kunai"],"potions_floor_usage":[19,19,23,30,30],"damage_taken":[{"damage":2.0,"enemies":"Jaw Worm","floor":1.0,"turns":3.0},{"damage":0.0,"enemies":"2 Louse","floor":2.0,"turns":1.0},{"damage":2.0,"enemies":"Cultist","floor":7.0,"turns":4.0},{"damage":22.0,"enemies":"Exordium Thugs","floor":8.0,"turns":5.0},{"damage":6.0,"enemies":"Gremlin Gang","floor":10.0,"turns":5.0},{"damage":16.0,"enemies":"Hexaghost","floor":16.0,"turns":9.0},{"damage":28.0,"enemies":"3 Byrds","floor":18.0,"turns":5.0},{"damage":10,"enemies":"2 Thieves","floor":19,"turns":4},{"damage":39,"enemies":"Cultist and Chosen","floor":21,"turns":5},{"damage":0,"enemies":"Slavers","floor":23,"turns":1},{"damage":41,"enemies":"Book of Stabbing","floor":28,"turns":4},{"damage":28,"enemies":"Shelled Parasite and Fungi","floor":30,"turns":4}],"seed_played":"-3708246878614549170","potions_obtained":[{"floor":1.0,"key":"FocusPotion"},{"floor":10.0,"key":"FocusPotion"},{"floor":16.0,"key":"EssenceOfSteel"},{"floor":19,"key":"PowerPotion"},{"floor":28,"key":"Weak Potion"}],"is_trial":false,"path_per_floor":["?","?","?","?","?"],"character_chosen":"DEFECT","items_purchased":["Static Discharge","Self Repair","Cold Snap","SmokeBomb","Capacitor"],"campfire_rested":2,"item_purchase_floors":[4,13,13,22,29],"current_hp_per_floor":[62,62,51,51,51,51,49,27,27,21,38,38,38,38,38,32,61,43,43,43,14,14,14,35,35,35,56,25,25,0],"gold":20,"neow_bonus":"REMOVE_CARD","is_prod":false,"is_daily":false,"chose_seed":false,"campfire_upgraded":3,"win_rate":0,"timestamp":1548101207,"path_taken":["M","M","?","$","?","R","M","M","T","M","?","R","$","?","R","BOSS","M","M","$","M","$","E","R","?","T","R","E","$","M"],"build_version":"2019-01-20","purchased_purges":1,"victory":false,"max_hp_per_floor":[71,71,71,71,71,71,71,71,71,71,71,71,71,71,71,71,71,71,71,71,71,71,71,71,71,71,71,71,71,71],"card_choices":[{"not_picked":["Leap","Steam Power"],"picked":"Chill","floor":1.0},{"not_picked":["Streamline","Auto Shields"],"picked":"Coolheaded","floor":2.0},{"not_picked":["Static Discharge","Double Energy"],"picked":"Storm","floor":7.0},{"not_picked":["Gash","Doom and Gloom","Go for the Eyes"],"picked":"SKIP","floor":8.0},{"not_picked":["Redo","Conserve Battery","Hologram"],"picked":"SKIP","floor":10.0},{"not_picked":["Buffer","Rainbow"],"picked":"Seek","floor":16.0},{"not_picked":["Darkness","Stack"],"picked":"Heatsinks","floor":18.0},{"not_picked":["Turbo","Go for the Eyes+1"],"picked":"Loop","floor":19},{"not_picked":["Ball Lightning","Gash"],"picked":"Coolheaded","floor":21},{"not_picked":["Streamline","Redo+1"],"picked":"Echo Form","floor":28}],"player_experience":613085,"relics_obtained":[{"floor":9.0,"key":"Juzu Bracelet"},{"floor":26,"key":"Dream Catcher"},{"floor":28,"key":"Kunai"}],"event_choices":[{"damage_healed":0.0,"max_hp_gain":0.0,"max_hp_loss":0.0,"gold_gain":75.0,"event_name":"World of Goop","player_choice":"Gather Gold","floor":3.0,"gold_loss":0.0,"damage_taken":11.0},{"damage_healed":0.0,"max_hp_gain":0.0,"max_hp_loss":0.0,"gold_gain":0.0,"event_name":"Living Wall","player_choice":"Grow","floor":5.0,"gold_loss":0.0,"damage_taken":0.0,"cards_upgraded":["Chill"]},{"damage_healed":17.0,"max_hp_gain":0.0,"max_hp_loss":0.0,"gold_gain":0.0,"event_name":"The Cleric","player_choice":"Healed","floor":11.0,"gold_loss":35.0,"damage_taken":0.0},{"cards_removed":["Strike_B"],"damage_healed":0.0,"max_hp_gain":0.0,"max_hp_loss":0.0,"gold_gain":0.0,"event_name":"Bonfire Elementals","player_choice":"Offered Basic","floor":14.0,"gold_loss":0.0,"damage_taken":0.0},{"damage_healed":0,"gold_gain":0,"player_choice":"Copied","damage_taken":0,"max_hp_gain":0,"max_hp_loss":0,"event_name":"Duplicator","floor":25,"gold_loss":0,"cards_obtained":["Storm"]}],"is_beta":true,"boss_relics":[{"not_picked":["Sozu","Black Star"],"picked":"Inserter"}],"items_purged_floors":[4],"is_endless":false,"potions_floor_spawned":[1,10,16,18,19,23,28],"killed_by":"Shelled Parasite and Fungi","ascension_level":20}