{"gold_per_floor":[114,114,129,144,114,114,144,159,159,174,209,209,59,74,74,174,224,239,254,269,284,299,299,28,58,83,128,143,43,73,88,88,188,188,203,218,233,260,287,299,341,368,380,392,419,446,458,485,497,509],"floor_reached":51,"playtime":16409,"items_purged":["Defend_R","Defend_R"],"score":808,"play_id":"9f207e9b-e568-40c0-92e6-4e54c2aebf5f","local_time":"20190304151037","daily_mods":["Allstar","Vintage","Night Terrors"],"is_ascension_mode":false,"campfire_choices":[{"data":"Jack Of All Trades","floor":6,"key":"SMITH"},{"data":"Bash","floor":12,"key":"SMITH"},{"data":"The Bomb","floor":15,"key":"SMITH"},{"data":"Feed","floor":23,"key":"SMITH"},{"data":"Thinking Ahead","floor":32,"key":"SMITH"},{"data":"Berserk","floor":40,"key":"SMITH"},{"data":"PanicButton","floor":44,"key":"SMITH"},{"data":"Strike_R","floor":49,"key":"SMITH"}],"neow_cost":"","seed_source_timestamp":0,"circlet_count":0,"master_deck":["Strike_R","Strike_R+1","Strike_R","Strike_R+1","Strike_R+1","Defend_R","Defend_R+1","Bash+1","The Bomb+1","Bandage Up","PanicButton+1","Thinking Ahead+1","Jack Of All Trades+1","Battle Trance+1","Feed+1","Master of Strategy+1","Clothesline+1","Berserk+1","Whirlwind+1","Madness+1","Madness+1"],"special_seed":17959,"relics":["Burning Blood","Toxic Egg 2","Orichalcum","Juzu Bracelet","Singing Bowl","Mercury Hourglass","Bag of Marbles","Meat on the Bone","Strawberry","Bag of Preparation","Bronze Scales","Boot","Tiny House","Anchor","Lantern","Oddly Smooth Stone","Omamori","Potion Belt","Vajra","Happy Flower","Tiny Chest","Dream Catcher","PreservedInsect","Molten Egg 2","Cursed Key","Dead Branch","Centennial Puzzle","MawBank","Turnip","Kunai","Mango","Paper Frog","Bird Faced Urn","Whetstone","Darkstone Periapt","Sundial"],"potions_floor_usage":[7,10,21,27,38,50,50,50,50],"damage_taken":[{"damage":3,"enemies":"Small Slimes","floor":1,"turns":4},{"damage":9,"enemies":"Cultist","floor":3,"turns":5},{"damage":7,"enemies":"Jaw Worm","floor":4,"turns":3},{"damage":4,"enemies":"Looter","floor":5,"turns":4},{"damage":18,"enemies":"3 Sentries","floor":7,"turns":4},{"damage":0,"enemies":"Large Slime","floor":8,"turns":3},{"damage":2,"enemies":"Lots of Slimes","floor":10,"turns":3},{"damage":0,"enemies":"3 Louse","floor":11,"turns":2},{"damage":4,"enemies":"Exordium Thugs","floor":14,"turns":4},{"damage":41,"enemies":"The Guardian","floor":16,"turns":8},{"damage":6,"enemies":"Shell Parasite","floor":18,"turns":3},{"damage":20,"enemies":"2 Thieves","floor":19,"turns":4},{"damage":2,"enemies":"Centurion and Healer","floor":20,"turns":3},{"damage":0,"enemies":"3 Cultists","floor":21,"turns":4},{"damage":2,"enemies":"Snake Plant","floor":22,"turns":2},{"damage":22,"enemies":"Slavers","floor":25,"turns":4},{"damage":4,"enemies":"Sentry and Sphere","floor":27,"turns":3},{"damage":10,"enemies":"Centurion and Healer","floor":28,"turns":4},{"damage":12,"enemies":"Gremlin Leader","floor":30,"turns":4},{"damage":1,"enemies":"Chosen and Byrds","floor":31,"turns":3},{"damage":33,"enemies":"Automaton","floor":33,"turns":7},{"damage":0,"enemies":"Orb Walker","floor":35,"turns":3},{"damage":3,"enemies":"3 Darklings","floor":36,"turns":3},{"damage":6,"enemies":"Sphere and 2 Shapes","floor":37,"turns":2},{"damage":8,"enemies":"Jaw Worm Horde","floor":38,"turns":3},{"damage":6,"enemies":"Writhing Mass","floor":39,"turns":4},{"damage":12,"enemies":"Nemesis","floor":41,"turns":5},{"damage":0,"enemies":"3 Darklings","floor":42,"turns":2},{"damage":10,"enemies":"4 Shapes","floor":45,"turns":3},{"damage":0,"enemies":"Transient","floor":46,"turns":5},{"damage":1,"enemies":"Writhing Mass","floor":48,"turns":3},{"damage":109,"enemies":"Time Eater","floor":50,"turns":8}],"seed_played":"-7872172445691063903","potions_obtained":[{"floor":2,"key":"Regen Potion"},{"floor":2,"key":"SpeedPotion"},{"floor":2,"key":"FairyPotion"},{"floor":7,"key":"GamblersBrew"},{"floor":10,"key":"Fire Potion"},{"floor":16,"key":"Block Potion"},{"floor":22,"key":"Regen Potion"},{"floor":30,"key":"AttackPotion"},{"floor":33,"key":"Weak Potion"},{"floor":35,"key":"Regen Potion"},{"floor":37,"key":"Strength Potion"},{"floor":46,"key":"GamblersBrew"}],"is_trial":false,"path_per_floor":["M","?","M","M","M","R","E","M","T","M","M","R","$","M","R","B",null,"M","M","M","M","M","R","$","E","T","M","M","$","E","M","R","B",null,"M","M","M","M","M","R","E","M","T","R","M","M","?","M","R","B",null],"character_chosen":"IRONCLAD","items_purchased":["Bronze Scales","Master of Strategy+1"],"campfire_rested":0,"item_purchase_floors":[13,24],"current_hp_per_floor":[80,80,77,76,80,80,80,80,80,87,87,87,87,87,87,56,94,94,80,88,97,97,97,97,91,91,101,103,103,101,111,111,84,111,111,111,115,117,119,119,135,137,137,137,139,141,123,136,136,67],"gold":521,"neow_bonus":"","is_prod":false,"is_daily":true,"chose_seed":false,"campfire_upgraded":8,"win_rate":0,"timestamp":1551741037,"path_taken":["M","?","M","M","M","R","E","M","T","M","M","R","$","M","R","BOSS","M","M","M","M","M","R","?","E","T","M","M","$","E","M","R","BOSS","M","M","M","M","M","R","E","M","T","R","M","M","?","M","R","BOSS"],"build_version":"2019-01-23","purchased_purges":2,"victory":true,"max_hp_per_floor":[80,80,80,80,80,80,80,80,80,87,87,87,87,87,87,87,94,94,94,94,97,97,97,97,103,103,107,107,107,107,111,111,111,111,111,111,115,119,119,119,137,137,137,137,141,141,141,141,141,141],"card_choices":[{"not_picked":["Rage+1","Uppercut"],"picked":"Battle Trance+1","floor":7},{"not_picked":["Juggernaut","Demon Form"],"picked":"Feed","floor":16},{"not_picked":["Headbutt","Thunderclap","Heavy Blade"],"picked":"Singing Bowl","floor":17},{"not_picked":["Immolate","Headbutt+1","Clothesline"],"picked":"Singing Bowl","floor":25},{"not_picked":["Blood for Blood","Whirlwind"],"picked":"Clothesline+1","floor":30},{"not_picked":["Reaper+1","Exhume+1"],"picked":"Berserk","floor":33},{"not_picked":["True Grit+1","Heavy Blade+1"],"picked":"Whirlwind+1","floor":41}],"player_experience":1070720,"relics_obtained":[{"floor":1,"key":"Toxic Egg 2"},{"floor":3,"key":"Orichalcum"},{"floor":4,"key":"Juzu Bracelet"},{"floor":5,"key":"Singing Bowl"},{"floor":7,"key":"Mercury Hourglass"},{"floor":8,"key":"Bag of Marbles"},{"floor":9,"key":"Meat on the Bone"},{"floor":10,"key":"Strawberry"},{"floor":11,"key":"Bag of Preparation"},{"floor":14,"key":"Boot"},{"floor":18,"key":"Anchor"},{"floor":19,"key":"Lantern"},{"floor":20,"key":"Oddly Smooth Stone"},{"floor":21,"key":"Omamori"},{"floor":22,"key":"Potion Belt"},{"floor":25,"key":"Vajra"},{"floor":26,"key":"Happy Flower"},{"floor":27,"key":"Tiny Chest"},{"floor":28,"key":"Dream Catcher"},{"floor":30,"key":"PreservedInsect"},{"floor":31,"key":"Molten Egg 2"},{"floor":35,"key":"Dead Branch"},{"floor":36,"key":"Centennial Puzzle"},{"floor":37,"key":"MawBank"},{"floor":38,"key":"Turnip"},{"floor":39,"key":"Kunai"},{"floor":41,"key":"Mango"},{"floor":42,"key":"Paper Frog"},{"floor":43,"key":"Bird Faced Urn"},{"floor":45,"key":"Whetstone"},{"floor":46,"key":"Darkstone Periapt"},{"floor":48,"key":"Sundial"}],"event_choices":[{"damage_healed":0,"gold_gain":0,"player_choice":"Got Potions","damage_taken":0,"max_hp_gain":0,"max_hp_loss":0,"event_name":"Lab","floor":2,"gold_loss":0},{"damage_healed":0,"gold_gain":0,"player_choice":"Embrace Madness","damage_taken":18,"max_hp_gain":0,"max_hp_loss":0,"event_name":"Winding Halls","floor":47,"gold_loss":0,"cards_obtained":["Madness","Madness"]}],"is_beta":false,"boss_relics":[{"not_picked":["Runic Cube","Runic Pyramid"],"picked":"Tiny House"},{"not_picked":["White Beast Statue","Velvet Choker"],"picked":"Cursed Key"}],"items_purged_floors":[24,29],"is_endless":false,"potions_floor_spawned":[7,8,10,16,19,22,30,33,35,36,37,46],"ascension_level":0}