{"path_per_floor":["M","?","?","M","?","E","M","E","T","?","M","$","R","M","R","B",null,"M","$","M","?","?","E","R","M","T","?","M","R","$","?","R"],"character_chosen":"IRONCLAD","items_purchased":["Frozen Egg 2","Armaments","Armaments","Jack Of All Trades","Metallicize","Bottled Tornado","Seeing Red","Sword Boomerang"],"gold_per_floor":[115,115,115,126,126,159,176,209,233,262,274,5,5,19,19,123,123,138,12,26,116,41,367,367,383,406,406,423,423,18,18,18],"floor_reached":33,"campfire_rested":3,"playtime":3118,"current_hp_per_floor":[80,80,80,70,54,25,31,19,19,20,26,26,26,29,68,70,80,67,67,64,24,24,13,52,34,34,34,22,22,22,22,61],"items_purged":[],"gold":18,"play_id":"d39053a3-e0ae-4c1c-b52e-007ef59754d8","is_prod":false,"is_daily":false,"is_ascension_mode":false,"campfire_upgraded":2,"path_taken":["M","?","?","M","?","E","M","E","T","?","M","?","R","M","R","BOSS","M","$","M","?","?","E","R","M","T","?","M","R","$","?","R","BOSS"],"build_version":"2018-02-01-PROD3","purchased_purges":0,"victory":false,"master_deck":["Strike_R","Strike_R","Strike_R","Strike_R","Strike_R","Defend_R","Defend_R","Defend_R+1","Defend_R","Bash+1","Rampage+1","Bash","Dark Embrace","Clothesline","Shrug It Off","Infernal Blade+1","Clash","Seeing Red","Dual Wield+1","Armaments+1","Dropkick","Brutality+1","Decay","Writhe","Searing Blow+1","Armaments+1","Jack Of All Trades","Cleave+1","Dark Shackles","Flash of Steel","Corruption+1","Power Through","Perfected Strike+1","Metallicize+1","Seeing Red","Sword Boomerang"],"max_hp_per_floor":[80,80,80,80,80,80,80,80,80,80,80,80,80,80,80,80,80,80,80,80,80,80,80,80,80,80,80,80,80,80,80,80],"relics":["Burning Blood","Juzu Bracelet","Regal Pillow","Mercury Hourglass","Orichalcum","Odd Mushroom","Frozen Egg 2","Calling Bell","Bronze Scales","Kunai","Old Coin","Anchor","Nloth\u0027s Gift","Bottled Tornado"],"card_choices":[{"not_picked":["Reckless Charge","Thunderclap"],"picked":"Rampage"},{"not_picked":["Feel No Pain","Reckless Charge"],"picked":"Clothesline"},{"not_picked":["Twin Strike","Cleave"],"picked":"Shrug It Off"},{"not_picked":["Searing Blow","Perfected Strike"],"picked":"Infernal Blade"},{"not_picked":["Corruption","Pummel"],"picked":"Clash"},{"not_picked":["Thunderclap","Pummel"],"picked":"Seeing Red"},{"not_picked":["Limit Break","Clash"],"picked":"Dual Wield"},{"not_picked":["True Grit","Rupture"],"picked":"Dropkick"},{"not_picked":["Berserk","Feed"],"picked":"Brutality"},{"not_picked":["Bloodletting","Flex"],"picked":"Searing Blow"},{"not_picked":["Flex","Spot Weakness"],"picked":"Cleave"},{"not_picked":["Heavy Blade","Body Slam"],"picked":"Corruption"},{"not_picked":["Armaments","Seeing Red"],"picked":"Power Through"},{"not_picked":["Spot Weakness","Metallicize"],"picked":"Perfected Strike"}],"player_experience":15366,"potions_floor_usage":[6,8,16,16,23,23],"damage_taken":[{"damage":1,"enemies":"2 Louse","floor":1,"turns":4},{"damage":16,"enemies":"Blue Slaver","floor":4,"turns":5},{"damage":35,"enemies":"3 Sentries","floor":6,"turns":10},{"damage":0,"enemies":"Cultist","floor":7,"turns":3},{"damage":18,"enemies":"Gremlin Nob","floor":8,"turns":4},{"damage":5,"enemies":"The Mushroom Lair","floor":10,"turns":3},{"damage":0,"enemies":"2 Fungi Beasts","floor":11,"turns":2},{"damage":3,"enemies":"Lots of Slimes","floor":14,"turns":3},{"damage":4,"enemies":"Slime Boss","floor":16,"turns":7},{"damage":19,"enemies":"3 Byrds","floor":18,"turns":4},{"damage":13,"enemies":"Chosen","floor":20,"turns":5},{"damage":24,"enemies":"Book of Stabbing","floor":23,"turns":5},{"damage":24,"enemies":"Centurion and Healer","floor":25,"turns":8},{"damage":18,"enemies":"Slaver and Parasite","floor":28,"turns":7},{"damage":61,"enemies":"Collector","floor":33,"turns":10}],"event_choices":[{"event_name":"Match and Keep!","player_choice":"2 cards matched","floor":2,"damage_taken":0},{"event_name":"Upgrade Shrine","player_choice":"Upgraded","floor":3,"damage_taken":0},{"event_name":"Shining Light","player_choice":"Entered Light","floor":5,"damage_taken":0},{"event_name":"Mushrooms","player_choice":"Fought Mushrooms","floor":10,"damage_taken":0},{"event_name":"Knowing Skull","player_choice":"CARD CARD POTION GOLD ","floor":21,"damage_taken":0},{"event_name":"Beggar","player_choice":"Gave Gold","floor":22,"damage_taken":0},{"event_name":"N\u0027loth","player_choice":"Traded a War Paint","floor":27,"damage_taken":0},{"event_name":"Vampires","player_choice":"Ignored","floor":31,"damage_taken":0}],"boss_relics":[{"not_picked":["Lizard Tail","White Beast Statue"],"picked":"Calling Bell"}],"potions_floor_spawned":[1,6,10,11,14],"seed_played":"-5991824302083052103","killed_by":"Collector","ascension_level":0,"is_trial":false}