{"gold_per_floor":[113,113,113,129,139,166,166,75,98,130,141,151,172,189,189,289,289,299,288,135,135,147,147,165,80,80,5,5,5,25,41,41,139,139,149,149,149,149,79,79,93,104,128,139,139,139],"floor_reached":46,"playtime":2959,"items_purged":["Parasite"],"score":457,"play_id":"6c5a53ae-f8d7-4cbc-9238-0d8b042d7deb","local_time":"20190324205632","is_ascension_mode":false,"campfire_choices":[{"floor":7,"key":"REST"},{"floor":15,"key":"REST"},{"floor":23,"key":"RECALL"},{"floor":28,"key":"REST"},{"floor":32,"key":"REST"},{"data":"Demon Form","floor":40,"key":"SMITH"},{"floor":45,"key":"REST"}],"neow_cost":"PERCENT_DAMAGE","seed_source_timestamp":25001570379791,"circlet_count":0,"master_deck":["Strike_R","Strike_R","Strike_R","Strike_R","Strike_R","Defend_R","Defend_R","Defend_R","Defend_R","Bash","Anger","Armaments","Intimidate","Inflame","Shrug It Off","Anger","Flame Barrier","Fire Breathing","Combust","Metallicize","Demon Form+1","Metallicize","Combust","Necronomicurse","Flame Barrier","Entrench+1","Inflame","Flex","Carnage+1","Madness","Madness","Discovery","The Bomb","Blind","Combust","Warcry+1","Flex","Parasite","Rupture+1"],"relics":["Burning Blood","Magic Flower","Centennial Puzzle","Orichalcum","Red Skull","Odd Mushroom","Cursed Key","Vajra","Necronomicon","Strawberry","Sozu","Bronze Scales"],"potions_floor_usage":[6,16,22,24,33,33,33,46],"damage_taken":[{"damage":5,"enemies":"Cultist","floor":1,"turns":4},{"damage":0,"enemies":"Small Slimes","floor":4,"turns":2},{"damage":0,"enemies":"2 Louse","floor":5,"turns":3},{"damage":18,"enemies":"3 Sentries","floor":6,"turns":9},{"damage":12,"enemies":"Lagavulin","floor":10,"turns":5},{"damage":0,"enemies":"Large Slime","floor":11,"turns":6},{"damage":2,"enemies":"Looter","floor":12,"turns":4},{"damage":22,"enemies":"The Mushroom Lair","floor":13,"turns":5},{"damage":13,"enemies":"Gremlin Gang","floor":14,"turns":4},{"damage":23,"enemies":"Slime Boss","floor":16,"turns":9},{"damage":9,"enemies":"Shell Parasite","floor":18,"turns":5},{"damage":16,"enemies":"2 Thieves","floor":19,"turns":4},{"damage":11,"enemies":"3 Cultists","floor":22,"turns":4},{"damage":25,"enemies":"Snake Plant","floor":24,"turns":4},{"damage":12,"enemies":"Chosen and Byrds","floor":30,"turns":6},{"damage":19,"enemies":"Centurion and Healer","floor":31,"turns":7},{"damage":54,"enemies":"Champ","floor":33,"turns":12},{"damage":17,"enemies":"3 Darklings","floor":35,"turns":5},{"damage":20,"enemies":"Orb Walker","floor":41,"turns":4},{"damage":40,"enemies":"Jaw Worm Horde","floor":42,"turns":4},{"damage":13,"enemies":"Transient","floor":44,"turns":5},{"damage":91,"enemies":"Giant Head","floor":46,"turns":8}],"seed_played":"7427932169502264943","potions_obtained":[{"floor":1,"key":"Explosive Potion"},{"floor":5,"key":"Swift Potion"},{"floor":12,"key":"Swift Potion"},{"floor":16,"key":"Energy Potion"},{"floor":18,"key":"FearPotion"},{"floor":22,"key":"SteroidPotion"},{"floor":30,"key":"FearPotion"},{"floor":31,"key":"Ancient Potion"},{"floor":33,"key":"PowerPotion"}],"is_trial":false,"path_per_floor":["?","?","?","?","?","?","M","?","?","?","M"],"character_chosen":"IRONCLAD","items_purchased":["Inflame","Shrug It Off","Vajra","Combust"],"campfire_rested":5,"item_purchase_floors":[8,8,20,39],"current_hp_per_floor":[60,60,53,62,71,62,80,80,80,77,80,80,67,63,80,66,80,80,73,73,57,55,55,39,46,46,46,71,71,68,58,83,38,84,76,65,55,94,94,94,83,52,52,48,76,0],"gold":139,"neow_bonus":"ONE_RARE_RELIC","is_prod":false,"is_daily":false,"chose_seed":false,"campfire_upgraded":1,"win_rate":0,"timestamp":1553475392,"path_taken":["M","?","?","M","M","E","R","$","T","E","M","M","?","M","R","BOSS","M","M","$","?","M","R","M","?","T","$","R","?","M","?","R","BOSS","M","?","?","?","$","R","M","M","T","?","R","E"],"build_version":"2019-01-23","purchased_purges":1,"victory":false,"max_hp_per_floor":[80,80,80,80,80,80,80,80,80,80,80,80,80,80,80,80,80,80,80,80,80,80,80,80,87,87,84,84,84,84,84,84,84,84,84,84,84,94,94,94,94,94,94,94,94,94],"card_choices":[{"not_picked":["Flex","Hemokinesis"],"picked":"Anger","floor":1},{"not_picked":["Clothesline","Carnage"],"picked":"Armaments","floor":4},{"not_picked":["Heavy Blade","Pummel"],"picked":"Intimidate","floor":5},{"not_picked":["Clash","Flex"],"picked":"Dark Embrace","floor":6},{"not_picked":["Infernal Blade","Immolate"],"picked":"Anger","floor":10},{"not_picked":["Wild Strike","Perfected Strike"],"picked":"Flame Barrier","floor":11},{"not_picked":["Hemokinesis","Sword Boomerang"],"picked":"Fire Breathing","floor":12},{"not_picked":["Sever Soul","Clash"],"picked":"Combust","floor":13},{"not_picked":["Warcry","Rupture"],"picked":"Metallicize","floor":14},{"not_picked":["Immolate","Limit Break"],"picked":"Demon Form","floor":16},{"not_picked":["Intimidate","Clothesline+1"],"picked":"Metallicize","floor":18},{"not_picked":["Metallicize","Clash"],"picked":"Combust","floor":19},{"not_picked":["Wild Strike","Hemokinesis+1"],"picked":"Flame Barrier","floor":22},{"not_picked":["Feel No Pain+1","Sever Soul+1"],"picked":"Entrench+1","floor":24},{"not_picked":["Iron Wave","Shrug It Off+1"],"picked":"Inflame","floor":30},{"not_picked":["Anger","Heavy Blade"],"picked":"Flex","floor":31},{"not_picked":["Brutality","Offering"],"picked":"Double Tap","floor":33},{"not_picked":["Sword Boomerang+1","Dropkick+1"],"picked":"Carnage+1","floor":35},{"not_picked":["Finesse","Madness"],"picked":"Discovery","floor":37},{"not_picked":["Swift Strike","Finesse"],"picked":"The Bomb","floor":37},{"not_picked":["Deep Breath","Jack Of All Trades"],"picked":"Blind","floor":37},{"not_picked":["Clash","Pummel"],"picked":"Warcry+1","floor":41},{"not_picked":["Twin Strike","Body Slam"],"picked":"Flex","floor":42},{"not_picked":["Power Through+1","Intimidate"],"picked":"Rupture+1","floor":44}],"player_experience":63288,"relics_obtained":[{"floor":6,"key":"Orichalcum"},{"floor":10,"key":"Red Skull"},{"floor":13,"key":"Odd Mushroom"},{"floor":21,"key":"Necronomicon"},{"floor":43,"key":"Bronze Scales"}],"event_choices":[{"damage_healed":0,"gold_gain":0,"player_choice":"Box","damage_taken":0,"relics_obtained":["Centennial Puzzle"],"max_hp_gain":0,"max_hp_loss":0,"event_name":"Big Fish","floor":2,"gold_loss":0,"cards_obtained":["Regret"]},{"cards_removed":["Regret"],"damage_healed":0,"gold_gain":0,"player_choice":"Card Removal","damage_taken":7,"max_hp_gain":0,"max_hp_loss":0,"event_name":"Golden Wing","floor":3,"gold_loss":0},{"damage_healed":0,"gold_gain":0,"player_choice":"Fought Mushrooms","damage_taken":0,"max_hp_gain":0,"max_hp_loss":0,"event_name":"Mushrooms","floor":13,"gold_loss":0},{"damage_healed":0,"gold_gain":0,"player_choice":"Obtained Book","damage_taken":16,"max_hp_gain":0,"max_hp_loss":0,"event_name":"Cursed Tome","floor":21,"gold_loss":0},{"damage_healed":0,"gold_gain":0,"player_choice":"Obtained Relic","damage_taken":0,"relics_obtained":["Strawberry"],"max_hp_gain":0,"max_hp_loss":0,"event_name":"Addict","floor":25,"gold_loss":85},{"cards_removed":["Dark Embrace"],"damage_healed":0,"gold_gain":0,"player_choice":"Purged","damage_taken":0,"max_hp_gain":0,"max_hp_loss":0,"event_name":"Purifier","floor":29,"gold_loss":0},{"damage_healed":0,"gold_gain":0,"player_choice":"Embrace Madness","damage_taken":11,"max_hp_gain":0,"max_hp_loss":0,"event_name":"Winding Halls","floor":36,"gold_loss":0,"cards_obtained":["Madness","Madness"]},{"damage_healed":0,"gold_gain":0,"player_choice":"Memory 3","damage_taken":10,"max_hp_gain":0,"max_hp_loss":0,"event_name":"SensoryStone","floor":37,"gold_loss":0},{"cards_removed":["Double Tap"],"damage_healed":29,"gold_gain":0,"player_choice":"Offered Rare","damage_taken":0,"max_hp_gain":10,"max_hp_loss":0,"event_name":"Bonfire Elementals","floor":38,"gold_loss":0}],"is_beta":false,"boss_relics":[{"not_picked":["Mark of Pain","White Beast Statue"],"picked":"Cursed Key"},{"not_picked":["Black Star","Calling Bell"],"picked":"Sozu"}],"items_purged_floors":[27],"is_endless":false,"potions_floor_spawned":[1,5,12,16,18,22,30,31,33,42],"killed_by":"Giant Head","ascension_level":0}