{"gold_per_floor":[113,123,123,73,73,73,28,28,55,68,68,85,10,10,10,105,105,122,37,37,56,67,67,87,47,72,90,90,90,40,51,51,51],"floor_reached":33,"playtime":1256,"items_purged":["Strike_B"],"score":235,"play_id":"dc20402e-6128-4abf-a0db-a7e5475232fd","local_time":"20181201175254","is_ascension_mode":false,"campfire_choices":[{"data":"Zap","floor":6,"key":"SMITH"},{"data":"Conserve Battery","floor":8,"key":"SMITH"},{"data":"Conserve Battery","floor":15,"key":"SMITH"},{"data":"Machine Learning","floor":23,"key":"SMITH"},{"floor":29,"key":"REST"},{"floor":32,"key":"REST"}],"neow_cost":"NONE","seed_source_timestamp":1272550021785036,"circlet_count":0,"master_deck":["Strike_B","Strike_B","Defend_B","Defend_B","Defend_B","Defend_B","Zap+1","Dualcast","Conserve Battery+1","Stack","Steam","Conserve Battery+1","Streamline","Chill","Buffer","Hologram+1","Steam","Skim","Machine Learning+1","Coolheaded+1","Leap+1","Sunder","Defragment","Double Energy","Cold Snap"],"relics":["Cracked Core","NeowsBlessing","Prayer Wheel","Ancient Tea Set","Singing Bowl","Runic Pyramid","Lantern","Oddly Smooth Stone"],"potions_floor_usage":[33],"damage_taken":[{"damage":0,"enemies":"Jaw Worm","floor":1,"turns":1},{"damage":0,"enemies":"2 Louse","floor":2,"turns":1},{"damage":0,"enemies":"Small Slimes","floor":10,"turns":1},{"damage":0,"enemies":"3 Louse","floor":12,"turns":4},{"damage":32,"enemies":"The Guardian","floor":16,"turns":15},{"damage":0,"enemies":"Chosen","floor":18,"turns":6},{"damage":13,"enemies":"Spheric Guardian","floor":21,"turns":6},{"damage":13,"enemies":"Snake Plant","floor":22,"turns":7},{"damage":5,"enemies":"Centurion and Healer","floor":24,"turns":16},{"damage":30,"enemies":"Sentry and Sphere","floor":27,"turns":10},{"damage":3,"enemies":"3 Cultists","floor":31,"turns":9},{"damage":89,"enemies":"Automaton","floor":33,"turns":12}],"seed_played":"4047954239180813498","potions_obtained":[{"floor":1,"key":"PowerPotion"},{"floor":10,"key":"EssenceOfSteel"},{"floor":22,"key":"FearPotion"}],"is_trial":false,"path_per_floor":["M","M","?","?","?","R","$","R","T","M","?","M","$","$","R","B",null,"M","?","?","M","M","R","M","$","T","M","?","R","?","M","R","B"],"character_chosen":"DEFECT","items_purchased":["Steam","Sunder"],"campfire_rested":2,"item_purchase_floors":[7,25],"current_hp_per_floor":[75,75,75,75,75,75,75,75,75,75,68,70,70,70,70,38,77,77,77,77,64,53,53,50,50,50,22,22,46,46,43,67,0],"gold":51,"neow_bonus":"THREE_ENEMY_KILL","is_prod":false,"is_daily":false,"chose_seed":false,"campfire_upgraded":4,"win_rate":0.0,"timestamp":1543708374,"path_taken":["M","M","?","?","?","R","$","R","T","?","?","M","?","$","R","BOSS","M","?","?","M","M","R","M","$","T","?","?","R","?","?","R","BOSS"],"build_version":"2018-11-15","purchased_purges":1,"victory":false,"max_hp_per_floor":[75,75,75,75,75,75,75,75,75,75,75,77,77,77,77,77,77,77,77,77,77,79,79,81,81,81,83,83,83,83,83,83,83],"card_choices":[{"not_picked":["Reinforced Body","Self Repair"],"picked":"Conserve Battery","floor":1},{"not_picked":["Chaos","Heatsinks"],"picked":"Stack","floor":2},{"not_picked":["Stack","Tempest"],"picked":"Conserve Battery","floor":10},{"not_picked":["Barrage","Gash"],"picked":"Streamline","floor":10},{"not_picked":["White Noise","Compile Driver","Conserve Battery"],"picked":"Singing Bowl","floor":12},{"not_picked":["Redo","Gash"],"picked":"Chill","floor":12},{"not_picked":["Electrodynamics","Biased Cognition"],"picked":"Buffer","floor":16},{"not_picked":["Compile Driver","Chill"],"picked":"Hologram","floor":18},{"not_picked":["Conserve Battery","Heatsinks"],"picked":"Steam","floor":18},{"not_picked":["Sweeping Beam","Beam Cell"],"picked":"Skim","floor":21},{"not_picked":["Go for the Eyes","Stack"],"picked":"Machine Learning","floor":21},{"not_picked":["Barrage+1","Ball Lightning"],"picked":"Coolheaded+1","floor":22},{"not_picked":["Self Repair","Recycle","Conserve Battery+1"],"picked":"Singing Bowl","floor":22},{"not_picked":["Barrage","Static Discharge+1"],"picked":"Leap+1","floor":24},{"not_picked":["Gash+1","Ball Lightning+1","Sweeping Beam"],"picked":"Singing Bowl","floor":24},{"not_picked":["Undo","Chaos"],"picked":"Defragment","floor":27},{"not_picked":["Electrodynamics","Doom and Gloom","Turbo"],"picked":"Singing Bowl","floor":27},{"not_picked":["Ball Lightning","Rip and Tear"],"picked":"Double Energy","floor":31},{"not_picked":["Conserve Battery","Coolheaded+1"],"picked":"Cold Snap","floor":31}],"player_experience":96366,"relics_obtained":[{"floor":9,"key":"Ancient Tea Set"},{"floor":26,"key":"Oddly Smooth Stone"}],"event_choices":[{"damage_healed":0,"gold_gain":0,"player_choice":"Box","damage_taken":0,"relics_obtained":["Prayer Wheel"],"max_hp_gain":0,"max_hp_loss":0,"event_name":"Big Fish","floor":3,"gold_loss":0,"cards_obtained":["Regret"]},{"cards_removed":["Regret"],"damage_healed":0,"gold_gain":0,"player_choice":"Card Removal","damage_taken":0,"max_hp_gain":0,"max_hp_loss":0,"event_name":"The Cleric","floor":4,"gold_loss":50},{"cards_removed":["Strike_B"],"damage_healed":0,"gold_gain":0,"player_choice":"Purged","damage_taken":0,"max_hp_gain":0,"max_hp_loss":0,"event_name":"Purifier","floor":5,"gold_loss":0},{"damage_healed":0,"gold_gain":0,"player_choice":"Success","damage_taken":7,"relics_obtained":["Singing Bowl"],"max_hp_gain":0,"max_hp_loss":0,"event_name":"Scrap Ooze","floor":11,"gold_loss":0},{"damage_healed":0,"gold_gain":0,"player_choice":"Obtained Relic","damage_taken":0,"relics_obtained":["Lantern"],"max_hp_gain":0,"max_hp_loss":0,"event_name":"Addict","floor":19,"gold_loss":85},{"damage_healed":0,"gold_gain":0,"player_choice":"Upgraded","damage_taken":0,"max_hp_gain":0,"max_hp_loss":0,"event_name":"Upgrade Shrine","floor":20,"gold_loss":0,"cards_upgraded":["Hologram"]},{"damage_healed":0,"gold_gain":0,"player_choice":"Ignored","damage_taken":0,"max_hp_gain":0,"max_hp_loss":0,"event_name":"Cursed Tome","floor":28,"gold_loss":0},{"damage_healed":0,"gold_gain":0,"player_choice":"Bet on Owner","damage_taken":0,"max_hp_gain":0,"max_hp_loss":0,"event_name":"The Joust","floor":30,"gold_loss":50}],"is_beta":false,"boss_relics":[{"not_picked":["Orrery","Nuclear Battery"],"picked":"Runic Pyramid"}],"items_purged_floors":[13],"is_endless":false,"potions_floor_spawned":[1,10,22,24,31],"killed_by":"Automaton","ascension_level":0}