{"path_per_floor":["M","M","$","?","M","R","M","R","T","M","R","M","E","?","R","B",null,"M","M","$","M","?","R","M","$","T","M"],"character_chosen":"DEFECT","items_purchased":["Sunder","Chill","Coolheaded","Defragment","Fire Potion"],"gold_per_floor":[109,126,11,0,18,18,28,28,52,71,71,83,111,111,111,208,208,222,242,167,186,136,136,152,8,8,23,23],"floor_reached":28,"campfire_rested":1,"playtime":1337,"item_purchase_floors":[3,3,25,25,25],"current_hp_per_floor":[68,66,66,66,65,65,65,65,65,51,51,50,50,50,50,14,60,60,33,33,8,8,30,19,19,19,1,0],"items_purged":["Strike_B"],"gold":23,"score":383,"play_id":"0d2ac440-a480-4840-8094-2596bfe58a65","local_time":"20180526010744","is_prod":false,"is_daily":false,"chose_seed":false,"is_ascension_mode":true,"campfire_upgraded":4,"win_rate":0,"timestamp":1527289664,"campfire_choices":[{"data":"Sunder","floor":6,"key":"SMITH"},{"data":"Zap","floor":8,"key":"SMITH"},{"data":"Defragment","floor":11,"key":"SMITH"},{"data":"Ball Lightning","floor":15,"key":"SMITH"},{"floor":23,"key":"REST"}],"path_taken":["M","M","$","?","M","R","M","R","T","M","R","M","E","?","R","BOSS","M","M","$","M","?","R","?","?","T","M","?"],"build_version":"2018-05-24","seed_source_timestamp":559290847183620,"purchased_purges":1,"victory":false,"master_deck":["Strike_B","Strike_B","Strike_B","Defend_B","Defend_B","Defend_B","Defend_B","Zap+1","Dualcast","AscendersBane","Capacitor","Compile Driver","Sunder+1","Chill","Ball Lightning+1","Defragment+1","Leap","Hologram","Genetic Algorithm+1","Seek","Go for the Eyes+1","Go for the Eyes+1","Cold Snap","Capacitor","Loop+1","Coolheaded","Defragment"],"max_hp_per_floor":[75,75,75,75,75,75,75,75,75,75,75,75,75,75,75,75,75,75,75,75,75,75,75,75,75,75,75,75],"relics":["Cracked Core","Pen Nib","Dream Catcher","Runic Dome","Dodecahedron"],"card_choices":[{"not_picked":["Steam","Double Energy"],"picked":"Capacitor","floor":1},{"not_picked":["Go for the Eyes","Hologram"],"picked":"Compile Driver","floor":2},{"not_picked":["Go for the Eyes","Redo"],"picked":"Ball Lightning","floor":5},{"not_picked":["Reinforced Body","Streamline"],"picked":"Defragment","floor":7},{"not_picked":["Steam","Go for the Eyes"],"picked":"Leap","floor":10},{"not_picked":["Turbo","Go for the Eyes"],"picked":"Hologram","floor":12},{"not_picked":["Go for the Eyes","Fission"],"picked":"Genetic Algorithm","floor":13},{"not_picked":["Amplify","Multi-Cast"],"picked":"Seek","floor":16},{"not_picked":["Capacitor","Rebound+1"],"picked":"Go for the Eyes+1","floor":18},{"not_picked":["Aggregate+1","Rebound+1"],"picked":"Go for the Eyes+1","floor":19},{"not_picked":["Barrage","Go for the Eyes+1"],"picked":"Cold Snap","floor":21},{"not_picked":["Ball Lightning","Hologram"],"picked":"Capacitor","floor":23},{"not_picked":["Conserve Battery","Ball Lightning+1"],"picked":"Loop+1","floor":24},{"not_picked":["Loop","Steam","Beam Cell"],"picked":"SKIP","floor":27}],"player_experience":124747,"potions_floor_usage":[19,24,24,27,28],"damage_taken":[{"damage":0,"enemies":"2 Louse","floor":1,"turns":2},{"damage":2,"enemies":"Jaw Worm","floor":2,"turns":3},{"damage":1,"enemies":"Cultist","floor":5,"turns":3},{"damage":0,"enemies":"Large Slime","floor":7,"turns":3},{"damage":14,"enemies":"Red Slaver","floor":10,"turns":2},{"damage":1,"enemies":"Exordium Wildlife","floor":12,"turns":2},{"damage":0,"enemies":"Gremlin Nob","floor":13,"turns":2},{"damage":36,"enemies":"Hexaghost","floor":16,"turns":7},{"damage":0,"enemies":"Spheric Guardian","floor":18,"turns":2},{"damage":27,"enemies":"Shell Parasite","floor":19,"turns":3},{"damage":25,"enemies":"3 Cultists","floor":21,"turns":6},{"damage":11,"enemies":"Slaver and Parasite","floor":24,"turns":7},{"damage":18,"enemies":"Snake Plant","floor":27,"turns":3},{"damage":6,"enemies":"Chosen and Byrds","floor":28,"turns":3}],"relics_obtained":[{"floor":9,"key":"Pen Nib"},{"floor":13,"key":"Dream Catcher"},{"floor":26,"key":"Dodecahedron"}],"event_choices":[{"event_name":"World of Goop","player_choice":"Left","floor":4,"damage_taken":0},{"event_name":"Living Wall","player_choice":"Grow","floor":14,"damage_taken":0},{"event_name":"The Joust","player_choice":"Bet on Owner","floor":22,"damage_taken":0}],"boss_relics":[{"not_picked":["Tiny House","Runic Pyramid"],"picked":"Runic Dome"}],"items_purged_floors":[20],"potions_floor_spawned":[1,12,13,16,18,24],"seed_played":"-4251621882303974812","killed_by":"Chosen and Byrds","ascension_level":11,"potions_obtained":[{"floor":1,"key":"Dexterity Potion"},{"floor":12,"key":"Swift Potion"},{"floor":13,"key":"Strength Potion"},{"floor":18,"key":"SkillPotion"},{"floor":24,"key":"FocusPotion"}],"is_trial":false}