{"gold_per_floor":[119,119,139,157,157,189,189,222,248,265,265,298,298,4,4,76,76,89,75,89,16,30,30,30,30,57,84,34,34,49,78,78,152,152,171,36,36,0,0,0,31,51,51,51,84,113,75,25,25,25],"floor_reached":51,"playtime":3660,"items_purged":["Strike_G","Masterful Stab","Survivor","Defend_G+1"],"score":1416,"play_id":"d868e178-40c2-4460-92db-ce14640ed8a7","local_time":"20180807000917","is_ascension_mode":true,"campfire_choices":[{"data":"Dagger Spray","floor":7,"key":"SMITH"},{"data":"Envenom","floor":13,"key":"SMITH"},{"floor":15,"key":"REST"},{"data":"Footwork","floor":23,"key":"SMITH"},{"data":"Footwork","floor":25,"key":"SMITH"},{"floor":32,"key":"REST"},{"data":"Noxious Fumes","floor":40,"key":"SMITH"},{"data":"Cloak And Dagger","floor":49,"key":"SMITH"}],"neow_cost":"NONE","seed_source_timestamp":1143136099599986,"circlet_count":0,"master_deck":["Defend_G+1","Defend_G+1","Defend_G+1","Defend_G+1","Strike_G+1","Strike_G+1","Strike_G+1","Neutralize+1","AscendersBane","Dagger Spray+1","Dagger Throw","Slice","Envenom+1","Deflect+1","Dodge and Roll","Footwork+1","Backflip+1","Adrenaline","Footwork+1","Wraith Form v2","Cloak And Dagger+1","Well Laid Plans","Adrenaline","Noxious Fumes+1","Quick Slash+1"],"relics":["Ring of the Serpent","Blood Vial","Art of War","Smiling Mask","Pen Nib","Incense Burner","Snake Skull","War Paint","Letter Opener","Enchiridion","Omamori","Cursed Key","Ninja Scroll","Red Mask","Dodecahedron","Shuriken","MawBank"],"potions_floor_usage":[6,12,27,27,36,50,50],"damage_taken":[{"damage":0,"enemies":"Jaw Worm","floor":1,"turns":4},{"damage":2,"enemies":"Small Slimes","floor":3,"turns":3},{"damage":0,"enemies":"Cultist","floor":4,"turns":4},{"damage":8,"enemies":"3 Sentries","floor":6,"turns":9},{"damage":21,"enemies":"Gremlin Nob","floor":8,"turns":5},{"damage":3,"enemies":"Blue Slaver","floor":10,"turns":3},{"damage":3,"enemies":"3 Sentries","floor":12,"turns":5},{"damage":0,"enemies":"The Guardian","floor":16,"turns":9},{"damage":18,"enemies":"Spheric Guardian","floor":18,"turns":9},{"damage":5,"enemies":"2 Thieves","floor":19,"turns":4},{"damage":7,"enemies":"3 Cultists","floor":20,"turns":6},{"damage":0,"enemies":"Snake Plant","floor":22,"turns":6},{"damage":1,"enemies":"Slavers","floor":27,"turns":7},{"damage":1,"enemies":"Cultist and Chosen","floor":30,"turns":6},{"damage":1,"enemies":"Gremlin Leader","floor":31,"turns":7},{"damage":3,"enemies":"Champ","floor":33,"turns":18},{"damage":0,"enemies":"3 Shapes","floor":35,"turns":3},{"damage":0,"enemies":"Giant Head","floor":41,"turns":8},{"damage":0,"enemies":"3 Darklings","floor":42,"turns":5},{"damage":0,"enemies":"Nemesis","floor":45,"turns":5},{"damage":0,"enemies":"Maw","floor":46,"turns":6},{"damage":29,"enemies":"Awakened One","floor":50,"turns":13}],"seed_played":"1787828819483453668","potions_obtained":[{"floor":3,"key":"Fire Potion"},{"floor":4,"key":"Regen Potion"},{"floor":8,"key":"PowerPotion"},{"floor":12,"key":"Regen Potion"},{"floor":35,"key":"SteroidPotion"},{"floor":45,"key":"LiquidBronze"},{"floor":46,"key":"Ancient Potion"}],"is_trial":false,"path_per_floor":["M","?","M","M","?","E","R","E","T","M","?","E","R","$","R","B",null,"M","M","M","$","M","R","?","R","T","E","$","?","M","E","R","B",null,"M","$","?","?","?","R","E","M","T","?","E","M","$","$","R","B"],"character_chosen":"THE_SILENT","items_purchased":["Footwork","Snake Skull","Backflip","Footwork","Noxious Fumes","Fruit Juice"],"campfire_rested":2,"item_purchase_floors":[14,14,14,21,36,36],"current_hp_per_floor":[59,52,50,50,24,33,33,14,14,13,18,17,17,17,38,40,63,47,44,39,39,41,41,41,41,41,57,57,36,37,38,59,58,68,70,75,75,75,75,75,76,76,76,76,76,76,76,76,76,47],"gold":25,"neow_bonus":"UPGRADE_CARD","is_prod":false,"is_daily":false,"chose_seed":false,"campfire_upgraded":6,"win_rate":0,"timestamp":1533564557,"path_taken":["M","?","M","M","?","E","R","E","T","M","?","E","R","$","R","BOSS","M","M","M","?","M","R","?","R","T","E","$","?","M","E","R","BOSS","M","$","?","?","?","R","E","M","T","?","E","?","?","$","R","BOSS"],"build_version":"2018-08-02","purchased_purges":4,"victory":true,"max_hp_per_floor":[66,66,66,66,66,66,66,66,66,66,71,71,71,71,71,71,71,71,71,71,71,71,71,71,71,71,71,71,71,71,71,71,71,71,71,76,76,76,76,76,76,76,76,76,76,76,76,76,76,76],"card_choices":[{"not_picked":["Backflip","Caltrops"],"picked":"Dagger Spray","floor":1},{"not_picked":["Slice","Escape Plan"],"picked":"Dagger Throw","floor":3},{"not_picked":["Sucker Punch","Prepared"],"picked":"Masterful Stab","floor":4},{"not_picked":["Flying Knee","Eviscerate"],"picked":"Slice","floor":6},{"not_picked":["Setup","Calculated Gamble"],"picked":"Envenom","floor":8},{"not_picked":["Accuracy","Skewer"],"picked":"Deflect","floor":10},{"not_picked":["Slice","Outmaneuver"],"picked":"Dodge and Roll","floor":12},{"not_picked":["Night Terror","Envenom"],"picked":"Adrenaline","floor":16},{"not_picked":["Dagger Throw","Blade Dance","Deadly Poison"],"picked":"SKIP","floor":18},{"not_picked":["Eviscerate","Slice","Accuracy+1"],"picked":"SKIP","floor":19},{"not_picked":["Tactician","Riddle With Holes","Eviscerate+1"],"picked":"SKIP","floor":20},{"not_picked":["Outmaneuver","Quick Slash"],"picked":"Wraith Form v2","floor":22},{"not_picked":["Quick Slash","Reflex","Sucker Punch"],"picked":"SKIP","floor":27},{"not_picked":["Prepared","Poisoned Stab"],"picked":"Cloak And Dagger","floor":30},{"not_picked":["Flying Knee+1","Blade Dance"],"picked":"Well Laid Plans","floor":31},{"not_picked":["Tools of the Trade","Venomology"],"picked":"Adrenaline","floor":33},{"not_picked":["Terror","Quick Slash","Concentrate"],"picked":"SKIP","floor":35},{"not_picked":["Setup","Phantasmal Killer","Dagger Spray"],"picked":"SKIP","floor":41},{"not_picked":["PiercingWail","Dodge and Roll","Deflect"],"picked":"SKIP","floor":42},{"not_picked":["Sucker Punch","Deflect","Expertise+1"],"picked":"SKIP","floor":45},{"not_picked":["Bane","Predator"],"picked":"Quick Slash+1","floor":46}],"player_experience":350544,"relics_obtained":[{"floor":6,"key":"Art of War"},{"floor":8,"key":"Smiling Mask"},{"floor":9,"key":"Pen Nib"},{"floor":12,"key":"Incense Burner"},{"floor":26,"key":"War Paint"},{"floor":27,"key":"Letter Opener"},{"floor":29,"key":"Enchiridion"},{"floor":31,"key":"Omamori"},{"floor":41,"key":"Dodecahedron"},{"floor":43,"key":"Shuriken"},{"floor":45,"key":"MawBank"}],"event_choices":[{"event_name":"Golden Wing","player_choice":"Card Removal","floor":2,"damage_taken":0},{"event_name":"Scrap Ooze","player_choice":"success","floor":5,"damage_taken":26},{"event_name":"Big Fish","player_choice":"Donut","floor":11,"damage_taken":0},{"event_name":"Back to Basics","player_choice":"Simplicity","floor":24,"damage_taken":0},{"event_name":"Cursed Tome","player_choice":"Obtained Book","floor":29,"damage_taken":0},{"event_name":"WeMeetAgain","player_choice":"Potion","floor":37,"damage_taken":0},{"event_name":"Tomb of Lord Red Mask","player_choice":"Paid","floor":38,"damage_taken":0},{"event_name":"Match and Keep!","player_choice":"0 cards matched","floor":39,"damage_taken":0},{"event_name":"Winding Halls","player_choice":"Writhe","floor":44,"damage_taken":0}],"is_beta":false,"boss_relics":[{"not_picked":["Pandora\u0027s Box","Lizard Tail"],"picked":"Ring of the Serpent"},{"not_picked":["HoveringKite","Black Star"],"picked":"Cursed Key"}],"items_purged_floors":[14,28,47,48],"is_endless":false,"potions_floor_spawned":[3,4,8,12,18,19,20,22,35,45,46],"ascension_level":15}