{"gold_per_floor":[114,194,194,144,144,144,159,159,184,214,64,64,139,169,169,269,269,284,199,104,104,119,119,149,149,149,179,179,209,209,224,224,324,324,339,339,270,285,285,315,330,330,355,382,394,421,463,250,250,250],"floor_reached":51,"playtime":93771,"items_purged":["Self Repair"],"score":1140,"play_id":"7392b2d0-7b45-478b-ab11-53b22cc7c674","local_time":"20190312130138","daily_mods":["Draft","Time Dilation","Elite Swarm"],"is_ascension_mode":false,"campfire_choices":[{"data":"Coolheaded","floor":6,"key":"SMITH"},{"data":"Redo","floor":8,"key":"SMITH"},{"data":"Electrodynamics","floor":12,"key":"SMITH"},{"data":"Buffer","floor":15,"key":"SMITH"},{"data":"Seek","floor":23,"key":"SMITH"},{"data":"Coolheaded","floor":25,"key":"SMITH"},{"data":"Beam Cell","floor":28,"key":"SMITH"},{"data":"Turbo","floor":32,"key":"SMITH"},{"data":"Seek","floor":42,"key":"SMITH"},{"data":"Biased Cognition","floor":45,"key":"SMITH"},{"data":"Buffer","floor":49,"key":"SMITH"}],"neow_cost":"","seed_source_timestamp":0,"circlet_count":0,"master_deck":["Beam Cell","Turbo+1","Steam+1","Redo+1","Coolheaded+1","Capacitor","Ball Lightning","Conserve Battery","Sunder","Genetic Algorithm+1","Loop","Beam Cell+1","Coolheaded+1","Conserve Battery","Electrodynamics+1","Buffer+1","Seek+1","Ball Lightning","Finesse","Turbo+1","Echo Form","Biased Cognition+1","Amplify","Ball Lightning","Creative AI","Turbo","Turbo+1","FTL","Gash","Seek+1","Heatsinks+1","Hologram+1","Undo+1","Beam Cell+1","Redo+1","Coolheaded+1","Buffer+1"],"special_seed":17966,"relics":["Cracked Core","Centennial Puzzle","Bag of Preparation","FossilizedHelix","War Paint","Ice Cream","Philosopher\u0027s Stone","Pen Nib","Prayer Wheel","Omamori","Darkstone Periapt","Matryoshka","Cables","Nuclear Battery","StoneCalendar","MawBank","Potion Belt","DataDisk","Vajra"],"potions_floor_usage":[10,33,33,40,50,50],"damage_taken":[{"damage":0,"enemies":"2 Louse","floor":1,"turns":2},{"damage":0,"enemies":"Jaw Worm","floor":7,"turns":1},{"damage":13,"enemies":"Gremlin Nob","floor":10,"turns":3},{"damage":0,"enemies":"Lagavulin","floor":14,"turns":5},{"damage":0,"enemies":"The Guardian","floor":16,"turns":8},{"damage":0,"enemies":"Chosen","floor":18,"turns":6},{"damage":0,"enemies":"Shell Parasite","floor":22,"turns":2},{"damage":10,"enemies":"Gremlin Leader","floor":24,"turns":4},{"damage":0,"enemies":"Book of Stabbing","floor":27,"turns":4},{"damage":0,"enemies":"Gremlin Leader","floor":29,"turns":3},{"damage":0,"enemies":"Snake Plant","floor":31,"turns":2},{"damage":0,"enemies":"Collector","floor":33,"turns":5},{"damage":0,"enemies":"3 Darklings","floor":35,"turns":3},{"damage":0,"enemies":"3 Shapes","floor":38,"turns":1},{"damage":0,"enemies":"Giant Head","floor":40,"turns":6},{"damage":8,"enemies":"3 Darklings","floor":41,"turns":2},{"damage":0,"enemies":"Spire Growth","floor":44,"turns":2},{"damage":0,"enemies":"Sphere and 2 Shapes","floor":46,"turns":2},{"damage":0,"enemies":"Nemesis","floor":47,"turns":3},{"damage":0,"enemies":"Donu and Deca","floor":50,"turns":4}],"seed_played":"-4617565889114114574","potions_obtained":[{"floor":1,"key":"Energy Potion"},{"floor":7,"key":"PowerPotion"},{"floor":14,"key":"Poison Potion"},{"floor":18,"key":"Dexterity Potion"},{"floor":27,"key":"Poison Potion"},{"floor":35,"key":"SmokeBomb"},{"floor":38,"key":"Dexterity Potion"},{"floor":47,"key":"LiquidBronze"}],"is_trial":false,"path_per_floor":["M","?","?","?","$","R","M","R","T","E","$","R","?","E","R","B",null,"M","?","$","?","M","R","E","R","T","E","R","E","?","M","R","B",null,"M","?","$","M","?","E","M","R","T","M","R","M","E","$","R","B",null],"character_chosen":"DEFECT","items_purchased":["War Paint","Finesse","FTL","Vajra"],"campfire_rested":0,"item_purchase_floors":[11,20,37,48],"current_hp_per_floor":[75,75,63,63,63,63,63,63,63,57,57,57,46,53,53,60,75,75,75,75,75,75,75,65,65,65,72,72,75,75,75,75,75,75,75,75,75,75,75,75,74,74,74,74,74,75,75,75,75,75],"gold":250,"neow_bonus":"","is_prod":false,"is_daily":true,"chose_seed":false,"campfire_upgraded":11,"win_rate":0,"timestamp":1552420898,"path_taken":["M","?","?","?","?","R","?","R","T","E","?","R","?","E","R","BOSS","M","?","$","?","M","R","E","R","T","E","R","E","?","M","R","BOSS","M","?","$","?","?","E","M","R","T","M","R","?","E","?","R","BOSS"],"build_version":"2019-01-23","purchased_purges":1,"victory":true,"max_hp_per_floor":[75,75,75,75,75,75,75,75,75,75,75,75,75,75,75,75,75,75,75,75,75,75,75,75,75,75,75,75,75,75,75,75,75,75,75,75,75,75,75,75,75,75,75,75,75,75,75,75,75,75],"card_choices":[{"not_picked":["Storm","Barrage"],"picked":"Beam Cell","floor":0},{"not_picked":["Force Field","Leap"],"picked":"Undo","floor":0},{"not_picked":["Beam Cell","Streamline"],"picked":"Turbo","floor":0},{"not_picked":["Reinforced Body","Compile Driver"],"picked":"Steam","floor":0},{"not_picked":["Stack","Genetic Algorithm"],"picked":"Redo","floor":0},{"not_picked":["Turbo","Storm"],"picked":"Coolheaded","floor":0},{"not_picked":["Beam Cell","Rebound"],"picked":"Capacitor","floor":0},{"not_picked":["Aggregate","Go for the Eyes"],"picked":"Ball Lightning","floor":0},{"not_picked":["Rip and Tear","Melter"],"picked":"Conserve Battery","floor":0},{"not_picked":["Reprogram","Aggregate"],"picked":"Sweeping Beam","floor":0},{"not_picked":["Redo","Doom and Gloom"],"picked":"Self Repair","floor":0},{"not_picked":["Barrage","Reinforced Body"],"picked":"Sunder","floor":0},{"not_picked":["Gash","Sweeping Beam"],"picked":"Genetic Algorithm","floor":0},{"not_picked":["Rebound","Turbo"],"picked":"Loop","floor":0},{"not_picked":["Cold Snap","Reprogram"],"picked":"Beam Cell","floor":0},{"not_picked":["Redo","Cold Snap"],"picked":"Coolheaded","floor":1},{"not_picked":["Rip and Tear","Scrape"],"picked":"Conserve Battery","floor":7},{"not_picked":["Machine Learning","Seek"],"picked":"Electrodynamics","floor":10},{"not_picked":["Creative AI","Core Surge"],"picked":"Buffer","floor":14},{"not_picked":["Machine Learning","Rainbow"],"picked":"Seek","floor":16},{"not_picked":["Leap","Glacier"],"picked":"Ball Lightning","floor":18},{"not_picked":["Beam Cell","Gash"],"picked":"Turbo+1","floor":22},{"not_picked":["Go for the Eyes","Gash+1","Rebound"],"picked":"SKIP","floor":22},{"not_picked":["Thunder Strike","Creative AI"],"picked":"Echo Form","floor":24},{"not_picked":["Seek","Meteor Strike"],"picked":"Biased Cognition","floor":27},{"not_picked":["Thunder Strike","Seek"],"picked":"Amplify","floor":29},{"not_picked":["Reprogram","Steam"],"picked":"Ball Lightning","floor":31},{"not_picked":["Force Field","Gash+1","BootSequence+1"],"picked":"SKIP","floor":31},{"not_picked":["Multi-Cast","Thunder Strike"],"picked":"Creative AI","floor":33},{"not_picked":["Compile Driver","Barrage"],"picked":"Turbo","floor":35},{"not_picked":["Rip and Tear","Cold Snap+1"],"picked":"Turbo+1","floor":35},{"not_picked":["Leap","Streamline","Scrape"],"picked":"SKIP","floor":38},{"not_picked":["Beam Cell","Cold Snap+1","Leap"],"picked":"SKIP","floor":38},{"not_picked":["Amplify","All For One"],"picked":"Seek","floor":40},{"not_picked":["Leap","Redo"],"picked":"Heatsinks+1","floor":41},{"not_picked":["Stack","Ball Lightning+1"],"picked":"Hologram+1","floor":41},{"not_picked":["Recycle+1","Self Repair+1"],"picked":"Undo+1","floor":44},{"not_picked":["Go for the Eyes","Rebound"],"picked":"Beam Cell+1","floor":44},{"not_picked":["Beam Cell+1","Loop+1"],"picked":"Redo+1","floor":46},{"not_picked":["Turbo","Blizzard+1"],"picked":"Coolheaded+1","floor":46},{"not_picked":["Thunder Strike","Machine Learning"],"picked":"Buffer","floor":47}],"player_experience":1229458,"relics_obtained":[{"floor":9,"key":"Bag of Preparation"},{"floor":10,"key":"FossilizedHelix"},{"floor":14,"key":"Ice Cream"},{"floor":24,"key":"Omamori"},{"floor":26,"key":"Darkstone Periapt"},{"floor":27,"key":"Matryoshka"},{"floor":29,"key":"Cables"},{"floor":40,"key":"StoneCalendar"},{"floor":43,"key":"MawBank"},{"floor":43,"key":"Potion Belt"},{"floor":47,"key":"DataDisk"}],"event_choices":[{"damage_healed":0,"gold_gain":80,"player_choice":"Gained Gold","damage_taken":0,"max_hp_gain":0,"max_hp_loss":0,"event_name":"Golden Wing","floor":2,"gold_loss":0},{"damage_healed":0,"gold_gain":0,"player_choice":"Success","damage_taken":12,"relics_obtained":["Centennial Puzzle"],"max_hp_gain":0,"max_hp_loss":0,"event_name":"Scrap Ooze","floor":3,"gold_loss":0},{"cards_removed":["Sweeping Beam"],"damage_healed":0,"gold_gain":0,"player_choice":"Card Removal","damage_taken":0,"max_hp_gain":0,"max_hp_loss":0,"event_name":"The Cleric","floor":4,"gold_loss":50},{"damage_healed":0,"gold_gain":75,"player_choice":"Gather Gold","damage_taken":11,"max_hp_gain":0,"max_hp_loss":0,"event_name":"World of Goop","floor":13,"gold_loss":0},{"damage_healed":0,"gold_gain":0,"player_choice":"Obtained Relic","damage_taken":0,"relics_obtained":["Pen Nib"],"max_hp_gain":0,"max_hp_loss":0,"event_name":"Addict","floor":19,"gold_loss":85},{"damage_healed":0,"gold_gain":0,"player_choice":"Opened","damage_taken":0,"relics_obtained":["Prayer Wheel"],"max_hp_gain":0,"max_hp_loss":0,"event_name":"The Mausoleum","floor":21,"gold_loss":0},{"damage_healed":0,"gold_gain":0,"player_choice":"Ignored","damage_taken":0,"max_hp_gain":0,"max_hp_loss":0,"event_name":"Beggar","floor":30,"gold_loss":0},{"damage_healed":0,"gold_gain":0,"player_choice":"0 cards matched","damage_taken":0,"max_hp_gain":0,"max_hp_loss":0,"event_name":"Match and Keep!","floor":36,"gold_loss":0,"cards_obtained":[]},{"damage_healed":0,"gold_gain":0,"cards_transformed":["Undo"],"player_choice":"Transformed","damage_taken":0,"max_hp_gain":0,"max_hp_loss":0,"event_name":"Transmorgrifier","floor":39,"gold_loss":0,"cards_obtained":["Gash"]}],"is_beta":false,"boss_relics":[{"not_picked":["Coffee Dripper","Eternal Feather"],"picked":"Philosopher\u0027s Stone"},{"not_picked":["Lizard Tail","Empty Cage"],"picked":"Nuclear Battery"}],"items_purged_floors":[48],"is_endless":false,"potions_floor_spawned":[1,7,14,18,27,35,38,44,47],"ascension_level":0}