{"gold_per_floor":[112,112,126,126,301,301,326,326,326,341,360,360,189,203,203,300,300,287,298,330,253,269,298,315,315,315,332,332,351,351,377,377,473,473,487,6,26,26,79,79,79,79,79,30,30,48,78,88,88,88],"floor_reached":51,"playtime":7188,"items_purged":["Defend_G","Strike_G"],"score":740,"play_id":"911bf7ad-5980-44be-a2a7-041474f1cb76","local_time":"20180723021915","is_ascension_mode":false,"campfire_choices":[{"data":"Backstab","floor":6,"key":"SMITH"},{"data":"Doubt","floor":8,"key":"PURGE"},{"floor":12,"key":"REST"},{"data":"Defend_G","floor":15,"key":"PURGE"},{"floor":25,"key":"REST"},{"floor":30,"key":"REST"},{"floor":32,"key":"REST"},{"data":"Adrenaline","floor":40,"key":"SMITH"},{"data":"After Image","floor":45,"key":"SMITH"},{"data":"Mind Blast","floor":49,"key":"SMITH"}],"neow_cost":"","seed_source_timestamp":936418005748639,"circlet_count":0,"master_deck":["Defend_G+1","Defend_G+1","Strike_G","Strike_G","Survivor","Neutralize","Backstab+1","Slice","Underhanded Strike","Blade Dance","Underhanded Strike","After Image+1","Dramatic Entrance","Sucker Punch","Tools of the Trade","Endless Agony","Acrobatics","Tactician+1","J.A.X.","Well Laid Plans","Adrenaline+1","Infinite Blades","Dagger Throw+1","Necronomicurse","Finisher","Blade Dance","Venomology","Prepared","Deep Breath","Distraction","Deadly Poison+1","Acrobatics","Mind Blast+1","Master of Strategy","Jack Of All Trades","Flying Knee+1","Prepared","Prepared+1","Acrobatics","Underhanded Strike+1"],"relics":["Ring of the Snake","Peace Pipe","Tingsha","Eternal Feather","Red Mask","Bronze Scales","Question Card","Necronomicon","Bottled Lightning","Empty Cage","Letter Opener","Sundial","Bird Faced Urn","Paper Crane","Bag of Marbles"],"potions_floor_usage":[16,20,23,29,29,33,39,46,47,50],"damage_taken":[{"damage":4,"enemies":"Small Slimes","floor":1,"turns":5},{"damage":0,"enemies":"Cultist","floor":3,"turns":3},{"damage":23,"enemies":"Gremlin Nob","floor":7,"turns":5},{"damage":0,"enemies":"Jaw Worm","floor":10,"turns":2},{"damage":0,"enemies":"Exordium Wildlife","floor":11,"turns":3},{"damage":0,"enemies":"Blue Slaver","floor":14,"turns":2},{"damage":49,"enemies":"The Guardian","floor":16,"turns":13},{"damage":12,"enemies":"2 Thieves","floor":18,"turns":4},{"damage":10,"enemies":"Shell Parasite","floor":19,"turns":4},{"damage":0,"floor":20,"turns":2},{"damage":18,"enemies":"Snake Plant","floor":22,"turns":4},{"damage":7,"enemies":"Gremlin Leader","floor":23,"turns":5},{"damage":17,"enemies":"Centurion and Healer","floor":24,"turns":5},{"damage":22,"enemies":"Snecko","floor":27,"turns":6},{"damage":3,"enemies":"Snake Plant","floor":29,"turns":3},{"damage":19,"enemies":"Book of Stabbing","floor":31,"turns":4},{"damage":56,"enemies":"Collector","floor":33,"turns":5},{"damage":1,"enemies":"Orb Walker","floor":35,"turns":2},{"damage":6,"enemies":"Flame Bruiser 1 Orb","floor":37,"turns":3},{"damage":18,"floor":39,"turns":3},{"damage":0,"floor":42,"turns":4},{"damage":10,"enemies":"Maw","floor":46,"turns":5},{"damage":3,"enemies":"Giant Head","floor":47,"turns":5},{"damage":5,"enemies":"4 Shapes","floor":48,"turns":2},{"damage":20,"enemies":"Awakened One","floor":50,"turns":8}],"seed_played":"-9003017399306559362","potions_obtained":[{"floor":1,"key":"FearPotion"},{"floor":10,"key":"LiquidBronze"},{"floor":11,"key":"Fire Potion"},{"floor":14,"key":"SteroidPotion"},{"floor":19,"key":"GhostInAJar"},{"floor":20,"key":"SteroidPotion"},{"floor":29,"key":"Strength Potion"},{"floor":31,"key":"Energy Potion"},{"floor":33,"key":"FairyPotion"},{"floor":37,"key":"GamblersBrew"},{"floor":42,"key":"SteroidPotion"}],"is_trial":false,"path_per_floor":["M","?","M","?","?","R","E","R","T","M","M","R","$","M","R","B",null,"M","M","?","?","M","E","M","R","T","M","?","M","R","E","R","B",null,"M","$","M","?","?","R","?","?","T","$","R","M","E","M","R","B"],"character_chosen":"THE_SILENT","items_purchased":["Dramatic Entrance","Letter Opener","Deep Breath","Distraction","Prepared"],"campfire_rested":4,"item_purchase_floors":[13,36,36,36,44],"current_hp_per_floor":[66,66,66,52,52,52,29,29,29,29,29,50,50,50,50,1,70,58,48,48,48,30,23,6,42,42,20,4,1,37,18,57,1,70,69,69,63,63,45,63,53,53,53,53,70,62,67,64,70,54],"gold":88,"neow_bonus":"","is_prod":false,"is_daily":false,"chose_seed":false,"campfire_upgraded":4,"win_rate":0.0,"timestamp":1532276355,"path_taken":["M","?","M","?","?","R","E","R","T","?","?","R","?","M","R","BOSS","M","M","?","?","M","E","?","R","T","?","?","M","R","E","R","BOSS","M","$","M","?","?","R","?","?","T","$","R","M","E","M","R","BOSS"],"build_version":"2018-07-19v2","purchased_purges":2,"victory":true,"max_hp_per_floor":[70,70,70,70,70,70,70,70,70,70,70,70,70,70,70,70,70,70,70,70,70,70,70,70,70,70,70,70,70,70,70,70,70,70,70,70,70,70,70,70,70,70,70,70,70,70,70,70,70,70],"card_choices":[{"not_picked":["Outmaneuver","Slice"],"picked":"Backstab","floor":1},{"not_picked":["Backflip","Night Terror"],"picked":"Underhanded Strike","floor":3},{"not_picked":["Poisoned Stab","Outmaneuver"],"picked":"Blade Dance","floor":7},{"not_picked":["Tactician","Deadly Poison"],"picked":"Underhanded Strike","floor":10},{"not_picked":["Backflip","Deadly Poison"],"picked":"After Image","floor":11},{"not_picked":["Poisoned Stab","Outmaneuver"],"picked":"Sucker Punch","floor":14},{"not_picked":["After Image","Phantasmal Killer"],"picked":"Tools of the Trade","floor":16},{"not_picked":["Sucker Punch","Footwork+1"],"picked":"Endless Agony","floor":18},{"not_picked":["Escape Plan","Masterful Stab"],"picked":"Acrobatics","floor":19},{"not_picked":["Sucker Punch","Outmaneuver"],"picked":"Tactician+1","floor":20},{"not_picked":["Night Terror","Poisoned Stab"],"picked":"Well Laid Plans","floor":22},{"not_picked":["PiercingWail+1","Quick Slash"],"picked":"Adrenaline","floor":23},{"not_picked":["Backflip+1","Flying Knee+1"],"picked":"Infinite Blades","floor":24},{"not_picked":["Deadly Poison","Well Laid Plans","Slice"],"picked":"Dagger Throw+1","floor":27},{"not_picked":["Expertise","Dagger Spray","Heel Hook+1"],"picked":"Finisher","floor":29},{"not_picked":["Skewer","Slice","Phantasmal Killer"],"picked":"Blade Dance","floor":31},{"not_picked":["Bullet Time","Malaise","Unload"],"picked":"Venomology","floor":33},{"not_picked":["Dagger Spray","Flying Knee+1","Reflex"],"picked":"Prepared","floor":35},{"not_picked":["Quick Slash","Bouncing Flask","Infinite Blades"],"picked":"Deadly Poison+1","floor":37},{"not_picked":["Flying Knee+1","Backflip","Terror"],"picked":"Acrobatics","floor":39},{"not_picked":["Deep Breath","Madness","Transmutation"],"picked":"Mind Blast","floor":41},{"not_picked":["Blind","Trip","Jack Of All Trades"],"picked":"Master of Strategy","floor":41},{"not_picked":["Trip","Bandage Up","Apotheosis"],"picked":"Jack Of All Trades","floor":41},{"not_picked":["Outmaneuver+1","Deadly Poison","Sucker Punch"],"picked":"Flying Knee+1","floor":42},{"not_picked":["Sucker Punch","Predator+1","PiercingWail+1"],"picked":"Prepared+1","floor":46},{"not_picked":["Calculated Gamble+1","Flechettes+1","Tools of the Trade"],"picked":"Acrobatics","floor":47},{"not_picked":["Dagger Spray+1","Quick Slash","Backflip"],"picked":"Underhanded Strike+1","floor":48}],"player_experience":9446,"relics_obtained":[{"floor":7,"key":"Peace Pipe"},{"floor":9,"key":"Tingsha"},{"floor":20,"key":"Red Mask"},{"floor":23,"key":"Bronze Scales"},{"floor":26,"key":"Question Card"},{"floor":28,"key":"Necronomicon"},{"floor":31,"key":"Bottled Lightning"},{"floor":39,"key":"Sundial"},{"floor":42,"key":"Bird Faced Urn"},{"floor":43,"key":"Paper Crane"},{"floor":47,"key":"Bag of Marbles"}],"event_choices":[{"event_name":"Match and Keep!","player_choice":"1 cards matched","floor":2,"damage_taken":0},{"event_name":"Shining Light","player_choice":"Entered Light","floor":4,"damage_taken":0},{"event_name":"Liars Game","player_choice":"agreed","floor":5,"damage_taken":0},{"event_name":"Masked Bandits","player_choice":"Fought over 298 gold","floor":20,"damage_taken":0},{"event_name":"Drug Dealer","player_choice":"Got JAXXED","floor":21,"damage_taken":0},{"event_name":"Cursed Tome","player_choice":"Obtained Book","floor":28,"damage_taken":0},{"event_name":"Falling","player_choice":"Removed Attack","floor":38,"damage_taken":0},{"event_name":"Mysterious Sphere","player_choice":"Fight","floor":39,"damage_taken":0},{"event_name":"SensoryStone","player_choice":"Memory 3","floor":41,"damage_taken":0},{"event_name":"MindBloom","player_choice":"Fight","floor":42,"damage_taken":0}],"is_beta":false,"boss_relics":[{"not_picked":["Runic Dome","Philosopher\u0027s Stone"],"picked":"Eternal Feather"},{"not_picked":["Black Star","Busted Crown"],"picked":"Empty Cage"}],"items_purged_floors":[13,36],"is_endless":false,"potions_floor_spawned":[1,10,11,14,19,20,29,31,33,37,42],"ascension_level":0}