{"gold_per_floor":[114,114,64,64,79,109,34,34,59,89,101,173,185,212,224,336,348,375,387,399,411,438,480,507,534,546,588,600,942,954,981,993,1105,1117,1144,1156,746,746,746,776,201,231,256,271,271,301,51,81,81,81],"floor_reached":51,"playtime":13649,"items_purged":["Defend_R","Strike_G+1","Defend_B+1"],"score":1035,"play_id":"2255869d-a729-412a-8a61-3a9fcb071e31","local_time":"20190227001219","daily_mods":["Chimera","Time Dilation","Elite Swarm"],"is_ascension_mode":false,"campfire_choices":[{"data":"Buffer","floor":8,"key":"SMITH"},{"data":"Zap","floor":11,"key":"SMITH"},{"data":"Electrodynamics","floor":15,"key":"SMITH"},{"floor":28,"key":"REST"},{"floor":30,"key":"REST"},{"data":"Buffer","floor":32,"key":"SMITH"},{"data":"Fission","floor":49,"key":"SMITH"}],"neow_cost":"","seed_source_timestamp":0,"circlet_count":0,"master_deck":["Bash+1","Survivor+1","Zap+1","Strike_B+1","Ball Lightning+1","Buffer+1","Creative AI+1","Electrodynamics+1","Streamline+1","Buffer+1","Necronomicurse","Buffer+1","Streamline+1","Conserve Battery+1","Biased Cognition+1","Amplify+1","Machine Learning+1","Defragment+1","Biased Cognition+1","Electrodynamics+1","Fission+1"],"special_seed":17954,"relics":["Cracked Core","Orichalcum","Torii","Centennial Puzzle","MawBank","Tiny Chest","Velvet Choker","Necronomicon","Frozen Egg 2","Unceasing Top","Dodecahedron","Old Coin","Nuclear Battery","Mark of the Bloom","Matryoshka","Bottled Tornado","ClockworkSouvenir","Sundial","Vajra","Singing Bowl","DataDisk","Art of War","Bottled Flame","Ancient Tea Set"],"potions_floor_usage":[12,50,50,50],"damage_taken":[{"damage":5,"enemies":"Jaw Worm","floor":1,"turns":4},{"damage":2,"enemies":"Small Slimes","floor":5,"turns":3},{"damage":7,"enemies":"3 Sentries","floor":6,"turns":6},{"damage":0,"enemies":"Lagavulin","floor":10,"turns":4},{"damage":0,"enemies":"Gremlin Nob","floor":12,"turns":3},{"damage":0,"enemies":"Cultist","floor":14,"turns":2},{"damage":11,"enemies":"Hexaghost","floor":16,"turns":8},{"damage":11,"enemies":"2 Thieves","floor":18,"turns":3},{"damage":0,"enemies":"Shell Parasite","floor":22,"turns":3},{"damage":13,"enemies":"Slavers","floor":23,"turns":3},{"damage":0,"enemies":"Centurion and Healer","floor":24,"turns":3},{"damage":14,"enemies":"Snake Plant","floor":25,"turns":3},{"damage":0,"enemies":"Gremlin Leader","floor":27,"turns":5},{"damage":13,"enemies":"Slavers","floor":29,"turns":2},{"damage":0,"enemies":"Snecko","floor":31,"turns":3},{"damage":0,"enemies":"Champ","floor":33,"turns":8},{"damage":1,"enemies":"3 Shapes","floor":35,"turns":2},{"damage":0,"enemies":"Giant Head","floor":40,"turns":7},{"damage":7,"enemies":"Nemesis","floor":42,"turns":5},{"damage":1,"enemies":"Orb Walker","floor":44,"turns":2},{"damage":0,"enemies":"Reptomancer","floor":46,"turns":3},{"damage":0,"enemies":"Nemesis","floor":48,"turns":3},{"damage":12,"enemies":"Awakened One","floor":50,"turns":6}],"seed_played":"8256108652723844663","potions_obtained":[{"floor":1,"key":"Swift Potion"},{"floor":5,"key":"Strength Potion"},{"floor":6,"key":"SteroidPotion"},{"floor":14,"key":"Dexterity Potion"},{"floor":27,"key":"Block Potion"},{"floor":44,"key":"Energy Potion"}],"is_trial":false,"path_per_floor":["M","?","?","?","M","E","$","R","T","E","R","E","?","M","R","B",null,"M","?","?","?","M","E","M","M","T","E","R","E","R","M","R","B",null,"M","?","$","?","?","E","$","E","T","M","?","E","$","E","R","B",null],"character_chosen":"DEFECT","items_purchased":["Defragment+1","Matryoshka","ClockworkSouvenir","Sundial","Bottled Flame"],"campfire_rested":2,"item_purchase_floors":[37,37,41,41,47],"current_hp_per_floor":[70,55,55,52,50,43,43,43,43,43,43,43,43,43,43,32,75,64,64,48,41,41,28,28,14,14,14,36,23,45,45,45,45,75,74,74,74,74,74,74,74,67,67,66,66,66,66,66,66,54],"gold":81,"neow_bonus":"","is_prod":false,"is_daily":true,"chose_seed":false,"campfire_upgraded":5,"win_rate":0,"timestamp":1551255139,"path_taken":["M","?","?","?","?","E","?","R","T","E","R","E","?","M","R","BOSS","M","?","?","?","M","E","M","?","T","E","R","E","R","M","R","BOSS","M","?","$","?","?","E","?","E","T","M","?","E","$","E","R","BOSS"],"build_version":"2019-01-23","purchased_purges":3,"victory":true,"max_hp_per_floor":[75,75,75,75,75,75,75,75,75,75,75,75,75,75,75,75,75,75,75,75,75,75,75,75,75,75,75,75,75,75,75,75,75,75,75,75,75,75,75,75,75,75,75,77,73,73,73,75,75,75],"card_choices":[{"not_picked":["Darkness","Hello World"],"picked":"Ball Lightning","floor":1},{"not_picked":["Sweeping Beam","Hologram","Lockon"],"picked":"SKIP","floor":5},{"not_picked":["Amplify","Electrodynamics"],"picked":"Buffer","floor":6},{"not_picked":["Fission","Multi-Cast"],"picked":"Creative AI","floor":10},{"not_picked":["Fission","Amplify"],"picked":"Electrodynamics","floor":12},{"not_picked":["Compile Driver","Leap"],"picked":"Streamline","floor":14},{"not_picked":["Core Surge","All For One"],"picked":"Buffer","floor":16},{"not_picked":["Rebound","Beam Cell","Sweeping Beam"],"picked":"SKIP","floor":18},{"not_picked":["Leap","Coolheaded","Rebound"],"picked":"SKIP","floor":22},{"not_picked":["Echo Form","Core Surge"],"picked":"Buffer","floor":23},{"not_picked":["Doom and Gloom","Go for the Eyes"],"picked":"Streamline","floor":24},{"not_picked":["Leap+1","Cold Snap+1"],"picked":"Conserve Battery","floor":25},{"not_picked":["Echo Form+1","Electrodynamics+1"],"picked":"Biased Cognition+1","floor":27},{"not_picked":["Creative AI+1","Rainbow"],"picked":"Amplify","floor":29},{"not_picked":["Hologram","Darkness","Lockon"],"picked":"SKIP","floor":31},{"not_picked":["Multi-Cast","Thunder Strike"],"picked":"Machine Learning+1","floor":33},{"not_picked":["Hello World+1","Compile Driver+1","Beam Cell+1"],"picked":"SKIP","floor":35},{"not_picked":["All For One","Rainbow"],"picked":"Biased Cognition+1","floor":40},{"not_picked":["Thunder Strike","All For One"],"picked":"Electrodynamics+1","floor":42},{"not_picked":["Compile Driver","Turbo","Blizzard+1"],"picked":"Singing Bowl","floor":44},{"not_picked":["Core Surge","Hyperbeam"],"picked":"Fission","floor":46},{"not_picked":["Rainbow","Echo Form+1","Core Surge"],"picked":"Singing Bowl","floor":48}],"player_experience":925312,"relics_obtained":[{"floor":6,"key":"Torii"},{"floor":9,"key":"Centennial Puzzle"},{"floor":10,"key":"MawBank"},{"floor":12,"key":"Tiny Chest"},{"floor":20,"key":"Necronomicon"},{"floor":23,"key":"Frozen Egg 2"},{"floor":26,"key":"Unceasing Top"},{"floor":27,"key":"Dodecahedron"},{"floor":29,"key":"Old Coin"},{"floor":40,"key":"Bottled Tornado"},{"floor":42,"key":"Vajra"},{"floor":43,"key":"Singing Bowl"},{"floor":43,"key":"DataDisk"},{"floor":46,"key":"Art of War"},{"floor":48,"key":"Ancient Tea Set"}],"event_choices":[{"damage_healed":0,"gold_gain":0,"player_choice":"Entered Light","damage_taken":15,"max_hp_gain":0,"max_hp_loss":0,"event_name":"Shining Light","floor":2,"gold_loss":0,"cards_upgraded":["Strike_B","Survivor"]},{"cards_removed":["Strike_R"],"damage_healed":0,"gold_gain":0,"player_choice":"Card Removal","damage_taken":0,"max_hp_gain":0,"max_hp_loss":0,"event_name":"The Cleric","floor":3,"gold_loss":50},{"damage_healed":0,"gold_gain":0,"player_choice":"Success","damage_taken":3,"relics_obtained":["Orichalcum"],"max_hp_gain":0,"max_hp_loss":0,"event_name":"Scrap Ooze","floor":4,"gold_loss":0},{"damage_healed":0,"gold_gain":0,"player_choice":"Ignored","damage_taken":0,"max_hp_gain":0,"max_hp_loss":0,"event_name":"Liars Game","floor":13,"gold_loss":0},{"damage_healed":0,"gold_gain":0,"player_choice":"Ignored","damage_taken":0,"max_hp_gain":0,"max_hp_loss":0,"event_name":"Ghosts","floor":19,"gold_loss":0},{"damage_healed":0,"gold_gain":0,"player_choice":"Obtained Book","damage_taken":16,"max_hp_gain":0,"max_hp_loss":0,"event_name":"Cursed Tome","floor":20,"gold_loss":0},{"damage_healed":0,"gold_gain":0,"player_choice":"Damaged","damage_taken":7,"max_hp_gain":0,"max_hp_loss":0,"event_name":"Wheel of Change","floor":21,"gold_loss":0},{"damage_healed":0,"gold_gain":0,"player_choice":"Upgrade","damage_taken":0,"relics_obtained":["Mark of the Bloom"],"max_hp_gain":0,"max_hp_loss":0,"event_name":"MindBloom","floor":36,"gold_loss":0,"cards_upgraded":["Bash","Strike_G","Defend_G","Defend_B","Ball Lightning","Creative AI","Streamline","Streamline","Conserve Battery","Amplify"]},{"damage_healed":0,"gold_gain":0,"player_choice":"Memory 1","damage_taken":0,"max_hp_gain":0,"max_hp_loss":0,"event_name":"SensoryStone","floor":38,"gold_loss":0},{"cards_removed":["Defend_G"],"damage_healed":0,"gold_gain":0,"player_choice":"Removed Skill","damage_taken":0,"max_hp_gain":0,"max_hp_loss":0,"event_name":"Falling","floor":39,"gold_loss":0},{"damage_healed":0,"gold_gain":0,"player_choice":"Max HP","damage_taken":0,"max_hp_gain":0,"max_hp_loss":4,"event_name":"Winding Halls","floor":45,"gold_loss":0}],"is_beta":false,"boss_relics":[{"not_picked":["Empty Cage","Coffee Dripper"],"picked":"Velvet Choker"},{"not_picked":["Runic Pyramid","FrozenCore"],"picked":"Nuclear Battery"}],"items_purged_floors":[7,37,41],"is_endless":false,"potions_floor_spawned":[1,5,6,14,23,24,27,31,44,46,48],"ascension_level":0}