{"gold_per_floor":[114,129,79,79,98,127,127,162,192,192,216,216,235,111,111,216,216,228,79,79,91,105,105,139,139,139,239,258,258,276,276,276,375,375,385,385,105,117,130,130,78,78,78,107,107,135,0,12,12,12],"floor_reached":51,"playtime":2601,"items_purged":["Strike_G","Defend_G","Defend_G+1"],"score":791,"play_id":"a73e5a95-7855-47a8-b3c8-15ff82c34a07","local_time":"20190328191710","is_ascension_mode":true,"campfire_choices":[{"data":"Skewer","floor":7,"key":"SMITH"},{"data":"Dodge and Roll","floor":10,"key":"SMITH"},{"data":"Eviscerate","floor":12,"key":"SMITH"},{"data":"Expertise","floor":15,"key":"SMITH"},{"data":"Terror","floor":23,"key":"SMITH"},{"data":"Adrenaline","floor":25,"key":"SMITH"},{"floor":32,"key":"REST"},{"data":"Underhanded Strike","floor":40,"key":"SMITH"},{"data":"Glass Knife","floor":49,"key":"SMITH"}],"neow_cost":"NONE","seed_source_timestamp":158042005226919,"circlet_count":0,"master_deck":["Defend_G+1","Defend_G+1","Strike_G+1","Strike_G+1","Strike_G+1","Survivor","Neutralize+1","Expertise+1","Underhanded Strike+1","Eviscerate+1","Skewer+1","Dodge and Roll+1","Heel Hook","Adrenaline+1","Calculated Gamble","Terror+1","Backflip","Glass Knife+1","Underhanded Strike+1","Prepared+1"],"relics":["Ring of the Snake","Ancient Tea Set","Bottled Flame","Tiny Chest","Juzu Bracelet","Philosopher\u0027s Stone","Bronze Scales","Incense Burner","MutagenicStrength","Cursed Key","Lantern","Bag of Marbles","Gambling Chip","Red Mask"],"potions_floor_usage":[6,16,21,33,33,38,50,50,50],"damage_taken":[{"damage":0,"enemies":"2 Louse","floor":1,"turns":3},{"damage":0,"enemies":"Jaw Worm","floor":2,"turns":4},{"damage":0,"enemies":"Cultist","floor":5,"turns":4},{"damage":31,"enemies":"Lagavulin","floor":6,"turns":8},{"damage":4,"enemies":"Gremlin Nob","floor":8,"turns":3},{"damage":2,"enemies":"Exordium Wildlife","floor":13,"turns":3},{"damage":31,"enemies":"Hexaghost","floor":16,"turns":10},{"damage":4,"enemies":"Shell Parasite","floor":18,"turns":4},{"damage":0,"enemies":"3 Byrds","floor":21,"turns":4},{"damage":16,"enemies":"Shelled Parasite and Fungi","floor":22,"turns":8},{"damage":20,"enemies":"Book of Stabbing","floor":24,"turns":5},{"damage":1,"enemies":"Chosen and Byrds","floor":28,"turns":3},{"damage":0,"enemies":"Cultist and Chosen","floor":30,"turns":4},{"damage":38,"enemies":"Collector","floor":33,"turns":4},{"damage":0,"enemies":"3 Shapes","floor":35,"turns":3},{"damage":0,"enemies":"Orb Walker","floor":38,"turns":1},{"damage":0,"enemies":"Transient","floor":39,"turns":5},{"damage":0,"enemies":"Reptomancer","floor":44,"turns":1},{"damage":17,"enemies":"Giant Head","floor":46,"turns":6},{"damage":0,"enemies":"4 Shapes","floor":48,"turns":2},{"damage":12,"enemies":"Donu and Deca","floor":50,"turns":3}],"seed_played":"-7313824537846173850","potions_obtained":[{"floor":2,"key":"Explosive Potion"},{"floor":6,"key":"Explosive Potion"},{"floor":18,"key":"AttackPotion"},{"floor":21,"key":"Explosive Potion"},{"floor":33,"key":"Weak Potion"},{"floor":35,"key":"Ancient Potion"},{"floor":38,"key":"PowerPotion"},{"floor":48,"key":"Fire Potion"}],"is_trial":false,"path_per_floor":["M","M","?","?","M","E","R","E","T","R","T","R","M","$","R","B",null,"M","$","?","M","M","R","E","R","T","?","M","?","M","?","R","B",null,"M","?","$","M","M","R","$","T","T","E","?","E","?","M","R","B",null],"character_chosen":"THE_SILENT","items_purchased":["FearPotion","Energy Potion","Lantern","Strength Potion"],"campfire_rested":1,"item_purchase_floors":[14,19,37,41],"current_hp_per_floor":[70,70,70,70,70,39,39,35,35,35,35,35,33,33,33,2,70,66,66,66,66,50,50,30,30,30,30,29,29,29,29,50,12,70,70,67,67,67,67,67,67,67,67,67,67,50,50,50,50,38],"gold":12,"neow_bonus":"UPGRADE_CARD","is_prod":false,"is_daily":false,"chose_seed":false,"campfire_upgraded":8,"win_rate":0,"timestamp":1553815030,"path_taken":["M","M","?","?","?","E","R","E","T","R","?","R","M","$","R","BOSS","M","$","?","M","M","R","E","R","T","?","M","?","M","?","R","BOSS","M","?","$","M","M","R","$","?","T","E","?","E","?","M","R","BOSS"],"build_version":"2019-01-23","purchased_purges":3,"victory":true,"max_hp_per_floor":[70,70,70,70,70,70,70,70,70,70,70,70,70,70,70,70,70,70,70,70,70,70,70,70,70,70,70,70,70,70,70,70,70,70,70,70,70,70,70,70,70,70,70,70,70,70,70,70,70,70],"card_choices":[{"not_picked":["Poisoned Stab","Dodge and Roll"],"picked":"Expertise","floor":1},{"not_picked":["Dagger Spray","Escape Plan"],"picked":"Underhanded Strike","floor":2},{"not_picked":["Acrobatics","Sucker Punch"],"picked":"Eviscerate","floor":5},{"not_picked":["Dagger Throw","Die Die Die"],"picked":"Skewer","floor":6},{"not_picked":["Setup","Deadly Poison"],"picked":"Dodge and Roll","floor":8},{"not_picked":["Masterful Stab","PiercingWail"],"picked":"Heel Hook","floor":13},{"not_picked":["Bullet Time","Grand Finale"],"picked":"Adrenaline","floor":16},{"not_picked":["PiercingWail","Poisoned Stab"],"picked":"Calculated Gamble","floor":18},{"not_picked":["Bane","Predator","Cloak And Dagger"],"picked":"SKIP","floor":21},{"not_picked":["Backflip","Flying Knee"],"picked":"Terror","floor":22},{"not_picked":["Sucker Punch","All Out Attack"],"picked":"Backflip","floor":24},{"not_picked":["Escape Plan","Blade Dance","Sucker Punch"],"picked":"SKIP","floor":28},{"not_picked":["Blade Dance","Sucker Punch+1","Prepared"],"picked":"SKIP","floor":30},{"not_picked":["Doppelganger","Night Terror"],"picked":"Glass Knife","floor":33},{"not_picked":["Leg Sweep","Backflip"],"picked":"Underhanded Strike","floor":35},{"not_picked":["Dagger Spray+1","Quick Slash+1","Leg Sweep+1"],"picked":"SKIP","floor":38},{"not_picked":["Poisoned Stab+1","Setup"],"picked":"Prepared+1","floor":39},{"not_picked":["Quick Slash+1","Poisoned Stab","Sucker Punch+1"],"picked":"SKIP","floor":44},{"not_picked":["Acrobatics+1","Dagger Spray+1","Backflip+1"],"picked":"SKIP","floor":46},{"not_picked":["Quick Slash","Flying Knee+1","Setup+1"],"picked":"SKIP","floor":48}],"player_experience":897389,"relics_obtained":[{"floor":6,"key":"Ancient Tea Set"},{"floor":8,"key":"Bottled Flame"},{"floor":9,"key":"Tiny Chest"},{"floor":11,"key":"Juzu Bracelet"},{"floor":24,"key":"Bronze Scales"},{"floor":26,"key":"Incense Burner"},{"floor":44,"key":"Bag of Marbles"},{"floor":46,"key":"Gambling Chip"}],"event_choices":[{"cards_removed":["Strike_G"],"damage_healed":0,"gold_gain":0,"player_choice":"Card Removal","damage_taken":0,"max_hp_gain":0,"max_hp_loss":0,"event_name":"The Cleric","floor":3,"gold_loss":50},{"damage_healed":0,"gold_gain":0,"player_choice":"Upgraded","damage_taken":0,"max_hp_gain":0,"max_hp_loss":0,"event_name":"Upgrade Shrine","floor":4,"gold_loss":0,"cards_upgraded":["Underhanded Strike"]},{"damage_healed":0,"gold_gain":100,"player_choice":"Pray","damage_taken":0,"max_hp_gain":0,"max_hp_loss":0,"event_name":"Golden Shrine","floor":27,"gold_loss":0},{"damage_healed":0,"gold_gain":0,"player_choice":"Simplicity","damage_taken":0,"max_hp_gain":0,"max_hp_loss":0,"event_name":"Back to Basics","floor":29,"gold_loss":0,"cards_upgraded":["Defend_G","Defend_G","Defend_G","Defend_G","Strike_G","Strike_G","Strike_G"]},{"damage_healed":0,"gold_gain":0,"player_choice":"Inject Mutagens","damage_taken":0,"relics_obtained":["MutagenicStrength"],"max_hp_gain":0,"max_hp_loss":0,"event_name":"Drug Dealer","floor":31,"gold_loss":0},{"damage_healed":0,"gold_gain":0,"player_choice":"Punched","damage_taken":3,"max_hp_gain":0,"max_hp_loss":0,"event_name":"Designer","floor":36,"gold_loss":0},{"cards_removed":["Defend_G"],"damage_healed":0,"gold_gain":0,"player_choice":"Offered Basic","damage_taken":0,"max_hp_gain":0,"max_hp_loss":0,"event_name":"Bonfire Elementals","floor":45,"gold_loss":0},{"damage_healed":0,"gold_gain":0,"player_choice":"Paid","damage_taken":0,"relics_obtained":["Red Mask"],"max_hp_gain":0,"max_hp_loss":0,"event_name":"Tomb of Lord Red Mask","floor":47,"gold_loss":135}],"is_beta":false,"boss_relics":[{"not_picked":["Pandora\u0027s Box","Velvet Choker"],"picked":"Philosopher\u0027s Stone"},{"not_picked":["Lizard Tail","Ring of the Serpent"],"picked":"Cursed Key"}],"items_purged_floors":[14,19,37],"is_endless":false,"potions_floor_spawned":[2,6,18,21,22,30,33,35,38,44,48],"ascension_level":1}