{"gold_per_floor":[114,289,289,306,317,317,327,327,373,373,407,419,419,419,419,516,516,536,536,536,35,45,45,63,63,63,89,39,39,54,54,54,149,199,216,96,0,0,11,86,86,102,102,102,202,202,152,168,168,168],"floor_reached":51,"playtime":2833,"items_purged":["Doubt","Strike_R","Strike_R","Strike_R"],"score":722,"play_id":"d5322e4f-590e-4491-ba75-582b54e64768","local_time":"20181229151530","is_ascension_mode":true,"campfire_choices":[{"data":"Bash","floor":6,"key":"SMITH"},{"data":"Clothesline","floor":8,"key":"SMITH"},{"data":"Strike_R","floor":10,"key":"SMITH"},{"floor":15,"key":"REST"},{"data":"Defend_R","floor":23,"key":"SMITH"},{"data":"Defend_R","floor":25,"key":"SMITH"},{"data":"Clash","floor":29,"key":"SMITH"},{"data":"Clash","floor":32,"key":"SMITH"},{"data":"Intimidate","floor":41,"key":"SMITH"},{"data":"Inflame","floor":46,"key":"SMITH"},{"data":"Disarm","floor":49,"key":"SMITH"}],"neow_cost":"NONE","seed_source_timestamp":742569508677834,"circlet_count":0,"master_deck":["Strike_R+1","Strike_R+1","Defend_R+1","Defend_R+1","Defend_R+1","Defend_R+1","Bash+1","Clothesline+1","Clash+1","Clash","Berserk+1","Clash+1","Warcry+1","Shrug It Off","Battle Trance+1","Intimidate+1","Parasite","Seeing Red","Inflame+1","Disarm+1"],"relics":["Burning Blood","Oddly Smooth Stone","Smiling Mask","Anchor","Centennial Puzzle","Coffee Dripper","Medical Kit","Bottled Flame","Mercury Hourglass","Lantern","Tiny House","Red Mask","Letter Opener","Pocketwatch"],"potions_floor_usage":[16,16,33,35,50,50,50,50,50,50],"damage_taken":[{"damage":5,"enemies":"2 Louse","floor":1,"turns":3},{"damage":0,"enemies":"Small Slimes","floor":4,"turns":3},{"damage":0,"enemies":"Cultist","floor":5,"turns":3},{"damage":8,"enemies":"Lots of Slimes","floor":7,"turns":5},{"damage":43,"enemies":"Gremlin Nob","floor":11,"turns":6},{"damage":0,"enemies":"2 Fungi Beasts","floor":12,"turns":3},{"damage":39,"enemies":"Slime Boss","floor":16,"turns":16},{"damage":13,"enemies":"Chosen","floor":18,"turns":4},{"damage":7,"enemies":"Spheric Guardian","floor":22,"turns":3},{"damage":5,"enemies":"Shelled Parasite and Fungi","floor":24,"turns":4},{"damage":14,"enemies":"Book of Stabbing","floor":27,"turns":4},{"damage":8,"enemies":"Centurion and Healer","floor":30,"turns":4},{"damage":47,"enemies":"Collector","floor":33,"turns":8},{"damage":8,"enemies":"3 Darklings","floor":35,"turns":4},{"damage":0,"enemies":"Orb Walker","floor":39,"turns":2},{"damage":7,"enemies":"Writhing Mass","floor":42,"turns":6},{"damage":12,"enemies":"Mind Bloom Boss Battle","floor":45,"turns":6},{"damage":0,"enemies":"4 Shapes","floor":48,"turns":4},{"damage":42,"enemies":"Time Eater","floor":50,"turns":14}],"seed_played":"4294901518086842959","potions_obtained":[{"floor":1,"key":"SkillPotion"},{"floor":7,"key":"SkillPotion"},{"floor":22,"key":"Ancient Potion"},{"floor":30,"key":"Ancient Potion"},{"floor":33,"key":"Swift Potion"},{"floor":34,"key":"GamblersBrew"},{"floor":39,"key":"SkillPotion"},{"floor":45,"key":"EntropicBrew"},{"floor":48,"key":"PowerPotion"}],"is_trial":false,"path_per_floor":["M","?","?","M","M","R","M","R","T","R","E","M","?","?","R","B",null,"M","?","?","$","M","R","M","R","T","E","$","R","M","$","R","B",null,"M","$","?","?","M","?","R","M","T","?","?","R","$","M","R","B",null],"character_chosen":"IRONCLAD","items_purchased":["Medical Kit","Bottled Flame","Battle Trance"],"campfire_rested":1,"item_purchase_floors":[21,21,36],"current_hp_per_floor":[80,80,68,74,80,80,78,78,78,78,41,47,47,31,55,22,80,73,73,73,73,72,72,73,73,73,65,65,65,63,63,63,22,85,83,83,83,83,85,77,77,76,76,76,70,70,70,76,76,40],"gold":168,"neow_bonus":"THREE_CARDS","is_prod":false,"is_daily":false,"chose_seed":false,"campfire_upgraded":10,"win_rate":0,"timestamp":1546125330,"path_taken":["M","?","?","M","M","R","M","R","T","R","E","M","?","?","R","BOSS","M","?","?","$","M","R","?","R","T","E","$","R","M","?","R","BOSS","M","$","?","?","?","?","R","?","T","?","?","R","?","M","R","BOSS"],"build_version":"2018-12-20","purchased_purges":4,"victory":true,"max_hp_per_floor":[80,80,80,80,80,80,80,80,80,80,80,80,80,80,80,80,80,80,80,80,80,80,80,80,80,80,80,80,80,80,80,80,80,85,85,85,85,85,85,85,85,85,85,85,85,85,85,85,85,85],"card_choices":[{"not_picked":["Flex","Searing Blow"],"picked":"Clothesline","floor":0},{"not_picked":["Pummel","Perfected Strike","Flex"],"picked":"SKIP","floor":1},{"not_picked":["Clothesline","Pommel Strike"],"picked":"Clash","floor":4},{"not_picked":["Wild Strike","Flex","Perfected Strike"],"picked":"SKIP","floor":5},{"not_picked":["True Grit","Heavy Blade","Flame Barrier"],"picked":"SKIP","floor":7},{"not_picked":["Warcry","Thunderclap"],"picked":"Clash","floor":11},{"not_picked":["Dual Wield","Reckless Charge","Double Tap"],"picked":"SKIP","floor":12},{"not_picked":["Limit Break","Demon Form"],"picked":"Berserk","floor":16},{"not_picked":["Rupture","Combust"],"picked":"Clash","floor":18},{"not_picked":["Sever Soul","Searing Blow","Heavy Blade"],"picked":"SKIP","floor":22},{"not_picked":["Combust","Shrug It Off","Armaments"],"picked":"SKIP","floor":24},{"not_picked":["Perfected Strike","Dual Wield","Clothesline"],"picked":"SKIP","floor":27},{"not_picked":["Intimidate+1","Burning Pact"],"picked":"Warcry+1","floor":30},{"not_picked":["Second Wind","Feel No Pain"],"picked":"Shrug It Off","floor":34},{"not_picked":["Twin Strike","Reckless Charge+1","Perfected Strike"],"picked":"SKIP","floor":35},{"not_picked":["Bloodletting+1","Burning Pact+1"],"picked":"Intimidate","floor":39},{"not_picked":["Pummel+1","Rupture"],"picked":"Seeing Red","floor":42},{"not_picked":["Flex+1","Searing Blow"],"picked":"Inflame","floor":45},{"not_picked":["Thunderclap+1","Armaments"],"picked":"Disarm","floor":48}],"player_experience":458841,"relics_obtained":[{"floor":9,"key":"Smiling Mask"},{"floor":11,"key":"Anchor"},{"floor":26,"key":"Mercury Hourglass"},{"floor":27,"key":"Lantern"},{"floor":43,"key":"Letter Opener"},{"floor":45,"key":"Pocketwatch"}],"event_choices":[{"damage_healed":0,"gold_gain":175,"player_choice":"AGREE","damage_taken":0,"max_hp_gain":0,"max_hp_loss":0,"event_name":"Liars Game","floor":2,"gold_loss":0,"cards_obtained":["Doubt"]},{"damage_healed":0,"gold_gain":0,"player_choice":"Success","damage_taken":12,"relics_obtained":["Oddly Smooth Stone"],"max_hp_gain":0,"max_hp_loss":0,"event_name":"Scrap Ooze","floor":3,"gold_loss":0},{"damage_healed":0,"gold_gain":0,"player_choice":"Searched \u00272\u0027 times","damage_taken":0,"relics_obtained":["Centennial Puzzle"],"max_hp_gain":0,"max_hp_loss":0,"event_name":"Dead Adventurer","floor":13,"gold_loss":0},{"damage_healed":0,"gold_gain":0,"player_choice":"Entered Light","damage_taken":16,"max_hp_gain":0,"max_hp_loss":0,"event_name":"Shining Light","floor":14,"gold_loss":0,"cards_upgraded":["Defend_R","Defend_R"]},{"damage_healed":0,"gold_gain":0,"player_choice":"Ignored","damage_taken":0,"max_hp_gain":0,"max_hp_loss":0,"event_name":"Ghosts","floor":19,"gold_loss":0},{"damage_healed":0,"gold_gain":0,"player_choice":"Forge","damage_taken":0,"max_hp_gain":0,"max_hp_loss":0,"event_name":"Accursed Blacksmith","floor":20,"gold_loss":0,"cards_upgraded":["Berserk"]},{"damage_healed":0,"gold_gain":0,"player_choice":"Paid","damage_taken":0,"relics_obtained":["Red Mask"],"max_hp_gain":0,"max_hp_loss":0,"event_name":"Tomb of Lord Red Mask","floor":37,"gold_loss":96},{"damage_healed":0,"gold_gain":0,"player_choice":"Upgraded","damage_taken":0,"max_hp_gain":0,"max_hp_loss":0,"event_name":"Upgrade Shrine","floor":38,"gold_loss":0,"cards_upgraded":["Battle Trance"]},{"damage_healed":0,"gold_gain":75,"player_choice":"Touch","damage_taken":8,"max_hp_gain":0,"max_hp_loss":0,"event_name":"FaceTrader","floor":40,"gold_loss":0},{"damage_healed":0,"gold_gain":0,"player_choice":"Memory 1","damage_taken":0,"max_hp_gain":0,"max_hp_loss":0,"event_name":"SensoryStone","floor":44,"gold_loss":0},{"damage_healed":0,"gold_gain":0,"player_choice":"Fight","damage_taken":0,"max_hp_gain":0,"max_hp_loss":0,"event_name":"MindBloom","floor":45,"gold_loss":0}],"is_beta":false,"boss_relics":[{"not_picked":["Runic Dome","Snecko Eye"],"picked":"Coffee Dripper"},{"not_picked":["Black Star","Runic Pyramid"],"picked":"Tiny House"}],"items_purged_floors":[21,28,36,47],"is_endless":false,"potions_floor_spawned":[1,7,22,30,33,39,45,48],"ascension_level":2}