{"gold_per_floor":[119,133,133,133,133,133,176,176,203,153,153,184,184,133,133,257,257,280,296,317,317,332,332,348,273,273,297,333,333,333,367,367,486,486,501,520,520,363,187,187,137,161,187,222,237,237,12,30,30,30],"floor_reached":51,"playtime":3145,"items_purged":["Strike_R+1","Strike_R+1","Strike_R+1"],"score":877,"play_id":"2b89a63b-0267-40da-a756-23bcb50a3bf9","local_time":"20190218004302","is_ascension_mode":true,"campfire_choices":[{"data":"Headbutt","floor":6,"key":"SMITH"},{"data":"Barricade","floor":8,"key":"SMITH"},{"data":"Rage","floor":13,"key":"SMITH"},{"data":"Body Slam","floor":15,"key":"SMITH"},{"floor":23,"key":"REST"},{"data":"Body Slam","floor":30,"key":"SMITH"},{"floor":32,"key":"REST"},{"data":"Metallicize","floor":40,"key":"SMITH"},{"data":"Shrug It Off","floor":46,"key":"SMITH"},{"floor":49,"key":"REST"}],"neow_cost":"NONE","seed_source_timestamp":766171753380047,"circlet_count":0,"master_deck":["Defend_R+1","Defend_R+1","Defend_R+1","Defend_R+1","Bash+1","Headbutt+1","Barricade+1","Ghostly Armor+1","Rage+1","Body Slam+1","Reaper","Body Slam+1","Intimidate+1","Offering","Shrug It Off+1","Juggernaut","Metallicize+1","Shrug It Off+1","Entrench"],"relics":["Burning Blood","NeowsBlessing","Golden Idol","Bronze Scales","Regal Pillow","Pantograph","Odd Mushroom","Sozu","Ornamental Fan","Smiling Mask","Darkstone Periapt","Busted Crown","War Paint","Bag of Preparation","Anchor"],"potions_floor_usage":[12,12],"damage_taken":[{"damage":0,"enemies":"Jaw Worm","floor":1,"turns":1},{"damage":0,"enemies":"2 Louse","floor":2,"turns":1},{"damage":0,"enemies":"3 Sentries","floor":7,"turns":1},{"damage":23,"enemies":"The Mushroom Lair","floor":12,"turns":6},{"damage":22,"enemies":"Slime Boss","floor":16,"turns":11},{"damage":27,"enemies":"Spheric Guardian","floor":18,"turns":7},{"damage":4,"enemies":"Shell Parasite","floor":19,"turns":4},{"damage":32,"enemies":"Snake Plant","floor":20,"turns":4},{"damage":32,"enemies":"Sentry and Sphere","floor":22,"turns":7},{"damage":0,"enemies":"Centurion and Healer","floor":24,"turns":5},{"damage":0,"enemies":"Snecko","floor":27,"turns":4},{"damage":8,"enemies":"Book of Stabbing","floor":28,"turns":5},{"damage":41,"enemies":"Slavers","floor":31,"turns":6},{"damage":0,"enemies":"Automaton","floor":33,"turns":8},{"damage":6,"enemies":"3 Shapes","floor":35,"turns":5},{"damage":6,"enemies":"3 Darklings","floor":36,"turns":5},{"damage":6,"enemies":"Sphere and 2 Shapes","floor":42,"turns":4},{"damage":39,"enemies":"Reptomancer","floor":44,"turns":6},{"damage":6,"enemies":"Spire Growth","floor":45,"turns":4},{"damage":6,"enemies":"Transient","floor":48,"turns":5},{"damage":6,"enemies":"Time Eater","floor":50,"turns":11}],"seed_played":"6272257825398269691","potions_obtained":[{"floor":2,"key":"SpeedPotion"},{"floor":7,"key":"SpeedPotion"}],"is_trial":false,"path_per_floor":["M","M","?","?","?","R","E","R","T","?","?","?","R","$","R","B",null,"M","M","M","?","M","R","M","$","T","M","E","?","R","E","R","B",null,"M","M","?","$","$","R","$","M","T","E","M","R","$","M","R","B",null],"character_chosen":"IRONCLAD","items_purchased":["Body Slam","Juggernaut","Metallicize","Shrug It Off","Entrench","Anchor"],"campfire_rested":3,"item_purchase_floors":[14,38,39,39,47,47],"current_hp_per_floor":[80,80,74,59,59,59,65,65,65,65,65,48,48,48,48,57,74,53,55,33,33,11,48,62,62,62,68,66,66,66,38,74,74,74,74,74,74,74,74,74,74,74,74,51,51,51,51,57,74,74],"gold":30,"neow_bonus":"THREE_ENEMY_KILL","is_prod":false,"is_daily":false,"chose_seed":false,"campfire_upgraded":7,"win_rate":0,"timestamp":1550468582,"path_taken":["M","M","?","?","?","R","E","R","T","?","?","?","R","$","R","BOSS","M","M","M","?","M","R","M","$","T","M","E","?","R","E","R","BOSS","M","?","?","?","$","R","?","M","T","E","M","R","$","M","R","BOSS"],"build_version":"2019-01-23","purchased_purges":3,"victory":true,"max_hp_per_floor":[80,80,74,74,74,74,74,74,74,74,74,74,74,74,74,74,74,74,74,74,74,74,74,74,74,74,74,74,74,74,74,74,74,74,74,74,74,74,74,74,74,74,74,74,74,74,74,74,74,74],"card_choices":[{"not_picked":["Perfected Strike","Armaments"],"picked":"Headbutt","floor":1},{"not_picked":["Sever Soul","Anger"],"picked":"Barricade","floor":2},{"not_picked":["Warcry","Carnage"],"picked":"Ghostly Armor","floor":7},{"not_picked":["Pommel Strike","Wild Strike"],"picked":"Rage","floor":12},{"not_picked":["Limit Break","Demon Form"],"picked":"Reaper","floor":16},{"not_picked":["Sword Boomerang","Seeing Red+1"],"picked":"Body Slam","floor":18},{"not_picked":["Evolve","Iron Wave","Pummel"],"picked":"SKIP","floor":19},{"not_picked":["Thunderclap+1","Carnage","Spot Weakness"],"picked":"SKIP","floor":20},{"not_picked":["Power Through+1","Clothesline+1","Wild Strike"],"picked":"SKIP","floor":22},{"not_picked":["Twin Strike+1","Wild Strike","Pommel Strike"],"picked":"SKIP","floor":24},{"not_picked":["Iron Wave","Shockwave+1","Spot Weakness+1"],"picked":"SKIP","floor":27},{"not_picked":["Twin Strike","Wild Strike","Flex"],"picked":"SKIP","floor":28},{"not_picked":["Seeing Red","Thunderclap","Havoc+1"],"picked":"SKIP","floor":31},{"not_picked":["Barricade","Dark Embrace"],"picked":"Offering","floor":33},{"not_picked":["Thunderclap"],"picked":"SKIP","floor":35},{"not_picked":[],"picked":"Shrug It Off+1","floor":36},{"not_picked":["Clash"],"picked":"SKIP","floor":42},{"not_picked":["Havoc"],"picked":"SKIP","floor":44},{"not_picked":["Thunderclap+1"],"picked":"SKIP","floor":45},{"not_picked":["Spot Weakness"],"picked":"SKIP","floor":48}],"player_experience":803171,"relics_obtained":[{"floor":7,"key":"Bronze Scales"},{"floor":9,"key":"Regal Pillow"},{"floor":12,"key":"Odd Mushroom"},{"floor":26,"key":"Ornamental Fan"},{"floor":28,"key":"Smiling Mask"},{"floor":31,"key":"Darkstone Periapt"},{"floor":43,"key":"War Paint"},{"floor":44,"key":"Bag of Preparation"}],"event_choices":[{"damage_healed":0,"gold_gain":0,"player_choice":"Lose Max HP","damage_taken":0,"relics_obtained":["Golden Idol"],"max_hp_gain":0,"max_hp_loss":6,"event_name":"Golden Idol","floor":3,"gold_loss":0},{"damage_healed":0,"gold_gain":0,"player_choice":"Entered Light","damage_taken":15,"max_hp_gain":0,"max_hp_loss":0,"event_name":"Shining Light","floor":4,"gold_loss":0,"cards_upgraded":["Defend_R","Bash"]},{"damage_healed":0,"gold_gain":0,"player_choice":"Ignored","damage_taken":0,"max_hp_gain":0,"max_hp_loss":0,"event_name":"Liars Game","floor":5,"gold_loss":0},{"cards_removed":["Strike_R"],"damage_healed":0,"gold_gain":0,"player_choice":"Card Removal","damage_taken":0,"max_hp_gain":0,"max_hp_loss":0,"event_name":"The Cleric","floor":10,"gold_loss":50},{"damage_healed":0,"gold_gain":0,"player_choice":"Searched \u00271\u0027 times","damage_taken":0,"relics_obtained":["Pantograph"],"max_hp_gain":0,"max_hp_loss":0,"event_name":"Dead Adventurer","floor":11,"gold_loss":0},{"damage_healed":0,"gold_gain":0,"player_choice":"Fought Mushrooms","damage_taken":0,"max_hp_gain":0,"max_hp_loss":0,"event_name":"Mushrooms","floor":12,"gold_loss":0},{"damage_healed":0,"gold_gain":0,"player_choice":"Simplicity","damage_taken":0,"max_hp_gain":0,"max_hp_loss":0,"event_name":"Back to Basics","floor":21,"gold_loss":0,"cards_upgraded":["Strike_R","Strike_R","Strike_R","Strike_R","Defend_R","Defend_R","Defend_R"]},{"damage_healed":0,"gold_gain":0,"cards_transformed":["Strike_R"],"player_choice":"Transformed","damage_taken":0,"max_hp_gain":0,"max_hp_loss":0,"event_name":"Transmorgrifier","floor":29,"gold_loss":0,"cards_obtained":["Intimidate"]},{"damage_healed":0,"gold_gain":0,"player_choice":"Bought 0 Potions","damage_taken":0,"max_hp_gain":0,"max_hp_loss":0,"event_name":"The Woman in Blue","floor":37,"gold_loss":0}],"is_beta":false,"boss_relics":[{"not_picked":["Philosopher\u0027s Stone","Coffee Dripper"],"picked":"Sozu"},{"not_picked":["Mark of Pain","Lizard Tail"],"picked":"Busted Crown"}],"items_purged_floors":[25,39,41],"is_endless":false,"potions_floor_spawned":[2,7,19,27,33,42,45],"ascension_level":1}