{"gold_per_floor":[114,129,144,18,38,38,73,73,98,108,119,73,73,83,83,186,186,197,169,94,94,114,114,129,129,129,129,129,146,146],"floor_reached":30,"playtime":2070,"items_purged":["Bash"],"score":234,"play_id":"4f6da473-89f9-4ab1-b6b7-b25113c18de4","local_time":"20190225160652","is_ascension_mode":false,"campfire_choices":[{"data":"Clash","floor":6,"key":"SMITH"},{"floor":15,"key":"REST"},{"floor":23,"key":"REST"},{"floor":25,"key":"REST"},{"floor":27,"key":"REST"}],"neow_cost":"NONE","seed_source_timestamp":1059958516758083,"circlet_count":0,"master_deck":["Strike_R","Strike_R+1","Strike_R","Strike_R","Strike_R","Defend_R","Defend_R","Defend_R","Defend_R","Twin Strike+1","Armaments","Wild Strike","Clash+1","Ghostly Armor","Ghostly Armor","Twin Strike","Perfected Strike","Rampage+1","Clash","Clash+1"],"relics":["Burning Blood","Omamori","Smiling Mask","Lizard Tail","CultistMask","Boot","Enchiridion"],"potions_floor_usage":[7,16,16,19],"damage_taken":[{"damage":8,"enemies":"2 Louse","floor":1,"turns":3},{"damage":5,"enemies":"Cultist","floor":2,"turns":4},{"damage":6,"enemies":"Jaw Worm","floor":3,"turns":4},{"damage":2,"enemies":"Blue Slaver","floor":5,"turns":2},{"damage":20,"enemies":"Lagavulin","floor":7,"turns":6},{"damage":0,"enemies":"3 Louse","floor":10,"turns":3},{"damage":3,"enemies":"2 Fungi Beasts","floor":11,"turns":4},{"damage":3,"enemies":"Lots of Slimes","floor":14,"turns":7},{"damage":2,"enemies":"Slime Boss","floor":16,"turns":7},{"damage":7,"enemies":"Shell Parasite","floor":18,"turns":6},{"damage":16,"enemies":"2 Thieves","floor":19,"turns":5},{"damage":53,"enemies":"Sentry and Sphere","floor":22,"turns":9},{"damage":32,"enemies":"Snake Plant","floor":24,"turns":4},{"damage":49,"enemies":"Centurion and Healer","floor":29,"turns":10},{"damage":3,"enemies":"3 Cultists","floor":30,"turns":3}],"seed_played":"3977903820800562521","potions_obtained":[{"floor":7,"key":"PowerPotion"},{"floor":10,"key":"PowerPotion"},{"floor":16,"key":"Regen Potion"},{"floor":29,"key":"PowerPotion"}],"is_trial":false,"path_per_floor":["M","M","M","$","M","R","E","?","T","M","M","$","?","M","R","B",null,"M","M","?","?","M","R","M","R","T","R","?","M","M"],"character_chosen":"IRONCLAD","items_purchased":["Fire Potion","Twin Strike"],"campfire_rested":4,"item_purchase_floors":[4,12],"current_hp_per_floor":[78,79,79,79,80,80,66,66,66,72,75,75,59,62,80,80,80,79,80,80,80,33,57,31,55,55,79,63,20,17],"gold":146,"neow_bonus":"THREE_CARDS","is_prod":false,"is_daily":false,"chose_seed":false,"campfire_upgraded":1,"win_rate":0,"timestamp":1551128812,"path_taken":["M","M","M","$","M","R","E","?","T","M","?","$","?","M","R","BOSS","M","M","?","?","M","R","?","R","T","R","?","M","M"],"build_version":"2019-01-23","purchased_purges":1,"victory":false,"max_hp_per_floor":[80,80,80,80,80,80,80,80,80,80,80,80,80,80,80,80,80,80,80,80,80,80,80,80,80,80,80,80,80,80],"card_choices":[{"not_picked":["Rupture","Wild Strike"],"picked":"Twin Strike","floor":0},{"not_picked":["Body Slam","Shrug It Off"],"picked":"Armaments","floor":1},{"not_picked":["Body Slam","Shrug It Off"],"picked":"Wild Strike","floor":2},{"not_picked":["Sword Boomerang","Iron Wave"],"picked":"Clash","floor":3},{"not_picked":["Clothesline","Dual Wield","Combust"],"picked":"SKIP","floor":5},{"not_picked":["Havoc","Iron Wave"],"picked":"Barricade","floor":7},{"not_picked":["Thunderclap","Body Slam","Feel No Pain"],"picked":"SKIP","floor":10},{"not_picked":["Body Slam","Shrug It Off"],"picked":"Ghostly Armor","floor":11},{"not_picked":["Flex","Heavy Blade"],"picked":"Perfected Strike","floor":14},{"not_picked":["Barricade","Berserk"],"picked":"Reaper","floor":16},{"not_picked":["Havoc","Hemokinesis+1"],"picked":"Rampage+1","floor":18},{"not_picked":["Flame Barrier","Battle Trance","Shrug It Off"],"picked":"SKIP","floor":19},{"not_picked":["Havoc","Evolve"],"picked":"Clash","floor":22},{"not_picked":["Clothesline","Sword Boomerang"],"picked":"Clash+1","floor":24},{"not_picked":["Iron Wave","Warcry+1","Flex"],"picked":"SKIP","floor":29}],"player_experience":234608,"relics_obtained":[{"floor":7,"key":"Omamori"},{"floor":9,"key":"Smiling Mask"},{"floor":26,"key":"Boot"},{"floor":28,"key":"Enchiridion"}],"event_choices":[{"damage_healed":0,"gold_gain":0,"cards_transformed":["Barricade"],"player_choice":"Transformed","damage_taken":0,"max_hp_gain":0,"max_hp_loss":0,"event_name":"Transmorgrifier","floor":8,"gold_loss":0,"cards_obtained":["Ghostly Armor"]},{"damage_healed":0,"gold_gain":0,"player_choice":"Entered Light","damage_taken":16,"max_hp_gain":0,"max_hp_loss":0,"event_name":"Shining Light","floor":13,"gold_loss":0,"cards_upgraded":["Strike_R","Twin Strike"]},{"cards_removed":["Reaper"],"damage_healed":0,"gold_gain":0,"player_choice":"Gave Gold","damage_taken":0,"max_hp_gain":0,"max_hp_loss":0,"event_name":"Beggar","floor":20,"gold_loss":75},{"damage_healed":0,"gold_gain":0,"player_choice":"Trade","damage_taken":0,"relics_obtained":["CultistMask"],"max_hp_gain":0,"max_hp_loss":0,"event_name":"FaceTrader","floor":21,"gold_loss":0},{"damage_healed":0,"gold_gain":0,"player_choice":"Obtained Book","damage_taken":16,"max_hp_gain":0,"max_hp_loss":0,"event_name":"Cursed Tome","floor":28,"gold_loss":0}],"is_beta":false,"boss_relics":[{"not_picked":["Black Star","Fusion Hammer"],"picked":"Lizard Tail"}],"items_purged_floors":[4],"is_endless":false,"potions_floor_spawned":[7,10,16,29],"killed_by":"3 Cultists","ascension_level":0}