{"path_per_floor":["M","$","?","$","?","R","E","R","T","R","M","M","M","M","R","B",null,"M","M","M","M","?","R","M","R","T"],"character_chosen":"IRONCLAD","items_purchased":["Cleave"],"gold_per_floor":[109,34,94,48,48,48,75,75,126,126,145,162,180,195,195,294,294,308,321,337,350,275,275,290,290,290],"floor_reached":27,"campfire_rested":1,"playtime":1907,"current_hp_per_floor":[80,80,80,80,80,80,52,52,59,59,65,71,68,74,74,56,87,87,69,48,37,37,63,45,45,45],"items_purged":["Strike_R"],"gold":290,"score":215,"play_id":"e6ff8c9b-0842-4158-b46d-25e0146ce060","is_prod":false,"is_daily":false,"is_ascension_mode":false,"campfire_upgraded":5,"path_taken":["M","$","?","$","?","R","E","R","T","R","M","?","M","M","R","BOSS","M","?","M","M","?","R","M","R","T","E"],"build_version":"2018-02-08-PROD1","purchased_purges":1,"victory":false,"master_deck":["Strike_R","Strike_R","Defend_R","Defend_R","Defend_R","Defend_R+1","Bash+1","Cleave+1","Heavy Blade+1","Body Slam+1","True Grit","True Grit+1","Whirlwind+1","True Grit"],"max_hp_per_floor":[80,80,80,80,80,80,80,80,87,87,87,87,87,87,87,87,87,87,87,87,87,87,87,87,87,87],"relics":["Burning Blood","Orichalcum","Strawberry","Mark of Pain","Ginger"],"card_choices":[{"not_picked":["Spot Weakness","Shrug It Off"],"picked":"Heavy Blade"},{"not_picked":["Armaments","Corruption"],"picked":"Body Slam"},{"not_picked":["Warcry","Brutality"],"picked":"True Grit"},{"not_picked":["Rage","Armaments"],"picked":"True Grit"},{"not_picked":["Blood for Blood","Iron Wave"],"picked":"Whirlwind"},{"not_picked":["Spot Weakness","Warcry"],"picked":"True Grit"}],"player_experience":85259,"potions_floor_usage":[16,16,27],"damage_taken":[{"damage":0,"enemies":"2 Louse","floor":1,"turns":3},{"damage":34,"enemies":"3 Sentries","floor":7,"turns":8},{"damage":0,"enemies":"Small Slimes","floor":11,"turns":2},{"damage":0,"enemies":"Cultist","floor":12,"turns":3},{"damage":9,"enemies":"Lots of Slimes","floor":13,"turns":4},{"damage":0,"enemies":"Large Slime","floor":14,"turns":5},{"damage":24,"enemies":"The Guardian","floor":16,"turns":7},{"damage":0,"enemies":"Chosen","floor":18,"turns":4},{"damage":24,"enemies":"2 Thieves","floor":19,"turns":5},{"damage":27,"enemies":"Snake Plant","floor":20,"turns":6},{"damage":17,"enemies":"Snecko","floor":21,"turns":5},{"damage":24,"enemies":"Centurion and Healer","floor":24,"turns":7},{"damage":49,"enemies":"Book of Stabbing","floor":27,"turns":7}],"event_choices":[{"event_name":"Golden Wing","player_choice":"Gained Gold","floor":3,"damage_taken":0},{"event_name":"Living Wall","player_choice":"Forget","floor":5,"damage_taken":0},{"event_name":"Beggar","player_choice":"Gave Gold","floor":22,"damage_taken":0}],"boss_relics":[{"not_picked":["Velvet Choker","Black Star"],"picked":"Mark of Pain"}],"potions_floor_spawned":[7,11,14,18],"seed_played":"-6097699230189694677","killed_by":"Book of Stabbing","ascension_level":0,"is_trial":false}