{"gold_per_floor":[117,41,51,67,17,17,44,57,57,73,73,85,113,125,125,201,201,201,201,201,201,201,201,201,201,201,201,201,0,0,0,0,0,0,0,0,0,0,0,0,0,0,0,0],"floor_reached":44,"playtime":5227,"items_purged":[],"score":925,"play_id":"e92e9472-34b5-4b34-bc0c-ca6b7fc0b6b0","local_time":"20180801234946","is_ascension_mode":true,"campfire_choices":[{"data":"Neutralize","floor":6,"key":"SMITH"},{"floor":11,"key":"REST"},{"data":"Noxious Fumes","floor":15,"key":"SMITH"},{"data":"After Image","floor":23,"key":"SMITH"},{"data":"Cloak And Dagger","floor":25,"key":"SMITH"},{"data":"Cloak And Dagger","floor":32,"key":"SMITH"},{"data":"Malaise","floor":40,"key":"SMITH"}],"neow_cost":"NONE","seed_source_timestamp":708357471628629,"circlet_count":0,"master_deck":["Defend_G","Defend_G","Defend_G","Defend_G","Defend_G","Survivor","Neutralize+1","AscendersBane","Finisher","Footwork","Slice","Dagger Spray","Noxious Fumes+1","After Image+1","Dodge and Roll","Cloak And Dagger+1","Die Die Die","Cloak And Dagger+1","Bite","Bite","Bite","Bite","Bite","Accuracy","After Image","Escape Plan","Ghostly","Ghostly","Ghostly","Ghostly","Ghostly","Malaise+1","Dodge and Roll","Madness","Madness","Backflip","Noxious Fumes+1"],"relics":["Ring of the Snake","Kunai","The Specimen","Du-Vu Doll","Ectoplasm","Gambling Chip","Art of War","Darkstone Periapt","Coffee Dripper","Red Mask","Incense Burner","Orichalcum"],"potions_floor_usage":[7,16,21,33],"damage_taken":[{"damage":0,"enemies":"2 Louse","floor":1,"turns":3},{"damage":16,"enemies":"Jaw Worm","floor":3,"turns":7},{"damage":0,"enemies":"Cultist","floor":4,"turns":4},{"damage":16,"enemies":"Gremlin Nob","floor":7,"turns":5},{"damage":5,"enemies":"Looter","floor":8,"turns":4},{"damage":8,"enemies":"Red Slaver","floor":10,"turns":6},{"damage":0,"enemies":"Large Slime","floor":12,"turns":6},{"damage":0,"enemies":"3 Sentries","floor":13,"turns":8},{"damage":1,"enemies":"3 Louse","floor":14,"turns":3},{"damage":30,"enemies":"Hexaghost","floor":16,"turns":13},{"damage":20,"enemies":"Spheric Guardian","floor":18,"turns":5},{"damage":10,"enemies":"Shell Parasite","floor":19,"turns":6},{"damage":7,"enemies":"Snake Plant","floor":21,"turns":6},{"damage":22,"enemies":"Gremlin Leader","floor":24,"turns":10},{"damage":0,"enemies":"Cultist and Chosen","floor":27,"turns":6},{"damage":32,"enemies":"Slavers","floor":28,"turns":6},{"damage":0,"enemies":"Snecko","floor":31,"turns":8},{"damage":13,"enemies":"Champ","floor":33,"turns":15},{"damage":5,"enemies":"3 Darklings","floor":35,"turns":8},{"damage":0,"enemies":"Orb Walker","floor":37,"turns":6},{"damage":6,"enemies":"Nemesis","floor":41,"turns":13},{"damage":7,"enemies":"Sphere and 2 Shapes","floor":42,"turns":9},{"damage":36,"enemies":"2 Orb Walkers","floor":44,"turns":5}],"seed_played":"2801652457352785375","potions_obtained":[{"floor":13,"key":"Dexterity Potion"},{"floor":19,"key":"SpeedPotion"},{"floor":24,"key":"LiquidBronze"},{"floor":28,"key":"GhostInAJar"}],"is_trial":false,"path_per_floor":["M","$","M","M","?","R","E","M","T","M","R","M","E","M","R","B",null,"M","M","?","M","?","R","E","R","T","M","E","$","?","M","R","B",null,"M","?","M","?","?","R","E","M","T"],"character_chosen":"THE_SILENT","items_purchased":["Footwork","After Image","Escape Plan"],"campfire_rested":1,"item_purchase_floors":[2,29,29],"current_hp_per_floor":[63,63,47,47,47,47,31,26,26,18,39,39,39,38,38,8,55,35,25,18,11,11,11,13,13,13,27,1,1,1,15,15,17,22,24,21,24,24,24,24,24,24,24,0],"gold":0,"neow_bonus":"THREE_SMALL_POTIONS","is_prod":false,"is_daily":false,"chose_seed":false,"campfire_upgraded":6,"win_rate":0,"timestamp":1533131386,"path_taken":["M","$","M","M","?","R","E","M","T","M","R","?","E","M","R","BOSS","M","M","?","M","?","R","E","R","T","M","E","$","?","M","R","BOSS","M","?","M","?","?","R","E","M","T","E"],"build_version":"2018-07-26","purchased_purges":0,"victory":false,"max_hp_per_floor":[70,70,70,70,70,70,70,70,70,70,70,70,70,70,70,70,70,70,70,70,70,49,49,49,49,49,49,49,49,24,24,24,24,24,24,24,24,24,24,24,24,24,24,24],"card_choices":[{"not_picked":["Catalyst","Prepared"],"picked":"Finisher","floor":1},{"not_picked":["Poisoned Stab","Flechettes"],"picked":"Slice","floor":3},{"not_picked":["Underhanded Strike","PiercingWail"],"picked":"Dagger Spray","floor":4},{"not_picked":["Prepared","Sucker Punch"],"picked":"Noxious Fumes","floor":7},{"not_picked":["Dagger Spray","Prepared"],"picked":"After Image","floor":8},{"not_picked":["Deflect","Crippling Poison"],"picked":"Dodge and Roll","floor":10},{"not_picked":["Acrobatics","Flying Knee","Prepared"],"picked":"SKIP","floor":12},{"not_picked":["PiercingWail","Sucker Punch"],"picked":"Cloak And Dagger","floor":13},{"not_picked":["Crippling Poison","Sucker Punch","Catalyst"],"picked":"SKIP","floor":14},{"not_picked":["Doppelganger","Tools of the Trade"],"picked":"Die Die Die","floor":16},{"not_picked":["Poisoned Stab","Quick Slash","Prepared"],"picked":"SKIP","floor":18},{"not_picked":["Crippling Poison","Distraction","Bane"],"picked":"SKIP","floor":19},{"not_picked":["Backflip","Sucker Punch"],"picked":"Cloak And Dagger","floor":21},{"not_picked":["Bane","Predator","Dagger Throw"],"picked":"SKIP","floor":24},{"not_picked":["Dash","Bane","Prepared"],"picked":"SKIP","floor":27},{"not_picked":["Expertise","Riddle With Holes"],"picked":"Accuracy","floor":28},{"not_picked":["Dagger Throw","Deadly Poison","Flying Knee"],"picked":"SKIP","floor":31},{"not_picked":["Tools of the Trade","Phantasmal Killer"],"picked":"Malaise","floor":33},{"not_picked":["Poisoned Stab","Bouncing Flask"],"picked":"Dodge and Roll","floor":35},{"not_picked":["Dagger Throw","Tactician","Poisoned Stab"],"picked":"SKIP","floor":37},{"not_picked":["Acrobatics","Deflect"],"picked":"Backflip","floor":41},{"not_picked":["Slice","Masterful Stab"],"picked":"Noxious Fumes+1","floor":42}],"player_experience":324789,"relics_obtained":[{"floor":7,"key":"Kunai"},{"floor":9,"key":"The Specimen"},{"floor":13,"key":"Du-Vu Doll"},{"floor":24,"key":"Gambling Chip"},{"floor":26,"key":"Art of War"},{"floor":28,"key":"Darkstone Periapt"},{"floor":41,"key":"Incense Burner"},{"floor":43,"key":"Orichalcum"}],"event_choices":[{"event_name":"The Cleric","player_choice":"Card Removal","floor":5,"damage_taken":0},{"event_name":"Wheel of Change","player_choice":"Damage","floor":20,"damage_taken":0},{"event_name":"Vampires","player_choice":"Became a vampire","floor":22,"damage_taken":0},{"event_name":"Ghosts","player_choice":"Became a Ghost","floor":30,"damage_taken":0},{"event_name":"Winding Halls","player_choice":"Embrace Madness","floor":36,"damage_taken":0},{"event_name":"Wheel of Change","player_choice":"Full Heal","floor":38,"damage_taken":0},{"event_name":"Tomb of Lord Red Mask","player_choice":"Paid","floor":39,"damage_taken":0}],"is_beta":false,"boss_relics":[{"not_picked":["Ring of the Serpent","Runic Dome"],"picked":"Ectoplasm"},{"not_picked":["HoveringKite","Lizard Tail"],"picked":"Coffee Dripper"}],"items_purged_floors":[],"is_endless":false,"potions_floor_spawned":[1,3,13,14,19,24,28],"killed_by":"2 Orb Walkers","ascension_level":13}