{"gold_per_floor":[114,129,129,144,144,144,159,174,174,174,174,204,219,226,226,326,326,341,341,356,106,106,106,21,21,21,36,36,36,36,66,66,166,166,181,181,71,71,86,86,116,16,66,81,96,96,0,15,15,15],"floor_reached":51,"playtime":6131,"items_purged":["Pain","Writhe"],"score":693,"play_id":"c76fd51f-729f-4d6b-89c6-167cea3eb9f1","local_time":"20190106180048","daily_mods":["Draft","Red Cards","Elite Swarm"],"is_ascension_mode":false,"campfire_choices":[{"data":"Armaments","floor":6,"key":"SMITH"},{"data":"Fusion","floor":11,"key":"SMITH"},{"floor":15,"key":"REST"},{"data":"Genetic Algorithm","floor":23,"key":"SMITH"},{"data":"Reaper","floor":28,"key":"SMITH"},{"data":"Exhume","floor":30,"key":"SMITH"},{"data":"Hello World","floor":32,"key":"SMITH"},{"data":"Loop","floor":40,"key":"SMITH"},{"data":"Buffer","floor":46,"key":"SMITH"},{"data":"Discovery","floor":49,"key":"SMITH"}],"neow_cost":"","seed_source_timestamp":0,"circlet_count":0,"master_deck":["Sweeping Beam","Ball Lightning","Headbutt","Armaments+1","True Grit","Rebound","Leap","Flame Barrier","Cleave","Hello World+1","Armaments+1","Go for the Eyes","Thunderclap","Rampage","Metallicize","Clothesline","Fusion+1","Reaper+1","Genetic Algorithm+1","Exhume+1","Go for the Eyes","FTL","Beam Cell+1","Exhume","Electrodynamics+1","Warcry+1","Loop+1","Buffer+1","Writhe","Conserve Battery+1","Discovery+1","BootSequence+1"],"special_seed":17903,"relics":["Cracked Core","Cables","Darkstone Periapt","Odd Mushroom","Cursed Key","Bottled Lightning","Mummified Hand","Pantograph","Potion Belt","Inserter","Meat on the Bone","Du-Vu Doll","Vajra"],"potions_floor_usage":[14,16,16,33,44,50,50],"damage_taken":[{"damage":0,"enemies":"2 Louse","floor":1,"turns":2},{"damage":0,"enemies":"Cultist","floor":2,"turns":2},{"damage":0,"enemies":"Jaw Worm","floor":4,"turns":2},{"damage":2,"enemies":"Looter","floor":7,"turns":3},{"damage":0,"enemies":"Large Slime","floor":8,"turns":5},{"damage":17,"enemies":"Lagavulin","floor":12,"turns":4},{"damage":2,"enemies":"Exordium Thugs","floor":13,"turns":4},{"damage":9,"enemies":"The Mushroom Lair","floor":14,"turns":4},{"damage":6,"enemies":"Hexaghost","floor":16,"turns":8},{"damage":11,"enemies":"Spheric Guardian","floor":18,"turns":4},{"damage":18,"enemies":"2 Thieves","floor":20,"turns":4},{"damage":17,"enemies":"Shelled Parasite and Fungi","floor":27,"turns":5},{"damage":26,"enemies":"Slavers","floor":31,"turns":6},{"damage":27,"enemies":"Champ","floor":33,"turns":12},{"damage":16,"enemies":"3 Shapes","floor":35,"turns":5},{"damage":2,"enemies":"Orb Walker","floor":39,"turns":5},{"damage":66,"enemies":"Nemesis","floor":41,"turns":9},{"damage":9,"enemies":"4 Shapes","floor":44,"turns":3},{"damage":18,"enemies":"Jaw Worm Horde","floor":45,"turns":4},{"damage":0,"enemies":"Transient","floor":48,"turns":5},{"damage":18,"enemies":"Donu and Deca","floor":50,"turns":9}],"seed_played":"8694291460791302925","potions_obtained":[{"floor":4,"key":"Poison Potion"},{"floor":7,"key":"LiquidBronze"},{"floor":12,"key":"AttackPotion"},{"floor":13,"key":"PowerPotion"},{"floor":16,"key":"Strength Potion"},{"floor":20,"key":"Energy Potion"},{"floor":25,"key":"FairyPotion"},{"floor":25,"key":"Dexterity Potion"},{"floor":31,"key":"Swift Potion"},{"floor":35,"key":"FairyPotion"},{"floor":39,"key":"Dexterity Potion"}],"is_trial":false,"path_per_floor":["M","M","?","M","$","R","M","M","T","$","R","E","M","?","R","B",null,"M","?","M","$","?","R","?","?","T","M","R","?","R","E","R","B",null,"M","?","$","T","M","R","E","$","T","M","M","R","$","M","R","B",null],"character_chosen":"DEFECT","items_purchased":["Bottled Lightning","Loop","Discovery"],"campfire_rested":1,"item_purchase_floors":[21,37,47],"current_hp_per_floor":[75,75,75,75,75,75,73,73,73,73,73,56,54,47,69,69,75,64,64,52,52,52,52,52,52,58,51,51,51,51,30,30,42,81,65,65,65,71,74,74,28,28,34,64,58,58,58,58,58,79],"gold":15,"neow_bonus":"","is_prod":false,"is_daily":true,"chose_seed":false,"campfire_upgraded":9,"win_rate":0,"timestamp":1546826448,"path_taken":["M","M","?","M","$","R","M","?","T","?","R","E","?","?","R","BOSS","M","?","?","?","?","R","?","?","T","?","R","?","R","E","R","BOSS","M","?","?","?","M","R","E","$","T","M","M","R","$","?","R","BOSS"],"build_version":"2019-01-03v4","purchased_purges":2,"victory":true,"max_hp_per_floor":[75,75,75,75,75,75,75,75,75,75,75,75,75,75,75,75,75,75,75,75,75,75,75,75,75,81,81,81,81,81,81,81,81,81,81,81,81,87,87,87,87,87,93,93,93,93,93,93,93,93],"card_choices":[{"not_picked":["Beam Cell","Flex"],"picked":"Sweeping Beam","floor":0},{"not_picked":["Steam","Clothesline"],"picked":"Ball Lightning","floor":0},{"not_picked":["Whirlwind","Anger"],"picked":"Headbutt","floor":0},{"not_picked":["Compile Driver","Sentinel"],"picked":"Armaments","floor":0},{"not_picked":["Warcry","Scrape"],"picked":"True Grit","floor":0},{"not_picked":["Tempest","Sever Soul"],"picked":"Rebound","floor":0},{"not_picked":["Headbutt","True Grit"],"picked":"Leap","floor":0},{"not_picked":["Rebound","Perfected Strike"],"picked":"Flame Barrier","floor":0},{"not_picked":["Pommel Strike","Turbo"],"picked":"Cleave","floor":0},{"not_picked":["Burning Pact","Gash"],"picked":"Body Slam","floor":0},{"not_picked":["Pommel Strike","Thunderclap"],"picked":"Hello World","floor":0},{"not_picked":["Turbo","Glacier"],"picked":"Armaments","floor":0},{"not_picked":["Twin Strike","Turbo"],"picked":"Go for the Eyes","floor":0},{"not_picked":["Disarm","Rage"],"picked":"Thunderclap","floor":0},{"not_picked":["Perfected Strike","Consume"],"picked":"Rampage","floor":0},{"not_picked":["Twin Strike","Wild Strike"],"picked":"Metallicize","floor":1},{"not_picked":["Intimidate","Clash"],"picked":"Clothesline","floor":2},{"not_picked":["Go for the Eyes","Feel No Pain"],"picked":"Fusion","floor":4},{"not_picked":["Cleave","Whirlwind"],"picked":"Reaper","floor":7},{"not_picked":["Intimidate","Perfected Strike","Steam"],"picked":"SKIP","floor":8},{"not_picked":["Double Tap","Berserk","Reboot"],"picked":"SKIP","floor":12},{"not_picked":["Turbo","Clash"],"picked":"Genetic Algorithm","floor":13},{"not_picked":["Bludgeon","Electrodynamics"],"picked":"Exhume","floor":16},{"not_picked":["Intimidate+1","Flex","Stack"],"picked":"SKIP","floor":18},{"not_picked":["Go for the Eyes+1","Leap"],"picked":"FTL","floor":20},{"not_picked":["Chaos+1","Scrape+1"],"picked":"Beam Cell+1","floor":27},{"not_picked":["Immolate","Berserk"],"picked":"Exhume","floor":31},{"not_picked":["Double Tap","Rainbow"],"picked":"Electrodynamics","floor":33},{"not_picked":["Whirlwind","Hemokinesis+1"],"picked":"Warcry+1","floor":35},{"not_picked":["Beam Cell","True Grit+1","Clothesline+1"],"picked":"SKIP","floor":39},{"not_picked":["Reboot","Berserk"],"picked":"Buffer","floor":41},{"not_picked":["Warcry+1","Cold Snap+1","Sweeping Beam"],"picked":"SKIP","floor":44},{"not_picked":["True Grit+1","Go for the Eyes"],"picked":"Conserve Battery+1","floor":45},{"not_picked":["Twin Strike+1","Coolheaded+1"],"picked":"BootSequence+1","floor":48}],"player_experience":566189,"relics_obtained":[{"floor":9,"key":"Cables"},{"floor":12,"key":"Darkstone Periapt"},{"floor":14,"key":"Odd Mushroom"},{"floor":26,"key":"Pantograph"},{"floor":31,"key":"Potion Belt"},{"floor":38,"key":"Meat on the Bone"},{"floor":41,"key":"Du-Vu Doll"},{"floor":43,"key":"Vajra"}],"event_choices":[{"damage_healed":0,"gold_gain":0,"player_choice":"Forge","damage_taken":0,"max_hp_gain":0,"max_hp_loss":0,"event_name":"Accursed Blacksmith","floor":3,"gold_loss":0,"cards_upgraded":["Armaments"]},{"damage_healed":0,"gold_gain":0,"player_choice":"Fought Mushrooms","damage_taken":0,"max_hp_gain":0,"max_hp_loss":0,"event_name":"Mushrooms","floor":14,"gold_loss":0},{"damage_healed":0,"gold_gain":0,"cards_transformed":["Body Slam"],"player_choice":"Transformed","damage_taken":0,"max_hp_gain":0,"max_hp_loss":0,"event_name":"Transmorgrifier","floor":19,"gold_loss":0,"cards_obtained":["Go for the Eyes"]},{"damage_healed":0,"gold_gain":0,"player_choice":"Ignored","damage_taken":0,"max_hp_gain":0,"max_hp_loss":0,"event_name":"Ghosts","floor":22,"gold_loss":0},{"damage_healed":0,"gold_gain":0,"player_choice":"Obtained Relic","damage_taken":0,"relics_obtained":["Mummified Hand"],"max_hp_gain":0,"max_hp_loss":0,"event_name":"Addict","floor":24,"gold_loss":85},{"damage_healed":0,"gold_gain":0,"player_choice":"Got Potions","damage_taken":0,"max_hp_gain":0,"max_hp_loss":0,"event_name":"Lab","floor":25,"gold_loss":0},{"damage_healed":0,"gold_gain":0,"player_choice":"Ignored","damage_taken":0,"max_hp_gain":0,"max_hp_loss":0,"event_name":"Beggar","floor":29,"gold_loss":0},{"damage_healed":0,"gold_gain":0,"player_choice":"Upgraded","damage_taken":0,"max_hp_gain":0,"max_hp_loss":0,"event_name":"Upgrade Shrine","floor":36,"gold_loss":0,"cards_upgraded":["Electrodynamics"]}],"is_beta":false,"boss_relics":[{"not_picked":["Velvet Choker","Runic Pyramid"],"picked":"Cursed Key"},{"not_picked":["Calling Bell","Fusion Hammer"],"picked":"Inserter"}],"items_purged_floors":[37,42],"is_endless":false,"potions_floor_spawned":[4,7,12,13,16,20,27,31,35,39],"ascension_level":0}