{"gold_per_floor":[113,113,113,29,47,47,86,106,106,106,124,155,174,174,174,273,273,293,293,14,14,35,35],"floor_reached":23,"playtime":1417,"items_purged":[],"score":448,"play_id":"96ecacf7-f0dc-4d2f-a339-19164571d17d","local_time":"20190115013910","is_ascension_mode":true,"campfire_choices":[{"data":"Doom and Gloom","floor":6,"key":"SMITH"},{"data":"Buffer","floor":10,"key":"SMITH"},{"data":"Coolheaded","floor":15,"key":"SMITH"}],"neow_cost":"NONE","seed_source_timestamp":391953122814008,"circlet_count":0,"master_deck":["AscendersBane","Strike_B","Strike_B","Strike_B","Strike_B","Defend_B","Defend_B","Defend_B","Defend_B","Zap","Dualcast","Doom and Gloom+1","Loop+1","Cold Snap","Buffer+1","Coolheaded+1","Double Energy","Reinforced Body+1","Core Surge","Compile Driver+1","Capacitor"],"relics":["Cracked Core","Golden Idol","Pen Nib","Dodecahedron","Juzu Bracelet","Nuclear Battery","Toxic Egg 2"],"potions_floor_usage":[7,7,12,16],"damage_taken":[{"damage":1,"enemies":"Cultist","floor":1,"turns":3},{"damage":0,"enemies":"Small Slimes","floor":5,"turns":2},{"damage":25,"enemies":"3 Sentries","floor":7,"turns":6},{"damage":7,"enemies":"Jaw Worm","floor":8,"turns":4},{"damage":3,"enemies":"Blue Slaver","floor":11,"turns":4},{"damage":0,"enemies":"Gremlin Nob","floor":12,"turns":4},{"damage":0,"enemies":"Looter","floor":13,"turns":4},{"damage":18,"enemies":"Slime Boss","floor":16,"turns":9},{"damage":0,"enemies":"Chosen","floor":18,"turns":6},{"damage":1,"enemies":"Shell Parasite","floor":22,"turns":5},{"damage":62,"enemies":"Book of Stabbing","floor":23,"turns":4}],"seed_played":"2956289902188308488","potions_obtained":[{"floor":0,"key":"Fire Potion"},{"floor":0,"key":"Regen Potion"},{"floor":7,"key":"GamblersBrew"},{"floor":11,"key":"FearPotion"},{"floor":12,"key":"FocusPotion"}],"is_trial":false,"path_per_floor":["M","?","?","$","M","R","E","M","T","R","M","E","M","?","R","B",null,"M","?","$","?","M","E"],"character_chosen":"DEFECT","items_purchased":["Loop","Toxic Egg 2"],"campfire_rested":0,"item_purchase_floors":[4,20],"current_hp_per_floor":[63,68,68,68,68,68,57,50,50,50,47,47,47,47,47,29,59,59,59,59,59,58,0],"gold":35,"neow_bonus":"THREE_SMALL_POTIONS","is_prod":false,"is_daily":false,"chose_seed":false,"campfire_upgraded":3,"win_rate":0,"timestamp":1547512750,"path_taken":["M","?","?","$","?","R","E","M","T","R","M","E","M","?","R","BOSS","M","?","$","?","M","E"],"build_version":"2019-01-10","purchased_purges":0,"victory":false,"max_hp_per_floor":[71,76,69,69,69,69,69,69,69,69,69,69,69,69,69,69,69,69,69,69,69,69,69],"card_choices":[{"not_picked":["Barrage","Leap"],"picked":"Doom and Gloom","floor":1},{"not_picked":["Rip and Tear","Streamline"],"picked":"Cold Snap","floor":5},{"not_picked":["Sweeping Beam","Chaos"],"picked":"Buffer","floor":7},{"not_picked":["Turbo","Barrage"],"picked":"Coolheaded","floor":8},{"not_picked":["Turbo","Leap"],"picked":"Double Energy","floor":11},{"not_picked":["Self Repair","Redo"],"picked":"Reinforced Body","floor":12},{"not_picked":["Stack","Undo","Ball Lightning"],"picked":"SKIP","floor":13},{"not_picked":["Meteor Strike","Thunder Strike"],"picked":"Core Surge","floor":16},{"not_picked":["Sweeping Beam","Go for the Eyes"],"picked":"Compile Driver+1","floor":18},{"not_picked":["Scrape","Genetic Algorithm+1"],"picked":"Capacitor","floor":22}],"player_experience":432921,"relics_obtained":[{"floor":7,"key":"Pen Nib"},{"floor":9,"key":"Dodecahedron"},{"floor":12,"key":"Juzu Bracelet"}],"event_choices":[{"damage_healed":0,"gold_gain":0,"player_choice":"Donut","damage_taken":0,"max_hp_gain":5,"max_hp_loss":0,"event_name":"Big Fish","floor":2,"gold_loss":0},{"damage_healed":0,"gold_gain":0,"player_choice":"Lose Max HP","damage_taken":0,"relics_obtained":["Golden Idol"],"max_hp_gain":0,"max_hp_loss":7,"event_name":"Golden Idol","floor":3,"gold_loss":0},{"damage_healed":0,"gold_gain":0,"player_choice":"Grow","damage_taken":0,"max_hp_gain":0,"max_hp_loss":0,"event_name":"Living Wall","floor":14,"gold_loss":0,"cards_upgraded":["Loop"]},{"damage_healed":0,"gold_gain":0,"player_choice":"Upgraded","damage_taken":0,"max_hp_gain":0,"max_hp_loss":0,"event_name":"Upgrade Shrine","floor":19,"gold_loss":0,"cards_upgraded":["Reinforced Body"]},{"damage_healed":0,"gold_gain":0,"player_choice":"Ignored","damage_taken":0,"max_hp_gain":0,"max_hp_loss":0,"event_name":"Ghosts","floor":21,"gold_loss":0}],"is_beta":false,"boss_relics":[{"not_picked":["Philosopher\u0027s Stone","Sozu"],"picked":"Nuclear Battery"}],"items_purged_floors":[],"is_endless":false,"potions_floor_spawned":[1,7,11,12],"killed_by":"Book of Stabbing","ascension_level":20}