{"gold_per_floor":[114,189,189,189,204,204,219,249,249,249,249,264,264,279,279,379,379,394,394,394,58,73,103,103,118,118,133,133,148,148,163,163,263,263,263,278,293,93,93],"floor_reached":39,"playtime":2717,"items_purged":[],"score":478,"play_id":"47d75dc6-e324-4933-814b-770e6e47f378","local_time":"20190228133955","daily_mods":["Heirloom","ControlledChaos","Terminal"],"is_ascension_mode":false,"campfire_choices":[{"data":"Spot Weakness","floor":6,"key":"SMITH"},{"data":"Heavy Blade","floor":11,"key":"SMITH"},{"data":"Inflame","floor":13,"key":"SMITH"},{"data":"Cleave","floor":15,"key":"SMITH"},{"data":"Defend_R","floor":24,"key":"PURGE"},{"data":"Strike_R","floor":28,"key":"PURGE"},{"data":"Barricade","floor":32,"key":"SMITH"}],"neow_cost":"","seed_source_timestamp":0,"circlet_count":0,"master_deck":["Strike_R","Strike_R","Strike_R","Strike_R","Defend_R+1","Defend_R+1","Defend_R","Bash","Clash","Spot Weakness+1","Heavy Blade+1","Cleave+1","Inflame+1","Juggernaut","Ghostly Armor","Barricade+1","Heavy Blade","Flash of Steel","Heavy Blade+1","Flame Barrier","Cleave","Shrug It Off","Heavy Blade","Heavy Blade","Feed","Flex+1","Parasite","Body Slam+1"],"special_seed":17955,"relics":["Burning Blood","Frozen Eye","Ginger","Turnip","Sundial","Bottled Flame","White Beast Statue","Mummified Hand","Peace Pipe","WingedGreaves","Dead Branch","Lizard Tail","HandDrill"],"potions_floor_usage":[18,22,23,23,23,25,31,33,33,35,37,39],"damage_taken":[{"damage":0,"enemies":"2 Louse","floor":1,"turns":2},{"damage":0,"enemies":"Jaw Worm","floor":5,"turns":3},{"damage":0,"enemies":"Small Slimes","floor":7,"turns":2},{"damage":4,"enemies":"3 Sentries","floor":8,"turns":4},{"damage":1,"enemies":"Exordium Thugs","floor":12,"turns":3},{"damage":0,"enemies":"Lots of Slimes","floor":14,"turns":3},{"damage":0,"enemies":"Slime Boss","floor":16,"turns":6},{"damage":5,"enemies":"Spheric Guardian","floor":18,"turns":4},{"damage":0,"enemies":"Chosen","floor":22,"turns":4},{"damage":6,"enemies":"Book of Stabbing","floor":23,"turns":3},{"damage":16,"enemies":"Snake Plant","floor":25,"turns":3},{"damage":35,"enemies":"Centurion and Healer","floor":27,"turns":5},{"damage":1,"enemies":"Cultist and Chosen","floor":29,"turns":7},{"damage":0,"enemies":"Sentry and Sphere","floor":31,"turns":3},{"damage":26,"enemies":"Automaton","floor":33,"turns":8},{"damage":3,"enemies":"3 Darklings","floor":35,"turns":2},{"damage":13,"enemies":"3 Shapes","floor":36,"turns":4},{"damage":59,"enemies":"Writhing Mass","floor":37,"turns":7},{"damage":39,"enemies":"2 Orb Walkers","floor":39,"turns":4}],"seed_played":"-2833648165703776253","potions_obtained":[{"floor":5,"key":"FearPotion"},{"floor":12,"key":"Dexterity Potion"},{"floor":16,"key":"Regen Potion"},{"floor":18,"key":"Weak Potion"},{"floor":22,"key":"PowerPotion"},{"floor":23,"key":"AttackPotion"},{"floor":25,"key":"Strength Potion"},{"floor":27,"key":"PowerPotion"},{"floor":29,"key":"Block Potion"},{"floor":31,"key":"BloodPotion"},{"floor":33,"key":"SmokeBomb"},{"floor":36,"key":"Dexterity Potion"},{"floor":37,"key":"FearPotion"}],"is_trial":false,"path_per_floor":["M","?","?","?","M","R","M","E","T","T","R","M","R","M","R","B",null,"M","?","?","$","M","E","R","M","T","M","R","M","T","M","R","B",null,"M","M","M","$","?"],"character_chosen":"IRONCLAD","items_purchased":["Mummified Hand","Flash of Steel","HandDrill"],"campfire_rested":0,"item_purchase_floors":[21,21,38],"current_hp_per_floor":[78,67,52,52,58,58,64,66,66,66,66,67,66,65,64,63,62,61,51,51,51,57,61,60,50,50,21,21,26,26,32,32,12,50,49,42,29,29,0],"gold":93,"neow_bonus":"","is_prod":false,"is_daily":true,"chose_seed":false,"campfire_upgraded":5,"win_rate":0,"timestamp":1551389995,"path_taken":["M","?","?","?","?","R","?","E","T","?","R","M","R","M","R","BOSS","M","?","?","?","M","E","R","?","T","M","R","M","?","?","R","BOSS","M","M","M","$","?"],"build_version":"2019-01-23","purchased_purges":0,"victory":false,"max_hp_per_floor":[78,77,76,75,74,73,72,71,70,69,68,67,66,65,64,63,62,61,65,64,63,62,61,60,59,58,57,56,55,54,53,52,51,50,49,48,47,46,49],"card_choices":[{"not_picked":["Sever Soul","Wild Strike"],"picked":"Clash","floor":1},{"not_picked":["Iron Wave","True Grit","Body Slam"],"picked":"SKIP","floor":5},{"not_picked":["Body Slam","Sword Boomerang"],"picked":"Cleave","floor":7},{"not_picked":["Pummel","Shrug It Off"],"picked":"Inflame","floor":8},{"not_picked":["True Grit","Metallicize"],"picked":"Juggernaut","floor":12},{"not_picked":["Flex","Iron Wave"],"picked":"Ghostly Armor","floor":14},{"not_picked":["Brutality","Exhume"],"picked":"Barricade","floor":16},{"not_picked":["Clothesline+1","Battle Trance"],"picked":"Heavy Blade","floor":18},{"not_picked":["Havoc","Anger"],"picked":"Heavy Blade+1","floor":22},{"not_picked":["Headbutt","Berserk"],"picked":"Flame Barrier","floor":23},{"not_picked":["Intimidate","Ghostly Armor"],"picked":"Cleave","floor":25},{"not_picked":["Perfected Strike","True Grit+1"],"picked":"Shrug It Off","floor":27},{"not_picked":["Blood for Blood","Second Wind+1"],"picked":"Heavy Blade","floor":29},{"not_picked":["Power Through","Anger"],"picked":"Heavy Blade","floor":31},{"not_picked":["Bludgeon","Barricade"],"picked":"Feed","floor":33},{"not_picked":["Heavy Blade+1","Body Slam"],"picked":"Flex+1","floor":36},{"not_picked":["Burning Pact+1","Combust+1"],"picked":"Body Slam+1","floor":37}],"player_experience":945299,"relics_obtained":[{"floor":8,"key":"Turnip"},{"floor":9,"key":"Sundial"},{"floor":10,"key":"Bottled Flame"},{"floor":23,"key":"Peace Pipe"},{"floor":26,"key":"WingedGreaves"},{"floor":30,"key":"Dead Branch"}],"event_choices":[{"damage_healed":0,"gold_gain":75,"player_choice":"Gather Gold","damage_taken":11,"max_hp_gain":0,"max_hp_loss":0,"event_name":"World of Goop","floor":2,"gold_loss":0},{"damage_healed":0,"gold_gain":0,"player_choice":"Entered Light","damage_taken":15,"max_hp_gain":0,"max_hp_loss":0,"event_name":"Shining Light","floor":3,"gold_loss":0,"cards_upgraded":["Defend_R","Defend_R"]},{"damage_healed":0,"gold_gain":0,"player_choice":"2 cards matched","damage_taken":0,"max_hp_gain":0,"max_hp_loss":0,"event_name":"Match and Keep!","floor":4,"gold_loss":0,"cards_obtained":["Spot Weakness","Heavy Blade"]},{"damage_healed":0,"gold_gain":0,"player_choice":"Shed Blood","damage_taken":15,"max_hp_gain":5,"max_hp_loss":0,"event_name":"Forgotten Altar","floor":19,"gold_loss":0},{"damage_healed":0,"gold_gain":0,"player_choice":"Ignored","damage_taken":0,"max_hp_gain":0,"max_hp_loss":0,"event_name":"Vampires","floor":20,"gold_loss":0},{"damage_healed":0,"gold_gain":0,"player_choice":"Fight","damage_taken":0,"max_hp_gain":0,"max_hp_loss":0,"event_name":"Mysterious Sphere","floor":39,"gold_loss":0}],"is_beta":false,"boss_relics":[{"not_picked":["Runic Dome","Black Blood"],"picked":"White Beast Statue"},{"not_picked":["Calling Bell","Empty Cage"],"picked":"Lizard Tail"}],"items_purged_floors":[],"is_endless":false,"potions_floor_spawned":[5,12,16,18,22,23,25,27,29,31,33,35,36,37],"killed_by":"2 Orb Walkers","ascension_level":0}