{"path_per_floor":["M","?","?","?","M","R","M","R","T","E","M","?","$","M","R","B",null,"M","?","M","?","?","R","M","R","T","$","R","E","?","M","R"],"character_chosen":"IRONCLAD","items_purchased":["Singing Bowl","Shrug It Off"],"gold_per_floor":[116,116,116,216,230,230,250,250,250,275,294,294,71,91,91,186,186,201,126,138,138,53,53,65,65,65,38,38,68,68,83,83],"floor_reached":33,"campfire_rested":0,"playtime":1172,"current_hp_per_floor":[71,63,51,51,57,57,59,59,59,56,62,67,67,76,76,51,78,68,68,49,49,49,49,62,62,76,76,76,78,78,71,71],"items_purged":["Strike_R"],"gold":83,"score":368,"play_id":"36a06824-a4ed-4d89-b6f5-69df82267943","is_prod":false,"is_daily":false,"is_ascension_mode":true,"campfire_upgraded":7,"path_taken":["M","?","?","?","?","R","M","R","T","E","M","?","$","M","R","BOSS","M","?","M","?","?","R","M","R","T","$","R","E","?","M","R","BOSS"],"build_version":"2018-02-15-PROD1","purchased_purges":1,"victory":false,"master_deck":["Defend_R","Defend_R","Defend_R","Defend_R","Bash","Cleave+1","Ghostly Armor+1","Whirlwind+1","Pommel Strike+1","Shrug It Off+1","Bite","Bite","Bite","Bite","Bite","Shrug It Off+1","True Grit+1"],"max_hp_per_floor":[80,80,80,80,80,80,80,80,80,80,80,85,85,85,85,87,87,89,89,91,63,63,63,65,65,79,79,79,79,79,81,81],"relics":["Burning Blood","Orichalcum","Mummified Hand","Magic Flower","Juzu Bracelet","Singing Bowl","Velvet Choker","Torii","Mango","Pantograph"],"card_choices":[{"not_picked":["Wild Strike","Iron Wave"],"picked":"Cleave"},{"not_picked":["Sever Soul","Anger"],"picked":"Ghostly Armor"},{"not_picked":["Immolate","Heavy Blade"],"picked":"Whirlwind"},{"not_picked":["Entrench","Shrug It Off"],"picked":"Pommel Strike"},{"not_picked":["Iron Wave","Bloodletting"],"picked":"Shrug It Off"},{"not_picked":["Headbutt","Combust"],"picked":"True Grit"}],"player_experience":133620,"potions_floor_usage":[24,33,33],"damage_taken":[{"damage":7,"enemies":"Jaw Worm","floor":1,"turns":3},{"damage":0,"enemies":"Cultist","floor":5,"turns":3},{"damage":4,"enemies":"Small Slimes","floor":7,"turns":3},{"damage":12,"enemies":"3 Sentries","floor":10,"turns":5},{"damage":3,"enemies":"2 Fungi Beasts","floor":11,"turns":2},{"damage":0,"enemies":"3 Louse","floor":14,"turns":1},{"damage":36,"enemies":"Slime Boss","floor":16,"turns":8},{"damage":21,"enemies":"Spheric Guardian","floor":18,"turns":4},{"damage":30,"enemies":"2 Thieves","floor":20,"turns":4},{"damage":13,"enemies":"Snecko","floor":24,"turns":4},{"damage":19,"enemies":"Gremlin Leader","floor":29,"turns":6},{"damage":26,"enemies":"Snake Plant","floor":31,"turns":5},{"damage":138,"enemies":"Automaton","floor":33,"turns":10}],"event_choices":[{"event_name":"Wheel of Change","player_choice":"Damage","floor":2,"damage_taken":0},{"event_name":"Scrap Ooze","player_choice":"success","floor":3,"damage_taken":12},{"event_name":"Golden Shrine","player_choice":"Pray","floor":4,"damage_taken":0},{"event_name":"Big Fish","player_choice":"Donut","floor":12,"damage_taken":0},{"event_name":"Beggar","player_choice":"Gave Gold","floor":19,"damage_taken":0},{"event_name":"Vampires","player_choice":"Became a vampire","floor":21,"damage_taken":0},{"event_name":"Addict","player_choice":"Obtained Relic","floor":22,"damage_taken":0},{"event_name":"The Lab","player_choice":"Got Potions","floor":30,"damage_taken":0}],"boss_relics":[{"not_picked":["Runic Pyramid","Orrery"],"picked":"Velvet Choker"}],"potions_floor_spawned":[11,14,20,31],"seed_played":"826131193132395126","killed_by":"Automaton","ascension_level":6,"is_trial":false}