{"gold_per_floor":[144,144,144,189,234,324,324,369,369,369,221,266,311,356,356,656,656,701,746,791,836,836,836,926,926,926,971,1016,1016,37,37,37,337,337,382,427,472,517,817,817,907,1045,1045,5,50,50,50,95,95,95],"floor_reached":50,"playtime":65619,"items_purged":["Strike_G","Strike_B"],"score":573,"play_id":"0d81d017-1f22-4eb8-a4df-c5977d06d5fc","local_time":"20190105171705","daily_mods":["Chimera","Uncertain Future","Midas"],"is_ascension_mode":false,"campfire_choices":[{"floor":7,"key":"REST"},{"floor":10,"key":"REST"},{"floor":15,"key":"REST"},{"floor":23,"key":"REST"},{"floor":25,"key":"REST"},{"floor":32,"key":"REST"},{"floor":40,"key":"REST"},{"floor":46,"key":"REST"},{"floor":49,"key":"REST"}],"neow_cost":"","seed_source_timestamp":0,"circlet_count":0,"master_deck":["Bash","Survivor","Zap","Strike_R+1","Defend_G","Defend_B+1","Outmaneuver","Quick Slash","Well Laid Plans+1","Dagger Throw+1","Tools of the Trade+1","Underhanded Strike","Dagger Throw","Reflex","Adrenaline","Leg Sweep","Backflip+1","Writhe","Footwork+1","Underhanded Strike","Escape Plan+1","Underhanded Strike+1","Normality","Underhanded Strike"],"special_seed":17901,"relics":["Ring of the Snake","Frozen Egg 2","Letter Opener","Velvet Choker","Boot","The Courier","Dodecahedron","Ninja Scroll","HandDrill","PreservedInsect","Torii","Ornamental Fan","Orichalcum","Cursed Key","Nunchaku","Bottled Flame","Pocketwatch","Strawberry","Sling","Bag of Preparation","Whetstone","Gambling Chip","Anchor","Dream Catcher"],"potions_floor_usage":[6,16,21,24,24,33,42,42,50,50],"damage_taken":[{"damage":2,"enemies":"Cultist","floor":1,"turns":4},{"damage":0,"enemies":"Small Slimes","floor":4,"turns":3},{"damage":3,"enemies":"Jaw Worm","floor":5,"turns":3},{"damage":7,"enemies":"Lagavulin","floor":6,"turns":7},{"damage":2,"enemies":"Exordium Wildlife","floor":8,"turns":4},{"damage":5,"enemies":"2 Fungi Beasts","floor":12,"turns":4},{"damage":3,"enemies":"Large Slime","floor":13,"turns":5},{"damage":7,"enemies":"Blue Slaver","floor":14,"turns":2},{"damage":35,"enemies":"The Guardian","floor":16,"turns":9},{"damage":10,"enemies":"Spheric Guardian","floor":18,"turns":4},{"damage":0,"enemies":"Shell Parasite","floor":19,"turns":3},{"damage":15,"enemies":"Snecko","floor":20,"turns":3},{"damage":9,"enemies":"Snake Plant","floor":21,"turns":4},{"damage":32,"enemies":"Slavers","floor":24,"turns":6},{"damage":18,"enemies":"Centurion and Healer","floor":27,"turns":5},{"damage":4,"enemies":"Shelled Parasite and Fungi","floor":28,"turns":5},{"damage":1,"enemies":"Automaton","floor":33,"turns":14},{"damage":0,"enemies":"Orb Walker","floor":35,"turns":3},{"damage":3,"enemies":"3 Shapes","floor":36,"turns":6},{"damage":0,"enemies":"3 Darklings","floor":37,"turns":6},{"damage":9,"enemies":"4 Shapes","floor":38,"turns":6},{"damage":0,"enemies":"Mind Bloom Boss Battle","floor":39,"turns":6},{"damage":11,"enemies":"Reptomancer","floor":41,"turns":7},{"damage":38,"enemies":"2 Orb Walkers","floor":42,"turns":5},{"damage":6,"enemies":"Jaw Worm Horde","floor":45,"turns":5},{"damage":11,"enemies":"Spire Growth","floor":48,"turns":5},{"damage":59,"enemies":"Donu and Deca","floor":50,"turns":10}],"seed_played":"4277757570811761034","potions_obtained":[{"floor":4,"key":"Block Potion"},{"floor":5,"key":"Swift Potion"},{"floor":6,"key":"Energy Potion"},{"floor":8,"key":"AttackPotion"},{"floor":16,"key":"Regen Potion"},{"floor":21,"key":"AttackPotion"},{"floor":24,"key":"GhostInAJar"},{"floor":36,"key":"FearPotion"},{"floor":38,"key":"EssenceOfSteel"},{"floor":41,"key":"Block Potion"}],"is_trial":false,"path_per_floor":["M","?","?","M","M","E","R","M","T","R","$","M","M","M","R","B",null,"M","M","M","M","?","R","E","R","T","M","M","?","$","T","R","B",null,"M","M","M","M","?","R","E","?","T","$","M","R","$","M","R","B"],"character_chosen":"THE_SILENT","items_purchased":["Well Laid Plans+1","Footwork+1","Ninja Scroll","HandDrill","PreservedInsect","Torii","Ornamental Fan","Sling","Bag of Preparation","Whetstone","Gambling Chip","Anchor","Dream Catcher","SkillPotion","Energy Potion"],"campfire_rested":9,"item_purchase_floors":[11,30,30,30,30,30,30,44,44,44,44,44,44,44,44],"current_hp_per_floor":[68,54,54,54,51,44,65,63,63,70,70,65,62,55,70,35,70,60,60,45,36,36,57,40,61,61,43,39,39,39,39,60,59,70,70,67,67,58,58,70,59,21,28,28,22,45,45,34,57,0],"gold":95,"neow_bonus":"","is_prod":false,"is_daily":true,"chose_seed":false,"campfire_upgraded":0,"win_rate":0,"timestamp":1546737425,"path_taken":["M","?","?","M","M","E","R","M","T","R","$","?","M","M","R","BOSS","M","M","M","M","?","R","E","R","T","M","M","?","$","?","R","BOSS","M","M","M","M","?","R","E","?","T","?","M","R","$","M","R","BOSS"],"build_version":"2018-12-20","purchased_purges":2,"victory":false,"max_hp_per_floor":[70,70,70,70,70,70,70,70,70,70,70,70,70,70,70,70,70,70,70,70,70,70,70,70,70,70,70,70,70,70,70,70,70,70,70,70,70,70,70,70,70,70,77,77,77,77,77,77,77,77],"card_choices":[{"not_picked":["Dodge and Roll","Expertise"],"picked":"Outmaneuver","floor":1},{"not_picked":["PiercingWail","Finisher"],"picked":"Quick Slash","floor":4},{"not_picked":["Riddle With Holes","Acrobatics","Dagger Spray"],"picked":"SKIP","floor":5},{"not_picked":["Underhanded Strike","Backflip","Sucker Punch"],"picked":"SKIP","floor":6},{"not_picked":["Sucker Punch","Wraith Form v2+1","Dagger Throw"],"picked":"SKIP","floor":8},{"not_picked":["Backflip","Dodge and Roll","Prepared"],"picked":"SKIP","floor":12},{"not_picked":["Slice","Underhanded Strike"],"picked":"Dagger Throw","floor":13},{"not_picked":["Blade Dance","Sucker Punch","Riddle With Holes"],"picked":"SKIP","floor":14},{"not_picked":["Venomology","Envenom+1"],"picked":"Tools of the Trade+1","floor":16},{"not_picked":["Crippling Poison","Riddle With Holes+1"],"picked":"Underhanded Strike","floor":18},{"not_picked":["Sucker Punch","Accuracy+1"],"picked":"Dagger Throw","floor":19},{"not_picked":["PiercingWail+1","Acrobatics"],"picked":"Reflex","floor":20},{"not_picked":["Backflip","Bullet Time","Acrobatics+1"],"picked":"SKIP","floor":21},{"not_picked":["Quick Slash","Bane"],"picked":"Adrenaline","floor":24},{"not_picked":["Dagger Throw","Blade Dance"],"picked":"Leg Sweep","floor":27},{"not_picked":["Concentrate","Outmaneuver"],"picked":"Backflip+1","floor":28},{"not_picked":["Dagger Throw+1","Poisoned Stab"],"picked":"Underhanded Strike","floor":35},{"not_picked":["Dodge and Roll","Distraction+1"],"picked":"Escape Plan+1","floor":36},{"not_picked":["Distraction+1","Acrobatics"],"picked":"Underhanded Strike","floor":37},{"not_picked":["Backflip","PiercingWail","Finisher"],"picked":"SKIP","floor":38},{"not_picked":["Deadly Poison+1","Night Terror","Dodge and Roll"],"picked":"SKIP","floor":41},{"not_picked":["Slice","Sucker Punch","Well Laid Plans+1"],"picked":"SKIP","floor":45},{"not_picked":["Quick Slash","Blade Dance","Blur"],"picked":"SKIP","floor":48},{"not_picked":["Dagger Throw+1","Reflex"],"picked":"Underhanded Strike","floor":49}],"player_experience":500570,"relics_obtained":[{"floor":6,"key":"Frozen Egg 2"},{"floor":9,"key":"Letter Opener"},{"floor":24,"key":"Boot"},{"floor":26,"key":"The Courier"},{"floor":31,"key":"Orichalcum"},{"floor":39,"key":"Nunchaku"},{"floor":41,"key":"Bottled Flame"},{"floor":42,"key":"Pocketwatch"},{"floor":43,"key":"Strawberry"}],"event_choices":[{"damage_healed":0,"gold_gain":0,"player_choice":"Entered Light","damage_taken":14,"max_hp_gain":0,"max_hp_loss":0,"event_name":"Shining Light","floor":2,"gold_loss":0,"cards_upgraded":["Strike_R","Defend_B"]},{"cards_removed":["Defend_R"],"damage_healed":0,"gold_gain":0,"player_choice":"Offered Basic","damage_taken":0,"max_hp_gain":0,"max_hp_loss":0,"event_name":"Bonfire Elementals","floor":3,"gold_loss":0},{"damage_healed":0,"gold_gain":0,"player_choice":"Ignored","damage_taken":0,"max_hp_gain":0,"max_hp_loss":0,"event_name":"Vampires","floor":22,"gold_loss":0},{"damage_healed":0,"gold_gain":0,"player_choice":"Opened","damage_taken":0,"relics_obtained":["Dodecahedron"],"max_hp_gain":0,"max_hp_loss":0,"event_name":"The Mausoleum","floor":29,"gold_loss":0,"cards_obtained":["Writhe"]},{"damage_healed":0,"gold_gain":0,"player_choice":"Fight","damage_taken":0,"max_hp_gain":0,"max_hp_loss":0,"event_name":"MindBloom","floor":39,"gold_loss":0},{"damage_healed":0,"gold_gain":0,"player_choice":"Fight","damage_taken":0,"max_hp_gain":0,"max_hp_loss":0,"event_name":"Mysterious Sphere","floor":42,"gold_loss":0}],"is_beta":false,"boss_relics":[{"not_picked":["White Beast Statue","Eternal Feather"],"picked":"Velvet Choker"},{"not_picked":["HoveringKite","Snecko Eye"],"picked":"Cursed Key"}],"items_purged_floors":[11,44],"is_endless":false,"potions_floor_spawned":[4,5,6,8,16,19,21,24,36,38,41,45],"killed_by":"Donu and Deca","ascension_level":0}