{"gold_per_floor":[109,126,201,221,231,231,243,243,266,266,287,299,331,331],"floor_reached":14,"playtime":1679,"items_purged":[],"score":120,"play_id":"270b4dc8-7c5e-40b2-8672-95acc7d6be27","local_time":"20190408101403","is_ascension_mode":true,"campfire_choices":[{"data":"Neutralize","floor":6,"key":"SMITH"},{"data":"Backflip","floor":8,"key":"SMITH"}],"neow_cost":"NONE","seed_source_timestamp":231248950764961,"circlet_count":0,"master_deck":["Defend_G","Defend_G","Defend_G","Strike_G","Strike_G","Strike_G","Strike_G","Strike_G","Survivor","Neutralize+1","Backflip+1","Heel Hook","Infinite Blades","All Out Attack","Flying Knee","Accuracy","Accuracy"],"relics":["Ring of the Snake","Centennial Puzzle","Odd Mushroom","Regal Pillow"],"potions_floor_usage":[7,13],"damage_taken":[{"damage":1,"enemies":"Jaw Worm","floor":1,"turns":7},{"damage":0,"enemies":"2 Louse","floor":2,"turns":4},{"damage":1,"enemies":"Cultist","floor":4,"turns":4},{"damage":15,"enemies":"Large Slime","floor":5,"turns":10},{"damage":1,"enemies":"Red Slaver","floor":7,"turns":5},{"damage":3,"enemies":"The Mushroom Lair","floor":11,"turns":3},{"damage":1,"enemies":"Blue Slaver","floor":12,"turns":3},{"damage":20,"enemies":"Lagavulin","floor":13,"turns":7},{"damage":11,"enemies":"Exordium Thugs","floor":14,"turns":2}],"seed_played":"2584825727041116264","potions_obtained":[{"floor":2,"key":"GamblersBrew"},{"floor":5,"key":"SteroidPotion"}],"is_trial":false,"path_per_floor":["M","M","?","M","M","R","M","R","T","?","?","M","E","M"],"character_chosen":"THE_SILENT","items_purchased":[],"campfire_rested":0,"item_purchase_floors":[],"current_hp_per_floor":[62,62,51,50,35,35,34,34,34,34,31,30,10,0],"gold":331,"neow_bonus":"REMOVE_CARD","is_prod":false,"is_daily":false,"chose_seed":false,"campfire_upgraded":2,"win_rate":0,"timestamp":1554743643,"path_taken":["M","M","?","M","M","R","M","R","T","?","?","M","E","M"],"build_version":"2019-01-23","purchased_purges":0,"victory":false,"max_hp_per_floor":[70,70,70,70,70,70,70,70,70,70,70,70,70,70],"card_choices":[{"not_picked":["Slice","Tactician"],"picked":"Backflip","floor":1},{"not_picked":["PiercingWail","Underhanded Strike"],"picked":"Heel Hook","floor":2},{"not_picked":["Backflip","Endless Agony"],"picked":"Infinite Blades","floor":4},{"not_picked":["Slice","Quick Slash"],"picked":"All Out Attack","floor":5},{"not_picked":["Predator","Dagger Spray"],"picked":"Flying Knee","floor":7},{"not_picked":["Slice","Cloak And Dagger"],"picked":"Accuracy","floor":11},{"not_picked":["Blade Dance","Flying Knee"],"picked":"Accuracy","floor":12},{"not_picked":["Prepared","Crippling Poison","Setup"],"picked":"SKIP","floor":13}],"player_experience":1616910,"relics_obtained":[{"floor":9,"key":"Centennial Puzzle"},{"floor":11,"key":"Odd Mushroom"},{"floor":13,"key":"Regal Pillow"}],"event_choices":[{"damage_healed":0,"gold_gain":75,"player_choice":"Gather Gold","damage_taken":11,"max_hp_gain":0,"max_hp_loss":0,"event_name":"World of Goop","floor":3,"gold_loss":0},{"cards_removed":["Defend_G"],"damage_healed":0,"gold_gain":0,"player_choice":"Forget","damage_taken":0,"max_hp_gain":0,"max_hp_loss":0,"event_name":"Living Wall","floor":10,"gold_loss":0},{"damage_healed":0,"gold_gain":0,"player_choice":"Fought Mushrooms","damage_taken":0,"max_hp_gain":0,"max_hp_loss":0,"event_name":"Mushrooms","floor":11,"gold_loss":0}],"is_beta":false,"boss_relics":[],"items_purged_floors":[],"is_endless":false,"potions_floor_spawned":[2,5],"killed_by":"Exordium Thugs","ascension_level":6}