{"gold_per_floor":[112,129,139,156,166,166,183,183,260,260],"floor_reached":10,"playtime":457,"items_purged":[],"score":74,"play_id":"26bddc99-bd87-424a-85bf-617bb1aa5063","local_time":"20190410004654","is_ascension_mode":true,"campfire_choices":[{"data":"Neutralize","floor":6,"key":"SMITH"}],"neow_cost":"NONE","seed_source_timestamp":3680880856067,"circlet_count":0,"master_deck":["Defend_G","Defend_G","Defend_G","Defend_G","Defend_G","Strike_G","Strike_G","Strike_G","Strike_G","Strike_G","Survivor","Neutralize+1","Noxious Fumes","Poisoned Stab","Predator","Deadly Poison","Bouncing Flask","Regret"],"relics":["Philosopher\u0027s Stone","Gambling Chip","Singing Bowl"],"potions_floor_usage":[5,7,10],"damage_taken":[{"damage":1,"enemies":"Jaw Worm","floor":1,"turns":4},{"damage":0,"enemies":"Small Slimes","floor":2,"turns":5},{"damage":0,"enemies":"Cultist","floor":3,"turns":4},{"damage":10,"enemies":"Exordium Wildlife","floor":4,"turns":5},{"damage":29,"enemies":"Lots of Slimes","floor":5,"turns":3},{"damage":8,"enemies":"Red Slaver","floor":7,"turns":3},{"damage":24,"enemies":"Lagavulin Event","floor":10,"turns":4}],"seed_played":"6115078931120993149","potions_obtained":[{"floor":1,"key":"LiquidBronze"},{"floor":4,"key":"GamblersBrew"},{"floor":5,"key":"Dexterity Potion"}],"is_trial":false,"path_per_floor":["M","M","M","M","M","R","M","?","T","?"],"character_chosen":"THE_SILENT","items_purchased":[],"campfire_rested":0,"item_purchase_floors":[],"current_hp_per_floor":[69,69,69,59,30,30,22,22,22,0],"gold":260,"neow_bonus":"BOSS_RELIC","is_prod":false,"is_daily":false,"chose_seed":false,"campfire_upgraded":1,"win_rate":0,"timestamp":1554875214,"path_taken":["M","M","M","M","M","R","M","?","T","?"],"build_version":"2019-01-23","purchased_purges":0,"victory":false,"max_hp_per_floor":[70,70,70,70,70,70,70,70,70,70],"card_choices":[{"not_picked":["Footwork","Backflip"],"picked":"Noxious Fumes","floor":1},{"not_picked":["Slice","Quick Slash"],"picked":"Poisoned Stab","floor":2},{"not_picked":["Underhanded Strike","Caltrops"],"picked":"Predator","floor":3},{"not_picked":["Sucker Punch","Flying Knee"],"picked":"Deadly Poison","floor":4},{"not_picked":["Slice","Flying Knee","Poisoned Stab"],"picked":"SKIP","floor":5},{"not_picked":["Tactician","Riddle With Holes"],"picked":"Bouncing Flask","floor":7}],"player_experience":229825,"relics_obtained":[{"floor":9,"key":"Singing Bowl"}],"event_choices":[{"damage_healed":0,"gold_gain":0,"player_choice":"Box","damage_taken":0,"relics_obtained":["Gambling Chip"],"max_hp_gain":0,"max_hp_loss":0,"event_name":"Big Fish","floor":8,"gold_loss":0,"cards_obtained":["Regret"]},{"damage_healed":0,"gold_gain":0,"player_choice":"Searched \u00271\u0027 times","damage_taken":0,"max_hp_gain":0,"max_hp_loss":0,"event_name":"Dead Adventurer","floor":10,"gold_loss":0}],"is_beta":false,"boss_relics":[],"items_purged_floors":[],"is_endless":false,"potions_floor_spawned":[1,4,5],"killed_by":"Lagavulin Event","ascension_level":4}