{"gold_per_floor":[119,119,139,159,173,173,202,202,284,298,298],"floor_reached":11,"playtime":379,"items_purged":[],"score":120,"play_id":"06094835-62ed-4f9d-baf3-7a982cf98663","local_time":"20190420162509","is_ascension_mode":true,"campfire_choices":[{"data":"Bash","floor":6,"key":"SMITH"},{"floor":8,"key":"REST"}],"neow_cost":"PERCENT_DAMAGE","seed_source_timestamp":675513100795900,"circlet_count":0,"master_deck":["AscendersBane","Strike_R","Strike_R","Strike_R","Strike_R","Defend_R","Defend_R","Defend_R","Defend_R","Bash+1","Flame Barrier","Carnage","Heavy Blade","Twin Strike","Inflame"],"relics":["Burning Blood","Ginger","Gambling Chip","Paper Frog"],"potions_floor_usage":[7,7,11],"damage_taken":[{"damage":9,"enemies":"Jaw Worm","floor":1,"turns":3},{"damage":1,"enemies":"Cultist","floor":3,"turns":4},{"damage":0,"enemies":"2 Louse","floor":4,"turns":3},{"damage":22,"enemies":"Red Slaver","floor":5,"turns":7},{"damage":20,"enemies":"Gremlin Nob","floor":7,"turns":5},{"damage":24,"enemies":"Lots of Slimes","floor":10,"turns":5},{"damage":35,"enemies":"3 Sentries","floor":11,"turns":4}],"seed_played":"-1080475079366323339","potions_obtained":[{"floor":1,"key":"EssenceOfSteel"},{"floor":3,"key":"Swift Potion"},{"floor":10,"key":"Swift Potion"}],"is_trial":false,"path_per_floor":["M","?","M","M","M","R","E","R","T","M","E"],"character_chosen":"IRONCLAD","items_purchased":[],"campfire_rested":1,"item_purchase_floors":[],"current_hp_per_floor":[48,48,53,59,43,43,29,53,53,35,0],"gold":298,"neow_bonus":"ONE_RARE_RELIC","is_prod":false,"is_daily":false,"chose_seed":false,"campfire_upgraded":1,"win_rate":0,"timestamp":1555770309,"path_taken":["M","?","M","M","M","R","E","R","T","M","E"],"build_version":"2019-01-23","purchased_purges":0,"victory":false,"max_hp_per_floor":[80,80,80,80,80,80,80,80,80,80,80],"card_choices":[{"not_picked":["Rage","Headbutt"],"picked":"Flame Barrier","floor":1},{"not_picked":["Rampage","Rupture"],"picked":"Carnage","floor":3},{"not_picked":["Power Through","Bloodletting"],"picked":"Heavy Blade","floor":4},{"not_picked":["Feel No Pain","Anger"],"picked":"Twin Strike","floor":5},{"not_picked":["Clothesline","Entrench"],"picked":"Inflame","floor":7},{"not_picked":["Flex","Headbutt","Thunderclap"],"picked":"SKIP","floor":10}],"player_experience":224660,"relics_obtained":[{"floor":7,"key":"Gambling Chip"},{"floor":9,"key":"Paper Frog"}],"event_choices":[{"cards_removed":["Strike_R"],"damage_healed":0,"gold_gain":0,"player_choice":"Offered Basic","damage_taken":0,"max_hp_gain":0,"max_hp_loss":0,"event_name":"Bonfire Elementals","floor":2,"gold_loss":0}],"is_beta":false,"boss_relics":[],"items_purged_floors":[],"is_endless":false,"potions_floor_spawned":[1,3,5,10],"killed_by":"3 Sentries","ascension_level":12}