{"gold_per_floor":[109,123,123,139,16,59,82,82,82,182,196,227,227,245,245,375,375,375,375,375,375,151,151,151,151,151,51,51,51,51,51,51,51],"floor_reached":33,"playtime":10462,"items_purged":["Strike_G","Shame"],"score":300,"play_id":"cfee9ba5-d9f7-4a42-af9f-24ad6f0ecfee","local_time":"20190419111348","is_ascension_mode":false,"campfire_choices":[{"data":"Glass Knife","floor":8.0,"key":"SMITH"},{"data":"Neutralize","floor":13.0,"key":"SMITH"},{"data":"Wraith Form v2","floor":15.0,"key":"SMITH"},{"data":"Skewer","floor":23,"key":"SMITH"},{"data":"Malaise","floor":32,"key":"SMITH"}],"neow_cost":"CURSE","seed_source_timestamp":309190087439800,"circlet_count":0,"master_deck":["Defend_G+1","Defend_G+1","Defend_G+1","Defend_G+1","Defend_G+1","Strike_G+1","Strike_G+1","Strike_G+1","Strike_G+1","Survivor","Neutralize+1","Wraith Form v2+1","Dodge and Roll","Flying Knee","Deflect","Skewer+1","Glass Knife+1","Poisoned Stab","Escape Plan","Escape Plan","Bullet Time","Endless Agony","Caltrops","Malaise+1","Wraith Form v2","PiercingWail","Footwork"],"special_seed":0,"relics":["Ring of the Snake","Bloody Idol","Gremlin Horn","Meat on the Bone","Du-Vu Doll","Ectoplasm","Red Mask","Ornamental Fan","Mummified Hand"],"potions_floor_usage":[16,25,30,33],"damage_taken":[{"damage":2.0,"enemies":"Jaw Worm","floor":1.0,"turns":5.0},{"damage":0.0,"enemies":"2 Louse","floor":2.0,"turns":4.0},{"damage":0.0,"enemies":"Cultist","floor":4.0,"turns":4.0},{"damage":11.0,"enemies":"3 Sentries","floor":6.0,"turns":10.0},{"damage":2.0,"enemies":"Blue Slaver","floor":7.0,"turns":3.0},{"damage":0.0,"enemies":"2 Fungi Beasts","floor":11.0,"turns":3.0},{"damage":17.0,"enemies":"Lagavulin","floor":12.0,"turns":6.0},{"damage":3.0,"enemies":"Looter","floor":14.0,"turns":3.0},{"damage":7,"enemies":"Slime Boss","floor":16,"turns":13},{"damage":0,"enemies":"Spheric Guardian","floor":18,"turns":4},{"damage":0,"enemies":"Masked Bandits","floor":20,"turns":3},{"damage":0,"enemies":"Slavers","floor":25,"turns":6},{"damage":0,"enemies":"3 Byrds","floor":28,"turns":4},{"damage":1,"enemies":"Centurion and Healer","floor":30,"turns":10},{"damage":0,"enemies":"Chosen and Byrds","floor":31,"turns":5},{"damage":70,"enemies":"Automaton","floor":33,"turns":14}],"seed_played":"5141802434963137513","potions_obtained":[{"floor":11.0,"key":"PowerPotion"},{"floor":12.0,"key":"Block Potion"},{"floor":14.0,"key":"GhostInAJar"},{"floor":16,"key":"GamblersBrew"},{"floor":25,"key":"GamblersBrew"},{"floor":30,"key":"Strength Potion"}],"is_trial":false,"path_per_floor":["M","M","?","M","$","E","M","R","T","?","M","E","R","M","R","B",null,"M","?","?","T","$","R","?","E","T","$","M","$","M","M","R","B"],"character_chosen":"THE_SILENT","items_purchased":["Skewer","Fire Potion","Malaise"],"campfire_rested":0,"item_purchase_floors":[5,5,22],"current_hp_per_floor":[68,68,51,51,51,40,38,38,38,38,38,33,33,42,42,47,70,70,70,70,70,70,70,70,70,70,70,70,70,69,69,69,0],"gold":51,"neow_bonus":"THREE_RARE_CARDS","is_prod":false,"is_daily":false,"chose_seed":false,"campfire_upgraded":5,"win_rate":0,"timestamp":1555636428,"path_taken":["M","M","?","M","$","E","M","R","T","?","M","E","R","M","R","BOSS","M","?","?","?","$","R","?","E","T","?","M","$","?","M","R","BOSS"],"build_version":"2019-01-23","purchased_purges":2,"victory":false,"max_hp_per_floor":[70,70,70,70,70,70,70,70,70,70,70,70,70,70,70,70,70,70,70,70,70,70,70,70,70,70,70,70,70,70,70,70,70],"card_choices":[{"not_picked":["Venomology","Phantasmal Killer"],"picked":"Wraith Form v2","floor":0.0},{"not_picked":["Bane","Acrobatics"],"picked":"Dodge and Roll","floor":1.0},{"not_picked":["Acrobatics","Deadly Poison"],"picked":"Flying Knee","floor":2.0},{"not_picked":["Finisher","Riddle With Holes"],"picked":"Deflect","floor":4.0},{"not_picked":["Acrobatics","Expertise"],"picked":"Glass Knife","floor":6.0},{"not_picked":["Blade Dance","Quick Slash"],"picked":"Poisoned Stab","floor":7.0},{"not_picked":["Masterful Stab","Calculated Gamble","Choke"],"picked":"SKIP","floor":11.0},{"not_picked":["Blade Dance","Deadly Poison"],"picked":"Escape Plan","floor":12.0},{"not_picked":["Dagger Throw","Concentrate"],"picked":"Escape Plan","floor":14.0},{"not_picked":["Unload","Doppelganger"],"picked":"Bullet Time","floor":16},{"not_picked":["Terror","Predator+1"],"picked":"Endless Agony","floor":18},{"not_picked":["Bane","Finisher"],"picked":"Caltrops","floor":20},{"not_picked":["Masterful Stab","Distraction"],"picked":"Wraith Form v2","floor":25},{"not_picked":["Cloak And Dagger","Terror"],"picked":"PiercingWail","floor":28},{"not_picked":["All Out Attack","Acrobatics"],"picked":"Footwork","floor":30},{"not_picked":["Dagger Throw","Prepared","Terror"],"picked":"SKIP","floor":31}],"player_experience":684263,"relics_obtained":[{"floor":6.0,"key":"Gremlin Horn"},{"floor":9.0,"key":"Meat on the Bone"},{"floor":12.0,"key":"Du-Vu Doll"},{"floor":20,"key":"Red Mask"},{"floor":21,"key":"Ornamental Fan"},{"floor":25,"key":"Mummified Hand"}],"event_choices":[{"damage_healed":0.0,"max_hp_gain":0.0,"max_hp_loss":0.0,"gold_gain":0.0,"event_name":"Golden Idol","player_choice":"Take Damage","floor":3.0,"gold_loss":0.0,"damage_taken":17.0,"relics_obtained":["Golden Idol"]},{"damage_healed":0.0,"max_hp_gain":0.0,"max_hp_loss":0.0,"gold_gain":100.0,"event_name":"Golden Shrine","player_choice":"Pray","floor":10.0,"gold_loss":0.0,"damage_taken":0.0},{"damage_healed":0,"gold_gain":0,"player_choice":"Gave Idol","damage_taken":0,"relics_obtained":["Bloody Idol"],"max_hp_gain":0,"max_hp_loss":0,"event_name":"Forgotten Altar","floor":19,"relics_lost":["Golden Idol"],"gold_loss":0},{"damage_healed":0,"gold_gain":0,"player_choice":"Fought Bandits","damage_taken":0,"max_hp_gain":0,"max_hp_loss":0,"event_name":"Masked Bandits","floor":20,"gold_loss":0},{"damage_healed":0,"gold_gain":0,"player_choice":"Simplicity","damage_taken":0,"max_hp_gain":0,"max_hp_loss":0,"event_name":"Back to Basics","floor":24,"gold_loss":0,"cards_upgraded":["Defend_G","Defend_G","Defend_G","Defend_G","Defend_G","Strike_G","Strike_G","Strike_G","Strike_G"]}],"is_beta":false,"boss_relics":[{"not_picked":["Orrery","Velvet Choker"],"picked":"Ectoplasm"}],"items_purged_floors":[22,27],"is_endless":false,"potions_floor_spawned":[11,12,14,16,25,30],"killed_by":"Automaton","ascension_level":0}