{"gold_per_floor":[115,17,33,133,144,144,179,197,197,197,226,226,256,256],"floor_reached":14,"playtime":964,"items_purged":["Strike_R"],"score":162,"play_id":"cfbfc9bc-4c96-4f49-97d0-6762b1937aba","local_time":"20190416002733","is_ascension_mode":true,"campfire_choices":[{"data":"True Grit","floor":6,"key":"SMITH"},{"floor":10,"key":"REST"},{"data":"Bash","floor":12,"key":"SMITH"}],"neow_cost":"PERCENT_DAMAGE","seed_source_timestamp":21275975937100,"circlet_count":0,"master_deck":["Strike_R","Strike_R","Strike_R","Strike_R","Defend_R","Defend_R","Defend_R","Defend_R","Bash+1","Inflame","True Grit+1","Inflame","Rampage","Shrug It Off","Armaments","Limit Break","Spot Weakness"],"relics":["Burning Blood","The Courier","Odd Mushroom","Girya"],"potions_floor_usage":[5,11,13],"damage_taken":[{"damage":8,"enemies":"Jaw Worm","floor":1,"turns":5},{"damage":0,"enemies":"Cultist","floor":3,"turns":5},{"damage":5,"enemies":"Small Slimes","floor":5,"turns":4},{"damage":45,"enemies":"3 Sentries","floor":7,"turns":9},{"damage":18,"enemies":"Exordium Thugs","floor":8,"turns":10},{"damage":20,"enemies":"The Mushroom Lair","floor":11,"turns":6},{"damage":11,"enemies":"Lagavulin","floor":13,"turns":5},{"damage":40,"enemies":"Gremlin Gang","floor":14,"turns":3}],"seed_played":"873747755854090208","potions_obtained":[{"floor":5,"key":"Fruit Juice"},{"floor":7,"key":"Fire Potion"},{"floor":8,"key":"GamblersBrew"}],"is_trial":false,"path_per_floor":["M","$","M","?","M","R","E","M","T","R","?","R","E","M"],"character_chosen":"IRONCLAD","items_purchased":["True Grit"],"campfire_rested":1,"item_purchase_floors":[2],"current_hp_per_floor":[65,65,71,71,77,77,38,26,26,56,42,42,37,0],"gold":256,"neow_bonus":"TWENTY_PERCENT_HP_BONUS","is_prod":false,"is_daily":false,"chose_seed":false,"campfire_upgraded":2,"win_rate":0,"timestamp":1555338453,"path_taken":["M","$","M","?","?","R","E","M","T","R","?","R","E","M"],"build_version":"2019-01-23","purchased_purges":1,"victory":false,"max_hp_per_floor":[96,96,96,96,101,101,101,101,101,101,101,101,101,101],"card_choices":[{"not_picked":["Anger","Sword Boomerang"],"picked":"Inflame","floor":1},{"not_picked":["Anger","Shrug It Off"],"picked":"Inflame","floor":3},{"not_picked":["Wild Strike","Thunderclap"],"picked":"Rampage","floor":5},{"not_picked":["Sword Boomerang","Havoc"],"picked":"Shrug It Off","floor":7},{"not_picked":["Thunderclap","Reckless Charge"],"picked":"Armaments","floor":8},{"not_picked":["Anger","Perfected Strike"],"picked":"Limit Break","floor":11},{"not_picked":["Pommel Strike","True Grit"],"picked":"Spot Weakness","floor":13}],"player_experience":621335,"relics_obtained":[{"floor":7,"key":"The Courier"},{"floor":11,"key":"Odd Mushroom"},{"floor":13,"key":"Girya"}],"event_choices":[{"damage_healed":0,"gold_gain":100,"player_choice":"Pray","damage_taken":0,"max_hp_gain":0,"max_hp_loss":0,"event_name":"Golden Shrine","floor":4,"gold_loss":0},{"damage_healed":0,"gold_gain":0,"player_choice":"Fought Mushrooms","damage_taken":0,"max_hp_gain":0,"max_hp_loss":0,"event_name":"Mushrooms","floor":11,"gold_loss":0}],"is_beta":false,"boss_relics":[],"items_purged_floors":[2],"is_endless":false,"potions_floor_spawned":[5,7,8],"killed_by":"Gremlin Gang","ascension_level":8}