{"gold_per_floor":[213,213,225,245,12,12,43,43,43,55,66,66,66,81,81,181,181,195,195,195,44,44,79,50,50,77,87,87,105,21,41,41,146,146,165,28,28,41,61,61,95,106,106,106],"floor_reached":44,"playtime":3759,"items_purged":["Defend_G","Injury","Injury"],"score":483,"play_id":"6b48458c-f596-4b26-842e-d38b2ef74078","local_time":"20190218220916","is_ascension_mode":true,"campfire_choices":[{"data":"Blade Dance","floor":6,"key":"SMITH"},{"data":"Accuracy","floor":8,"key":"SMITH"},{"data":"Infinite Blades","floor":13,"key":"SMITH"},{"floor":15,"key":"REST"},{"floor":28,"key":"REST"},{"data":"Well Laid Plans","floor":32,"key":"SMITH"},{"floor":40,"key":"RECALL"}],"neow_cost":"NONE","seed_source_timestamp":842741607163474,"circlet_count":0,"master_deck":["Defend_G","Defend_G","Defend_G","Strike_G","Strike_G","Strike_G","Strike_G","Strike_G","Survivor","Neutralize","Accuracy+1","Blade Dance+1","Endless Agony","Infinite Blades+1","Flying Knee","Storm of Steel","Dodge and Roll+1","Dodge and Roll+1","Apotheosis+1","Outmaneuver+1","Prepared+1","Well Laid Plans+1","Blur+1","Malaise+1","Blade Dance+1","Accuracy","Quick Slash","Acrobatics+1"],"relics":["Ring of the Snake","Membership Card","Kunai","Bag of Marbles","Calling Bell","Regal Pillow","Toxic Egg 2","Thread and Needle","WingedGreaves","Bottled Flame","Anchor","Eternal Feather","Juzu Bracelet","Strawberry"],"potions_floor_usage":[11,23,23,29,29,33,41,41],"damage_taken":[{"damage":0,"enemies":"Cultist","floor":1,"turns":4},{"damage":0,"enemies":"2 Louse","floor":3,"turns":3},{"damage":0,"enemies":"Jaw Worm","floor":4,"turns":3},{"damage":23,"enemies":"3 Sentries","floor":7,"turns":8},{"damage":4,"enemies":"2 Fungi Beasts","floor":10,"turns":2},{"damage":4,"enemies":"Blue Slaver","floor":11,"turns":2},{"damage":0,"enemies":"Looter","floor":14,"turns":3},{"damage":29,"enemies":"The Guardian","floor":16,"turns":15},{"damage":0,"enemies":"Chosen","floor":18,"turns":7},{"damage":24,"enemies":"Book of Stabbing","floor":23,"turns":5},{"damage":2,"enemies":"2 Thieves","floor":24,"turns":5},{"damage":18,"enemies":"Sentry and Sphere","floor":27,"turns":5},{"damage":5,"enemies":"3 Cultists","floor":29,"turns":5},{"damage":0,"enemies":"Chosen and Byrds","floor":31,"turns":7},{"damage":19,"enemies":"Champ","floor":33,"turns":13},{"damage":12,"enemies":"3 Darklings","floor":35,"turns":10},{"damage":8,"enemies":"Orb Walker","floor":38,"turns":3},{"damage":11,"enemies":"Writhing Mass","floor":39,"turns":8},{"damage":3,"enemies":"Giant Head","floor":41,"turns":7},{"damage":0,"enemies":"Sphere and 2 Shapes","floor":42,"turns":5},{"damage":65,"enemies":"2 Orb Walkers","floor":44,"turns":4}],"seed_played":"7817425473438770833","potions_obtained":[{"floor":1,"key":"FearPotion"},{"floor":4,"key":"Strength Potion"},{"floor":7,"key":"Explosive Potion"},{"floor":11,"key":"Weak Potion"},{"floor":14,"key":"Strength Potion"},{"floor":27,"key":"Regen Potion"},{"floor":31,"key":"LiquidBronze"},{"floor":33,"key":"Explosive Potion"},{"floor":35,"key":"GhostInAJar"},{"floor":39,"key":"SteroidPotion"}],"is_trial":false,"path_per_floor":["M","?","M","M","$","R","E","R","T","M","M","?","R","M","R","B",null,"M","?","?","$","?","E","M","T","T","M","R","M","$","M","R","B",null,"M","$","?","M","M","R","E","M","T","?"],"character_chosen":"THE_SILENT","items_purchased":["Infinite Blades","Membership Card","Dodge and Roll+1","Apotheosis+1","Well Laid Plans","Blade Dance+1","Accuracy","Quick Slash"],"campfire_rested":2,"item_purchase_floors":[5,5,21,21,30,36,36,36],"current_hp_per_floor":[70,70,70,70,70,70,47,47,47,43,39,39,39,39,60,31,70,70,57,57,57,57,33,31,31,31,13,50,59,59,59,59,40,75,63,63,63,55,44,59,56,56,63,0],"gold":106,"neow_bonus":"HUNDRED_GOLD","is_prod":false,"is_daily":false,"chose_seed":false,"campfire_upgraded":4,"win_rate":0,"timestamp":1550545756,"path_taken":["M","?","M","?","?","R","E","R","T","M","M","?","R","M","R","BOSS","M","?","?","$","?","E","M","?","T","M","R","M","$","M","R","BOSS","M","$","?","M","M","R","E","M","T","?"],"build_version":"2019-01-23","purchased_purges":3,"victory":false,"max_hp_per_floor":[70,70,70,70,70,70,70,70,70,70,70,70,70,70,70,70,70,70,75,75,75,75,75,75,75,75,75,75,75,75,75,75,75,75,75,75,75,75,75,75,75,75,82,82],"card_choices":[{"not_picked":["Bouncing Flask","Caltrops"],"picked":"Accuracy","floor":1},{"not_picked":["Backflip","Dagger Spray"],"picked":"Blade Dance","floor":3},{"not_picked":["Riddle With Holes","Tactician"],"picked":"Endless Agony","floor":4},{"not_picked":["Poisoned Stab","Night Terror"],"picked":"Flying Knee","floor":7},{"not_picked":["Bane","Outmaneuver","Sucker Punch"],"picked":"SKIP","floor":10},{"not_picked":["Dagger Throw","Catalyst","Underhanded Strike"],"picked":"SKIP","floor":11},{"not_picked":["Reflex","Heel Hook","Poisoned Stab"],"picked":"SKIP","floor":14},{"not_picked":["Grand Finale","Doppelganger"],"picked":"Storm of Steel","floor":16},{"not_picked":["Accuracy","Acrobatics+1"],"picked":"Dodge and Roll+1","floor":18},{"not_picked":["Dash","Dagger Throw","Finisher+1"],"picked":"SKIP","floor":23},{"not_picked":["Crippling Poison+1","Reflex+1","All Out Attack"],"picked":"SKIP","floor":24},{"not_picked":["Underhanded Strike","Bane","Bouncing Flask+1"],"picked":"SKIP","floor":27},{"not_picked":["Skewer","Tactician+1"],"picked":"Prepared+1","floor":29},{"not_picked":["Dodge and Roll+1","Poisoned Stab"],"picked":"Blur+1","floor":31},{"not_picked":["Envenom","Corpse Explosion+1"],"picked":"Malaise+1","floor":33},{"not_picked":["Tactician+1","Slice+1","Underhanded Strike"],"picked":"SKIP","floor":35},{"not_picked":["Underhanded Strike+1","Flying Knee","All Out Attack"],"picked":"SKIP","floor":38},{"not_picked":["Underhanded Strike+1","Flying Knee","All Out Attack"],"picked":"SKIP","floor":38},{"not_picked":["Dodge and Roll+1","Backflip+1"],"picked":"Acrobatics+1","floor":39},{"not_picked":["Riddle With Holes","Tactician+1","Quick Slash+1"],"picked":"SKIP","floor":41},{"not_picked":["Distraction+1","Flying Knee+1","Bullet Time+1"],"picked":"SKIP","floor":42}],"player_experience":812535,"relics_obtained":[{"floor":7,"key":"Kunai"},{"floor":9,"key":"Bag of Marbles"},{"floor":17,"key":"Regal Pillow"},{"floor":17,"key":"Toxic Egg 2"},{"floor":17,"key":"Thread and Needle"},{"floor":23,"key":"WingedGreaves"},{"floor":25,"key":"Bottled Flame"},{"floor":26,"key":"Anchor"},{"floor":41,"key":"Juzu Bracelet"},{"floor":43,"key":"Strawberry"}],"event_choices":[{"damage_healed":0,"gold_gain":0,"player_choice":"Ignored","damage_taken":0,"max_hp_gain":0,"max_hp_loss":0,"event_name":"NoteForYourself","floor":2,"gold_loss":0},{"damage_healed":0,"gold_gain":0,"player_choice":"Ignored","damage_taken":0,"max_hp_gain":0,"max_hp_loss":0,"event_name":"Liars Game","floor":12,"gold_loss":0},{"damage_healed":0,"gold_gain":0,"player_choice":"Shed Blood","damage_taken":18,"max_hp_gain":5,"max_hp_loss":0,"event_name":"Forgotten Altar","floor":19,"gold_loss":0},{"damage_healed":0,"gold_gain":0,"player_choice":"Ignored","damage_taken":0,"max_hp_gain":0,"max_hp_loss":0,"event_name":"Ghosts","floor":20,"gold_loss":0},{"damage_healed":0,"gold_gain":0,"cards_transformed":["Defend_G","Regret"],"player_choice":"Became Test Subject","damage_taken":0,"max_hp_gain":0,"max_hp_loss":0,"event_name":"Drug Dealer","floor":22,"gold_loss":0,"cards_obtained":["Outmaneuver","Injury"]},{"cards_removed":["Clumsy"],"damage_healed":0,"gold_gain":0,"player_choice":"Removed Curses","damage_taken":0,"max_hp_gain":0,"max_hp_loss":0,"event_name":"Fountain of Cleansing","floor":37,"gold_loss":0},{"damage_healed":0,"gold_gain":0,"player_choice":"Fight","damage_taken":0,"max_hp_gain":0,"max_hp_loss":0,"event_name":"Mysterious Sphere","floor":44,"gold_loss":0}],"is_beta":false,"boss_relics":[{"not_picked":["Coffee Dripper","Fusion Hammer"],"picked":"Calling Bell"},{"not_picked":["Tiny House","Philosopher\u0027s Stone"],"picked":"Eternal Feather"}],"items_purged_floors":[21,30,36],"is_endless":false,"potions_floor_spawned":[1,4,7,11,14,27,31,33,35,39],"killed_by":"2 Orb Walkers","ascension_level":1}