{"gold_per_floor":[112,287,124,142,142,142,174,174,174,184,184,201,219,233,233,335,335,351,351,364,324,107,133,133,149,175,90,102,125,155,167,179,191],"floor_reached":33,"playtime":1629,"items_purged":["Doubt","Strike_R"],"score":453,"play_id":"2187b788-998e-433e-b2cb-0be39646f73f","local_time":"20190127010815","is_ascension_mode":true,"campfire_choices":[{"data":"Flame Barrier","floor":6,"key":"SMITH"},{"data":"Bash","floor":11,"key":"SMITH"},{"data":"Body Slam","floor":15,"key":"SMITH"},{"floor":24,"key":"REST"},{"data":"Body Slam","floor":28,"key":"SMITH"},{"floor":32,"key":"REST"}],"neow_cost":"NONE","seed_source_timestamp":42368321124158,"circlet_count":0,"master_deck":["AscendersBane","Strike_R","Strike_R+1","Strike_R","Defend_R","Defend_R","Defend_R+1","Defend_R","Bash+1","Shrug It Off","Flame Barrier+1","Cleave","Whirlwind+1","Body Slam+1","Pommel Strike","Flex","Body Slam+1","Barricade+1","Uppercut","Burning Pact+1"],"relics":["Burning Blood","NeowsBlessing","Art of War","Frozen Egg 2","Busted Crown","Mercury Hourglass","Centennial Puzzle","MawBank","Enchiridion"],"potions_floor_usage":[12,16,16,23,23],"damage_taken":[{"damage":0,"enemies":"Jaw Worm","floor":1,"turns":1},{"damage":0,"enemies":"2 Louse","floor":4,"turns":1},{"damage":0,"enemies":"Lagavulin","floor":7,"turns":1},{"damage":7,"enemies":"Small Slimes","floor":10,"turns":3},{"damage":1,"enemies":"Gremlin Gang","floor":12,"turns":3},{"damage":6,"enemies":"3 Louse","floor":13,"turns":3},{"damage":12,"enemies":"Looter","floor":14,"turns":4},{"damage":41,"enemies":"The Guardian","floor":16,"turns":13},{"damage":28,"enemies":"2 Thieves","floor":18,"turns":4},{"damage":10,"enemies":"Spheric Guardian","floor":20,"turns":5},{"damage":33,"enemies":"Book of Stabbing","floor":23,"turns":6},{"damage":6,"enemies":"Snake Plant","floor":25,"turns":4},{"damage":2,"enemies":"Centurion and Healer","floor":29,"turns":4},{"damage":18,"enemies":"Snecko","floor":30,"turns":5},{"damage":48,"enemies":"Champ","floor":33,"turns":9}],"seed_played":"-6975602518105089175","potions_obtained":[{"floor":4,"key":"AttackPotion"},{"floor":12,"key":"AttackPotion"},{"floor":14,"key":"Swift Potion"},{"floor":18,"key":"Dexterity Potion"},{"floor":29,"key":"Explosive Potion"}],"is_trial":false,"path_per_floor":["M","?","$","M","?","R","E","?","T","M","R","M","M","M","R","B",null,"M","?","M","?","$","E","R","M","T","?","R","M","M","?","R","B"],"character_chosen":"IRONCLAD","items_purchased":["Flame Barrier","Cleave","Uppercut","PowerPotion"],"campfire_rested":2,"item_purchase_floors":[3,3,22,22],"current_hp_per_floor":[78,78,78,80,80,80,80,80,80,79,79,80,80,74,74,39,70,48,48,44,44,44,17,41,41,41,41,41,45,33,17,41,0],"gold":191,"neow_bonus":"THREE_ENEMY_KILL","is_prod":false,"is_daily":false,"chose_seed":false,"campfire_upgraded":4,"win_rate":0,"timestamp":1548569295,"path_taken":["M","?","$","M","?","R","E","?","T","M","R","M","?","M","R","BOSS","M","?","M","?","$","E","R","?","T","?","R","M","M","?","R","BOSS"],"build_version":"2019-01-23","purchased_purges":2,"victory":false,"max_hp_per_floor":[80,80,80,80,80,80,80,80,80,80,80,80,80,80,80,80,80,80,80,80,80,80,80,80,80,80,80,80,80,80,80,80,80],"card_choices":[{"not_picked":["Perfected Strike","Thunderclap"],"picked":"Shrug It Off","floor":1},{"not_picked":["Battle Trance","Havoc"],"picked":"Whirlwind","floor":4},{"not_picked":["Pommel Strike","Warcry"],"picked":"Body Slam","floor":7},{"not_picked":["Armaments","Wild Strike"],"picked":"Pommel Strike","floor":10},{"not_picked":["Feel No Pain+1","Anger","Havoc"],"picked":"SKIP","floor":12},{"not_picked":["Clothesline","Berserk+1"],"picked":"Flex","floor":13},{"not_picked":["Wild Strike","Battle Trance"],"picked":"Body Slam","floor":14},{"not_picked":["Bludgeon","Brutality+1"],"picked":"Barricade+1","floor":16},{"not_picked":["Battle Trance+1"],"picked":"SKIP","floor":18},{"not_picked":["Reckless Charge+1"],"picked":"SKIP","floor":20},{"not_picked":["Anger+1"],"picked":"SKIP","floor":23},{"not_picked":["Pummel"],"picked":"SKIP","floor":25},{"not_picked":["Warcry+1"],"picked":"SKIP","floor":29},{"not_picked":[],"picked":"Burning Pact+1","floor":30}],"player_experience":723828,"relics_obtained":[{"floor":7,"key":"Art of War"},{"floor":9,"key":"Frozen Egg 2"},{"floor":23,"key":"Mercury Hourglass"},{"floor":26,"key":"Centennial Puzzle"},{"floor":31,"key":"Enchiridion"}],"event_choices":[{"damage_healed":0,"gold_gain":175,"player_choice":"AGREE","damage_taken":0,"max_hp_gain":0,"max_hp_loss":0,"event_name":"Liars Game","floor":2,"gold_loss":0,"cards_obtained":["Doubt"]},{"damage_healed":0,"gold_gain":0,"player_choice":"Grow","damage_taken":0,"max_hp_gain":0,"max_hp_loss":0,"event_name":"Living Wall","floor":5,"gold_loss":0,"cards_upgraded":["Whirlwind"]},{"cards_removed":["Strike_R"],"damage_healed":0,"gold_gain":0,"player_choice":"Purged","damage_taken":0,"max_hp_gain":0,"max_hp_loss":0,"event_name":"Purifier","floor":8,"gold_loss":0},{"damage_healed":0,"gold_gain":0,"player_choice":"Ignored","damage_taken":0,"max_hp_gain":0,"max_hp_loss":0,"event_name":"The Mausoleum","floor":19,"gold_loss":0},{"damage_healed":0,"gold_gain":0,"player_choice":"Upgraded Two","damage_taken":0,"max_hp_gain":0,"max_hp_loss":0,"event_name":"Designer","floor":21,"gold_loss":40,"cards_upgraded":["Strike_R","Defend_R"]},{"damage_healed":0,"gold_gain":0,"player_choice":"Obtained Relic","damage_taken":0,"relics_obtained":["MawBank"],"max_hp_gain":0,"max_hp_loss":0,"event_name":"Addict","floor":27,"gold_loss":85},{"damage_healed":0,"gold_gain":0,"player_choice":"Obtained Book","damage_taken":16,"max_hp_gain":0,"max_hp_loss":0,"event_name":"Cursed Tome","floor":31,"gold_loss":0}],"is_beta":false,"boss_relics":[{"not_picked":["Black Blood","Empty Cage"],"picked":"Busted Crown"}],"items_purged_floors":[3,22],"is_endless":false,"potions_floor_spawned":[4,12,14,18,29],"killed_by":"Champ","ascension_level":11}