{"gold_per_floor":[115,115,115,115,128,156,156,99,99,99,110,126,138,35,35,109,109,129,142,142,142,212,212,49,49,123,136,156,166,126,138,138,215,215,229,229,229,229,229,229,229],"floor_reached":41,"playtime":1057,"items_purged":["Strike_B"],"score":778,"play_id":"200c6c5f-1641-466b-9e5b-f75a0d57165c","local_time":"20190323003815","is_ascension_mode":true,"campfire_choices":[{"floor":7.0,"key":"REST"},{"floor":10.0,"key":"RECALL"},{"data":"Streamline","floor":15.0,"key":"SMITH"},{"data":"Defragment","floor":23.0,"key":"SMITH"},{"data":"Go for the Eyes","floor":25.0,"key":"SMITH"},{"data":"Capacitor","floor":32,"key":"SMITH"},{"floor":40,"key":"REST"}],"neow_cost":"NONE","seed_source_timestamp":7899601542134005,"circlet_count":0,"master_deck":["AscendersBane","Defend_B","Defend_B","Defend_B","Defend_B","Zap+1","Dualcast","Leap","Cold Snap","FTL","Ball Lightning","Streamline+1","Ball Lightning","Core Surge","Double Energy+1","BootSequence+1","Darkness+1","Cold Snap","Go for the Eyes+1","Defragment+1","FTL","Ball Lightning","Capacitor+1","Conserve Battery","Echo Form","Cold Snap+1","Bandage Up","Madness","Madness"],"special_seed":0,"relics":["Cracked Core","Boot","Bird Faced Urn","Gremlin Horn","Mercury Hourglass","Astrolabe","Mummified Hand","Oddly Smooth Stone","Pantograph","Inserter"],"potions_floor_usage":[33,41],"damage_taken":[{"damage":0.0,"enemies":"Small Slimes","floor":1.0,"turns":2.0},{"damage":0.0,"enemies":"2 Louse","floor":5.0,"turns":3.0},{"damage":46.0,"enemies":"Lagavulin","floor":6.0,"turns":8.0},{"damage":7.0,"enemies":"Jaw Worm","floor":11.0,"turns":3.0},{"damage":4.0,"enemies":"2 Fungi Beasts","floor":12.0,"turns":3.0},{"damage":6.0,"enemies":"Gremlin Gang","floor":13.0,"turns":2.0},{"damage":10.0,"enemies":"Hexaghost","floor":16.0,"turns":9.0},{"damage":9.0,"enemies":"Chosen","floor":18.0,"turns":4.0},{"damage":9.0,"enemies":"2 Thieves","floor":19.0,"turns":3.0},{"damage":2,"enemies":"Snecko","floor":27,"turns":5},{"damage":0,"enemies":"Chosen and Byrds","floor":28,"turns":5},{"damage":22,"enemies":"Cultist and Chosen","floor":29,"turns":6},{"damage":5,"enemies":"Snecko","floor":31,"turns":4},{"damage":38,"enemies":"Automaton","floor":33,"turns":8},{"damage":7,"enemies":"Orb Walker","floor":35,"turns":4},{"damage":77,"enemies":"Reptomancer","floor":41,"turns":6}],"seed_played":"-6144525917468228061","potions_obtained":[{"floor":1.0,"key":"SkillPotion"},{"floor":11.0,"key":"EssenceOfSteel"},{"floor":12.0,"key":"SneckoOil"},{"floor":16.0,"key":"Dexterity Potion"},{"floor":27,"key":"Strength Potion"},{"floor":33,"key":"Explosive Potion"}],"is_trial":false,"path_per_floor":["M","?","?","?","M","E","R","?","T","R","M","M","M","$","R","B",null,"M","M","?","?","T","R","$","R","T","M","M","M","$","M","R","B",null,"M","?","$","?","$","R","E"],"character_chosen":"DEFECT","items_purchased":["Ball Lightning","Oddly Smooth Stone","Capacitor"],"campfire_rested":2,"item_purchase_floors":[14,24,30],"current_hp_per_floor":[64,64,59,64,64,18,40,40,40,40,33,29,23,23,23,13,60,51,42,42,42,42,42,42,42,42,42,44,24,24,21,21,12,60,53,53,53,39,39,61,0],"gold":229,"neow_bonus":"UPGRADE_CARD","is_prod":false,"is_daily":false,"chose_seed":false,"campfire_upgraded":4,"win_rate":0,"timestamp":1553315895,"path_taken":["M","?","?","?","M","E","R","?","T","R","M","M","M","$","R","BOSS","M","?","?","?","?","R","$","R","T","M","M","M","?","M","R","BOSS","M","?","$","?","$","R","E"],"build_version":"2019-01-23","purchased_purges":1,"victory":false,"max_hp_per_floor":[71,71,71,76,76,76,76,76,76,76,76,76,76,76,76,76,76,76,76,76,76,76,76,76,76,76,76,76,76,76,76,76,76,76,76,76,76,76,76,76,76],"card_choices":[{"not_picked":["Tempest","Compile Driver","Turbo"],"picked":"SKIP","floor":1.0},{"not_picked":["Force Field","Coolheaded"],"picked":"Leap","floor":5.0},{"not_picked":["Stack","Fusion"],"picked":"Cold Snap","floor":6.0},{"not_picked":["Auto Shields","Melter"],"picked":"FTL","floor":11.0},{"not_picked":["Darkness","Gash"],"picked":"Ball Lightning","floor":12.0},{"not_picked":["Rainbow","Storm"],"picked":"Streamline","floor":13.0},{"not_picked":["Hyperbeam","Thunder Strike"],"picked":"Core Surge","floor":16.0},{"not_picked":["Turbo+1","Recycle"],"picked":"Cold Snap","floor":18.0},{"not_picked":["Steam","Heatsinks"],"picked":"Go for the Eyes","floor":19.0},{"not_picked":["Redo","Gash+1"],"picked":"FTL","floor":27},{"not_picked":["Streamline","Lockon"],"picked":"Ball Lightning","floor":28},{"not_picked":["Chaos","Gash","Rebound"],"picked":"SKIP","floor":29},{"not_picked":["Static Discharge","Double Energy"],"picked":"Conserve Battery","floor":31},{"not_picked":["Multi-Cast","Core Surge"],"picked":"Echo Form","floor":33},{"not_picked":["Recycle+1","Sweeping Beam"],"picked":"Cold Snap+1","floor":35},{"not_picked":["Violence","Enlightenment"],"picked":"Bandage Up","floor":36}],"player_experience":597907,"relics_obtained":[{"floor":6.0,"key":"Bird Faced Urn"},{"floor":9.0,"key":"Mercury Hourglass"},{"floor":22.0,"key":"Mummified Hand"},{"floor":26.0,"key":"Pantograph"}],"event_choices":[{"damage_healed":0.0,"max_hp_gain":0.0,"max_hp_loss":0.0,"gold_gain":0.0,"event_name":"Golden Idol","player_choice":"Ignored","floor":2.0,"gold_loss":0.0,"damage_taken":0.0},{"damage_healed":0.0,"max_hp_gain":0.0,"max_hp_loss":0.0,"gold_gain":0.0,"event_name":"Scrap Ooze","player_choice":"Success","floor":3.0,"gold_loss":0.0,"damage_taken":5.0,"relics_obtained":["Boot"]},{"damage_healed":0.0,"max_hp_gain":5.0,"max_hp_loss":0.0,"gold_gain":0.0,"event_name":"Big Fish","player_choice":"Donut","floor":4.0,"gold_loss":0.0,"damage_taken":0.0},{"damage_healed":0.0,"max_hp_gain":0.0,"max_hp_loss":0.0,"gold_gain":0.0,"event_name":"WeMeetAgain","player_choice":"Paid Gold","floor":8.0,"gold_loss":57.0,"damage_taken":0.0,"relics_obtained":["Gremlin Horn"]},{"damage_healed":0.0,"max_hp_gain":0.0,"max_hp_loss":0.0,"gold_gain":0.0,"event_name":"Ghosts","player_choice":"Ignored","floor":20.0,"gold_loss":0.0,"damage_taken":0.0},{"damage_healed":0.0,"max_hp_gain":0.0,"max_hp_loss":0.0,"gold_gain":0.0,"event_name":"The Library","player_choice":"Read","floor":21.0,"gold_loss":0.0,"damage_taken":0.0,"cards_obtained":["Defragment"]},{"damage_healed":0,"gold_gain":0,"player_choice":"Memory 1","damage_taken":0,"max_hp_gain":0,"max_hp_loss":0,"event_name":"SensoryStone","floor":36,"gold_loss":0},{"damage_healed":0,"gold_gain":0,"player_choice":"Embrace Madness","damage_taken":14,"max_hp_gain":0,"max_hp_loss":0,"event_name":"Winding Halls","floor":38,"gold_loss":0,"cards_obtained":["Madness","Madness"]}],"is_beta":false,"boss_relics":[{"not_picked":["Cursed Key","Runic Pyramid"],"picked":"Astrolabe"},{"not_picked":["Empty Cage","Sozu"],"picked":"Inserter"}],"items_purged_floors":[14],"is_endless":false,"potions_floor_spawned":[1,11,12,16,27,29,33,35],"killed_by":"Reptomancer","ascension_level":20}