{"gold_per_floor":[368,21,37,47,47,47,62,90,115,129,163,163,163,78,78,168,168],"floor_reached":17,"playtime":406,"items_purged":["Strike_R"],"score":330,"play_id":"86665bb6-6ecd-4504-98f2-67f8d1ed3fb3","local_time":"20190609091844","is_ascension_mode":true,"campfire_choices":[{"data":"Bash","floor":6.0,"key":"SMITH"},{"data":"Armaments","floor":15.0,"key":"SMITH"}],"neow_cost":"TEN_PERCENT_HP_LOSS","seed_source_timestamp":399235412330500,"circlet_count":0,"master_deck":["AscendersBane","Strike_R","Strike_R","Strike_R","Strike_R","Defend_R","Defend_R","Defend_R","Defend_R","Bash+1","Anger","Armaments+1","Sword Boomerang","Twin Strike","Shrug It Off","Cleave","Rampage","Inflame","Offering"],"special_seed":0,"relics":["Burning Blood","Meat on the Bone","Strawberry","Juzu Bracelet","PreservedInsect","Peace Pipe","Golden Idol"],"potions_floor_usage":[],"damage_taken":[{"damage":9.0,"enemies":"Jaw Worm","floor":1.0,"turns":4.0},{"damage":1.0,"enemies":"Small Slimes","floor":3.0,"turns":4.0},{"damage":0.0,"enemies":"2 Louse","floor":4.0,"turns":3.0},{"damage":2.0,"enemies":"2 Fungi Beasts","floor":7.0,"turns":4.0},{"damage":25.0,"enemies":"3 Sentries","floor":8.0,"turns":7.0},{"damage":3.0,"enemies":"Looter","floor":10.0,"turns":2.0},{"damage":22.0,"enemies":"Lagavulin","floor":11.0,"turns":5.0},{"damage":30,"enemies":"Slime Boss","floor":16,"turns":7}],"seed_played":"7625432668472550743","potions_obtained":[{"floor":7.0,"key":"Strength Potion"},{"floor":8.0,"key":"Poison Potion"},{"floor":16,"key":"Poison Potion"}],"is_trial":false,"path_per_floor":["M","$","M","M","?","R","M","E","T","M","E","?","?","$","R","B",null],"character_chosen":"IRONCLAD","items_purchased":["Meat on the Bone","Inflame"],"campfire_rested":0,"item_purchase_floors":[2,14],"current_hp_per_floor":[65,65,68,68,73,73,73,61,61,64,48,37,37,37,37,25,25],"gold":168,"neow_bonus":"TWO_FIFTY_GOLD","is_prod":false,"is_daily":false,"chose_seed":false,"campfire_upgraded":2,"win_rate":0,"timestamp":1560068324,"path_taken":["M","$","M","M","?","R","M","E","T","M","E","?","?","$","R","BOSS"],"build_version":"2019-01-23","purchased_purges":1,"victory":false,"max_hp_per_floor":[68,68,68,68,73,73,73,80,80,80,80,80,72,72,72,72,72],"card_choices":[{"not_picked":["Perfected Strike","Shockwave"],"picked":"Anger","floor":1.0},{"not_picked":["Body Slam","Combust"],"picked":"Armaments","floor":3.0},{"not_picked":["Clash","Rage"],"picked":"Sword Boomerang","floor":4.0},{"not_picked":["Anger","Infernal Blade"],"picked":"Twin Strike","floor":7.0},{"not_picked":["Evolve","Seeing Red"],"picked":"Shrug It Off","floor":8.0},{"not_picked":["Rage","Seeing Red"],"picked":"Cleave","floor":10.0},{"not_picked":["Clothesline","Heavy Blade"],"picked":"Rampage","floor":11.0},{"not_picked":["Fiend Fire","Reaper"],"picked":"Offering","floor":16}],"player_experience":1434425,"relics_obtained":[{"floor":8.0,"key":"Strawberry"},{"floor":9.0,"key":"Juzu Bracelet"},{"floor":11.0,"key":"PreservedInsect"}],"event_choices":[{"damage_healed":0.0,"max_hp_gain":5.0,"max_hp_loss":0.0,"gold_gain":0.0,"event_name":"Big Fish","player_choice":"Donut","floor":5.0,"gold_loss":0.0,"damage_taken":0.0},{"damage_healed":0.0,"max_hp_gain":0.0,"max_hp_loss":0.0,"gold_gain":0.0,"event_name":"Scrap Ooze","player_choice":"Success","floor":12.0,"gold_loss":0.0,"damage_taken":11.0,"relics_obtained":["Peace Pipe"]},{"damage_healed":0.0,"max_hp_gain":0.0,"max_hp_loss":8.0,"gold_gain":0.0,"event_name":"Golden Idol","player_choice":"Lose Max HP","floor":13.0,"gold_loss":0.0,"damage_taken":0.0,"relics_obtained":["Golden Idol"]}],"is_beta":false,"boss_relics":[],"items_purged_floors":[2],"is_endless":false,"potions_floor_spawned":[7,8,16],"ascension_level":20}