{"gold_per_floor":[117,117,117,42,42,42,82,107,182,213,228,193,211,225,225,319,319,332,75,60,10,10],"floor_reached":22,"playtime":738,"items_purged":["Regret","Strike_B"],"score":438,"play_id":"aaba8221-ac66-4187-8d09-7564dec76001","local_time":"20190710155914","is_ascension_mode":true,"campfire_choices":[{"data":"Zap","floor":6.0,"key":"SMITH"},{"floor":15.0,"key":"REST"}],"neow_cost":"NONE","seed_source_timestamp":28695883277500,"circlet_count":0,"master_deck":["AscendersBane","Strike_B","Defend_B","Defend_B","Defend_B","Defend_B","Zap+1","Dualcast","Creative AI","Tempest","Biased Cognition","Reinforced Body","Force Field","Seek","Fusion+1","Gash"],"special_seed":0,"relics":["Cracked Core","NeowsBlessing","Torii","Golden Idol","Potion Belt","Symbiotic Virus","Gremlin Horn","Empty Cage","Regal Pillow"],"potions_floor_usage":[],"damage_taken":[{"damage":0.0,"enemies":"2 Louse","floor":1.0,"turns":1.0},{"damage":0.0,"enemies":"Lagavulin","floor":7.0,"turns":1.0},{"damage":0.0,"enemies":"Jaw Worm","floor":8.0,"turns":1.0},{"damage":41.0,"enemies":"3 Sentries","floor":10.0,"turns":5.0},{"damage":0.0,"enemies":"Cultist","floor":11.0,"turns":3.0},{"damage":2.0,"enemies":"Gremlin Gang","floor":13.0,"turns":2.0},{"damage":14.0,"enemies":"Large Slime","floor":14.0,"turns":5.0},{"damage":21.0,"enemies":"Hexaghost","floor":16.0,"turns":8.0},{"damage":19.0,"enemies":"3 Byrds","floor":18.0,"turns":5.0},{"damage":29.0,"enemies":"2 Thieves","floor":20.0,"turns":5.0},{"damage":13,"enemies":"Snecko","floor":22,"turns":3}],"seed_played":"1470202520661491914","potions_obtained":[{"floor":1.0,"key":"FearPotion"},{"floor":8.0,"key":"FearPotion"},{"floor":11.0,"key":"Explosive Potion"},{"floor":16.0,"key":"Dexterity Potion"},{"floor":18.0,"key":"SteroidPotion"}],"is_trial":false,"path_per_floor":["M","?","?","$","?","R","E","M","T","E","M","?","M","M","R","B",null,"M","$","M","?","M"],"character_chosen":"DEFECT","items_purchased":["Regal Pillow"],"campfire_rested":1,"item_purchase_floors":[19],"current_hp_per_floor":[64,57,57,57,57,57,57,57,57,16,16,33,31,17,38,17,58,39,39,10,10,0],"gold":10,"neow_bonus":"THREE_ENEMY_KILL","is_prod":false,"is_daily":false,"chose_seed":false,"campfire_upgraded":1,"win_rate":0,"timestamp":1562799554,"path_taken":["M","?","?","$","?","R","E","M","T","E","M","?","?","M","R","BOSS","M","$","M","?","?"],"build_version":"2019-07-05","purchased_purges":2,"victory":false,"max_hp_per_floor":[71,71,71,71,71,71,71,71,71,71,71,71,71,71,71,71,71,71,71,71,71,71],"card_choices":[{"not_picked":["Double Energy","Go for the Eyes","Static Discharge"],"picked":"SKIP","floor":1.0},{"not_picked":["Rip and Tear","Sweeping Beam"],"picked":"Creative AI","floor":7.0},{"not_picked":["Self Repair","Rip and Tear"],"picked":"Tempest","floor":8.0},{"not_picked":["Force Field","Conserve Battery"],"picked":"Biased Cognition","floor":10.0},{"not_picked":["Conserve Battery","Hello World"],"picked":"Reinforced Body","floor":11.0},{"not_picked":["Hello World","Ball Lightning"],"picked":"Force Field","floor":13.0},{"not_picked":["Rebound","Gash","Hologram"],"picked":"SKIP","floor":14.0},{"not_picked":["All For One","Multi-Cast"],"picked":"Seek","floor":16.0},{"not_picked":["FTL","Force Field"],"picked":"Fusion+1","floor":18.0},{"not_picked":["Stack","Redo"],"picked":"Gash","floor":20.0}],"player_experience":1259137,"relics_obtained":[{"floor":7.0,"key":"Potion Belt"},{"floor":9.0,"key":"Symbiotic Virus"},{"floor":10.0,"key":"Gremlin Horn"}],"event_choices":[{"cards_removed":["Strike_B"],"damage_healed":0.0,"max_hp_gain":0.0,"max_hp_loss":0.0,"gold_gain":0.0,"event_name":"Golden Wing","player_choice":"Card Removal","floor":2.0,"gold_loss":0.0,"damage_taken":7.0},{"damage_healed":0.0,"max_hp_gain":0.0,"max_hp_loss":0.0,"gold_gain":0.0,"event_name":"Big Fish","player_choice":"Box","floor":3.0,"gold_loss":0.0,"damage_taken":0.0,"relics_obtained":["Torii"],"cards_obtained":["Regret"]},{"damage_healed":0.0,"max_hp_gain":0.0,"max_hp_loss":0.0,"gold_gain":0.0,"event_name":"Golden Idol","player_choice":"Take Wound","floor":5.0,"gold_loss":0.0,"damage_taken":0.0,"relics_obtained":["Golden Idol"],"cards_obtained":["Injury"]},{"damage_healed":17.0,"max_hp_gain":0.0,"max_hp_loss":0.0,"gold_gain":0.0,"event_name":"The Cleric","player_choice":"Healed","floor":12.0,"gold_loss":35.0,"damage_taken":0.0},{"damage_healed":0.0,"max_hp_gain":0.0,"max_hp_loss":0.0,"gold_gain":0.0,"event_name":"The Joust","player_choice":"Bet on Murderer","floor":21.0,"gold_loss":50.0,"damage_taken":0.0}],"is_beta":false,"boss_relics":[{"not_picked":["Lizard Tail","Philosopher\u0027s Stone"],"picked":"Empty Cage"}],"items_purged_floors":[4,19],"is_endless":false,"potions_floor_spawned":[1,8,11,16,18],"killed_by":"Snecko","ascension_level":20}