{"gold_per_floor":[144,189,234,279,324,324,369,369,369,148,238,53,98,143,143,443,443,488,146,346,160,205,205,250,250,275,320,365,410,455,405,405,705,705,750,795,840,885,87,132,132,177,252,297,297,342,387,432,432,432],"floor_reached":51,"playtime":1859,"items_purged":[],"score":965,"play_id":"37e3f245-a30d-4dcc-8d3d-174d46c67de2","local_time":"20190218104611","daily_mods":["Draft","Vintage","Midas"],"is_ascension_mode":false,"campfire_choices":[{"floor":6,"key":"REST"},{"floor":8,"key":"REST"},{"floor":15,"key":"REST"},{"floor":23,"key":"REST"},{"floor":25,"key":"REST"},{"floor":32,"key":"REST"},{"floor":41,"key":"REST"},{"floor":45,"key":"REST"},{"floor":49,"key":"REST"}],"neow_cost":"","seed_source_timestamp":0,"circlet_count":0,"master_deck":["Headbutt","Hemokinesis","Rupture","Iron Wave+1","Warcry","Shrug It Off","Whirlwind","True Grit","Heavy Blade","Shockwave","Shrug It Off+1","Pommel Strike","Seeing Red+1","Shrug It Off","Iron Wave+1","Ghostly Armor+1","Metallicize","Apotheosis+1","Juggernaut","Double Tap+1","Rupture","Juggernaut"],"special_seed":17945,"relics":["Burning Blood","Vajra","Bottled Tornado","Juzu Bracelet","Happy Flower","Bag of Marbles","Toxic Egg 2","Self Forming Clay","Whetstone","Omamori","Ancient Tea Set","Incense Burner","Busted Crown","Bottled Flame","Chemical X","War Paint","StoneCalendar","The Courier","Blood Vial","Torii","Bronze Scales","Oddly Smooth Stone","Strawberry","Lizard Tail","Centennial Puzzle","Dead Branch","Bird Faced Urn","MawBank","ClockworkSouvenir","Bag of Preparation","Art of War","Sundial","Lantern","Tiny Chest","Boot","Ornamental Fan","Shuriken","Pen Nib","Anchor","Kunai","Molten Egg 2"],"potions_floor_usage":[33],"damage_taken":[{"damage":3,"enemies":"Cultist","floor":1,"turns":3},{"damage":6,"enemies":"Jaw Worm","floor":2,"turns":3},{"damage":0,"enemies":"2 Louse","floor":3,"turns":2},{"damage":15,"enemies":"Exordium Wildlife","floor":4,"turns":5},{"damage":8,"enemies":"Looter","floor":5,"turns":2},{"damage":13,"enemies":"3 Louse","floor":7,"turns":2},{"damage":8,"enemies":"Lagavulin","floor":11,"turns":5},{"damage":13,"enemies":"Lots of Slimes","floor":13,"turns":3},{"damage":2,"enemies":"Large Slime","floor":14,"turns":4},{"damage":4,"enemies":"The Guardian","floor":16,"turns":12},{"damage":7,"enemies":"Chosen","floor":18,"turns":4},{"damage":3,"enemies":"3 Byrds","floor":22,"turns":2},{"damage":17,"enemies":"Snake Plant","floor":24,"turns":2},{"damage":15,"enemies":"Centurion and Healer","floor":27,"turns":3},{"damage":3,"enemies":"Shelled Parasite and Fungi","floor":28,"turns":2},{"damage":3,"enemies":"Snake Plant","floor":29,"turns":3},{"damage":4,"enemies":"Centurion and Healer","floor":30,"turns":4},{"damage":4,"enemies":"Champ","floor":33,"turns":6},{"damage":1,"enemies":"Orb Walker","floor":35,"turns":3},{"damage":1,"enemies":"3 Shapes","floor":36,"turns":6},{"damage":15,"enemies":"Writhing Mass","floor":37,"turns":3},{"damage":6,"enemies":"4 Shapes","floor":38,"turns":6},{"damage":3,"enemies":"Transient","floor":40,"turns":5},{"damage":19,"enemies":"Writhing Mass","floor":42,"turns":3},{"damage":0,"enemies":"Spire Growth","floor":44,"turns":4},{"damage":4,"enemies":"4 Shapes","floor":46,"turns":2},{"damage":3,"enemies":"Maw","floor":47,"turns":4},{"damage":0,"enemies":"Sphere and 2 Shapes","floor":48,"turns":1},{"damage":7,"enemies":"Donu and Deca","floor":50,"turns":5}],"seed_played":"-8239529163417230353","potions_obtained":[{"floor":1,"key":"GamblersBrew"},{"floor":2,"key":"GamblersBrew"},{"floor":3,"key":"SkillPotion"},{"floor":35,"key":"Regen Potion"}],"is_trial":false,"path_per_floor":["M","M","M","M","M","R","M","R","T","$","E","$","M","M","R","B",null,"M","$","?","$","M","R","M","R","T","M","M","M","M","?","R","B",null,"M","M","M","M","$","M","R","M","T","M","R","M","M","M","R","B",null],"character_chosen":"IRONCLAD","items_purchased":["Whetstone","Ghostly Armor+1","Apotheosis+1","Double Tap+1","Chemical X","Rupture","War Paint","ClockworkSouvenir","Bag of Preparation","Art of War","Sundial","Lantern","Tiny Chest"],"campfire_rested":9,"item_purchase_floors":[10,10,12,19,19,21,21,39,39,39,39,39,39],"current_hp_per_floor":[80,80,80,71,69,80,73,80,80,80,78,78,71,75,80,80,80,79,79,79,79,80,80,69,80,80,71,76,80,87,87,87,87,87,87,87,78,87,87,87,87,78,78,87,87,87,87,87,87,87],"gold":432,"neow_bonus":"","is_prod":false,"is_daily":true,"chose_seed":false,"campfire_upgraded":0,"win_rate":0,"timestamp":1550515571,"path_taken":["M","M","M","M","M","R","M","R","T","$","E","$","M","M","R","BOSS","M","$","?","?","M","R","M","R","T","M","M","M","M","?","R","BOSS","M","M","M","M","$","M","R","M","T","M","R","M","M","M","R","BOSS"],"build_version":"2019-01-23","purchased_purges":0,"victory":true,"max_hp_per_floor":[80,80,80,80,80,80,80,80,80,80,80,80,80,80,80,80,80,80,80,80,80,80,80,80,80,80,80,80,80,87,87,87,87,87,87,87,87,87,87,87,87,87,87,87,87,87,87,87,87,87],"card_choices":[{"not_picked":["Flex","Perfected Strike"],"picked":"Headbutt","floor":0},{"not_picked":["Havoc","Twin Strike"],"picked":"Hemokinesis","floor":0},{"not_picked":["Wild Strike","Twin Strike"],"picked":"Rupture","floor":0},{"not_picked":["Perfected Strike","Second Wind"],"picked":"Iron Wave","floor":0},{"not_picked":["Carnage","Thunderclap"],"picked":"Warcry","floor":0},{"not_picked":["Warcry","Twin Strike"],"picked":"Shrug It Off","floor":0},{"not_picked":["Cleave","Twin Strike"],"picked":"Whirlwind","floor":0},{"not_picked":["Sword Boomerang","Pommel Strike"],"picked":"True Grit","floor":0},{"not_picked":["Wild Strike","Cleave"],"picked":"Heavy Blade","floor":0},{"not_picked":["Reckless Charge","Evolve"],"picked":"Shockwave","floor":0},{"not_picked":["Iron Wave","Metallicize"],"picked":"Shrug It Off","floor":0},{"not_picked":["Headbutt","Twin Strike"],"picked":"Pommel Strike","floor":0},{"not_picked":["Pommel Strike","Evolve"],"picked":"Seeing Red","floor":0},{"not_picked":["True Grit","Bloodletting"],"picked":"Shrug It Off","floor":0},{"not_picked":["Shrug It Off","Headbutt"],"picked":"Iron Wave","floor":0},{"not_picked":["Carnage","Flame Barrier+1"],"picked":"Metallicize","floor":11},{"not_picked":["Demon Form","Dark Embrace"],"picked":"Juggernaut","floor":16},{"not_picked":[],"picked":"Juggernaut","floor":33}],"player_experience":217415,"relics_obtained":[{"floor":1,"key":"Vajra"},{"floor":2,"key":"Bottled Tornado"},{"floor":3,"key":"Juzu Bracelet"},{"floor":4,"key":"Happy Flower"},{"floor":5,"key":"Bag of Marbles"},{"floor":7,"key":"Toxic Egg 2"},{"floor":9,"key":"Self Forming Clay"},{"floor":11,"key":"Omamori"},{"floor":13,"key":"Ancient Tea Set"},{"floor":14,"key":"Incense Burner"},{"floor":18,"key":"Bottled Flame"},{"floor":22,"key":"StoneCalendar"},{"floor":24,"key":"The Courier"},{"floor":26,"key":"Blood Vial"},{"floor":27,"key":"Torii"},{"floor":28,"key":"Bronze Scales"},{"floor":29,"key":"Oddly Smooth Stone"},{"floor":30,"key":"Strawberry"},{"floor":35,"key":"Centennial Puzzle"},{"floor":36,"key":"Dead Branch"},{"floor":37,"key":"Bird Faced Urn"},{"floor":38,"key":"MawBank"},{"floor":40,"key":"Boot"},{"floor":42,"key":"Ornamental Fan"},{"floor":43,"key":"Shuriken"},{"floor":44,"key":"Pen Nib"},{"floor":46,"key":"Anchor"},{"floor":47,"key":"Kunai"},{"floor":48,"key":"Molten Egg 2"}],"event_choices":[{"damage_healed":0,"gold_gain":200,"player_choice":"Gold","damage_taken":0,"max_hp_gain":0,"max_hp_loss":0,"event_name":"Wheel of Change","floor":20,"gold_loss":0},{"damage_healed":0,"gold_gain":0,"player_choice":"Bet on Murderer","damage_taken":0,"max_hp_gain":0,"max_hp_loss":0,"event_name":"The Joust","floor":31,"gold_loss":50}],"is_beta":false,"boss_relics":[{"not_picked":["Orrery","Mark of Pain"],"picked":"Busted Crown"},{"not_picked":["Astrolabe","Black Star"],"picked":"Lizard Tail"}],"items_purged_floors":[],"is_endless":false,"potions_floor_spawned":[1,2,3,13,16,18,22,30,35,38,42,46,47,48],"ascension_level":0}