{"gold_per_floor":[115,133,80,80,91,91,117,117,189,189,214,226,32,58,58,158,158,178,278,259,274,291,291,303,2,76,76,96,131,131,52,52,52],"floor_reached":33,"playtime":1268,"items_purged":["Strike_G"],"score":415,"play_id":"f4ba617c-ad3d-4a88-b1ef-8039df4738b0","local_time":"20180805223512","is_ascension_mode":true,"campfire_choices":[{"data":"Neutralize","floor":6.0,"key":"SMITH"},{"data":"Caltrops","floor":8.0,"key":"SMITH"},{"data":"Dagger Spray","floor":10.0,"key":"SMITH"},{"data":"Noxious Fumes","floor":15.0,"key":"SMITH"},{"floor":23,"key":"REST"},{"floor":27,"key":"REST"},{"floor":30,"key":"REST"},{"data":"Noxious Fumes","floor":32,"key":"SMITH"}],"neow_cost":"","seed_source_timestamp":2511787538656465,"circlet_count":0,"master_deck":["Defend_G","Defend_G","Defend_G","Defend_G","Defend_G","Strike_G","Strike_G","Strike_G","Strike_G","Survivor","Neutralize+1","Dagger Spray+1","Backstab","Poisoned Stab","Well Laid Plans","Caltrops+1","Backflip","Infinite Blades","Noxious Fumes+1","After Image","Deflect","Cloak And Dagger","Prepared","Crippling Poison+1","Caltrops","Noxious Fumes+1"],"special_seed":0,"relics":["Ring of the Snake","Potion Belt","Smiling Mask","Bottled Lightning","Lee\u0027s Waffle","Odd Mushroom","Busted Crown","Pear","Toxic Egg 2","Anchor"],"potions_floor_usage":[16,24,33,33],"damage_taken":[{"damage":5.0,"enemies":"Small Slimes","floor":1.0,"turns":5.0},{"damage":0.0,"enemies":"2 Louse","floor":2.0,"turns":4.0},{"damage":0.0,"enemies":"Jaw Worm","floor":5.0,"turns":2.0},{"damage":22.0,"enemies":"3 Sentries","floor":7.0,"turns":8.0},{"damage":25.0,"enemies":"Lagavulin","floor":11.0,"turns":6.0},{"damage":5.0,"enemies":"3 Louse","floor":12.0,"turns":3.0},{"damage":34.0,"floor":14.0,"turns":3.0},{"damage":0,"enemies":"Slime Boss","floor":16,"turns":7},{"damage":14,"enemies":"Spheric Guardian","floor":18,"turns":5},{"damage":12,"enemies":"2 Thieves","floor":20,"turns":4},{"damage":7,"enemies":"Snake Plant","floor":21,"turns":6},{"damage":21,"enemies":"Snecko","floor":22,"turns":6},{"damage":10,"enemies":"3 Cultists","floor":24,"turns":4},{"damage":21,"enemies":"Slaver and Parasite","floor":28,"turns":6},{"damage":35,"enemies":"Slavers","floor":29,"turns":5},{"damage":51,"enemies":"Automaton","floor":33,"turns":6}],"seed_played":"7409876924600404549","potions_obtained":[{"floor":2.0,"key":"Dexterity Potion"},{"floor":7.0,"key":"LiquidBronze"},{"floor":12.0,"key":"Strength Potion"},{"floor":22,"key":"PowerPotion"},{"floor":24,"key":"SteroidPotion"},{"floor":29,"key":"Explosive Potion"}],"is_trial":false,"path_per_floor":["M","M","$","?","M","R","E","R","T","R","E","M","$","?","R","B",null,"M","?","M","M","M","R","M","$","T","R","M","E","R","$","R"],"character_chosen":"THE_SILENT","items_purchased":["Poisoned Stab","Lee\u0027s Waffle","Pear","Noxious Fumes"],"campfire_rested":3,"item_purchase_floors":[3,13,25,31],"current_hp_per_floor":[65,65,65,70,70,70,48,48,48,48,23,18,82,48,48,48,82,68,68,56,49,28,52,42,52,52,79,58,23,50,50,50,0],"gold":52,"neow_bonus":"","is_prod":false,"is_daily":false,"chose_seed":false,"campfire_upgraded":5,"win_rate":0,"timestamp":1533522912,"path_taken":["M","M","$","?","M","R","E","R","T","R","E","M","$","?","R","BOSS","M","?","M","M","M","R","?","$","T","R","M","E","R","?","R","BOSS"],"build_version":"2018-08-02","purchased_purges":1,"victory":false,"max_hp_per_floor":[70,70,70,75,75,75,75,75,75,75,75,75,82,82,82,82,82,82,82,82,82,82,82,82,92,92,92,92,92,92,92,92,92],"card_choices":[{"not_picked":["Leg Sweep","Dodge and Roll"],"picked":"Dagger Spray","floor":1.0},{"not_picked":["Dagger Throw","Sucker Punch"],"picked":"Backstab","floor":2.0},{"not_picked":["Acrobatics","Outmaneuver"],"picked":"Well Laid Plans","floor":5.0},{"not_picked":["Poisoned Stab","PiercingWail"],"picked":"Caltrops","floor":7.0},{"not_picked":["Flying Knee","Dagger Throw"],"picked":"Backflip","floor":11.0},{"not_picked":["Predator","Deadly Poison"],"picked":"Infinite Blades","floor":12.0},{"not_picked":["Backstab","Deflect"],"picked":"Noxious Fumes","floor":14.0},{"not_picked":["A Thousand Cuts","Doppelganger"],"picked":"After Image","floor":16},{"not_picked":[],"picked":"Deflect","floor":18},{"not_picked":[],"picked":"Cloak And Dagger","floor":20},{"not_picked":["Outmaneuver"],"picked":"SKIP","floor":21},{"not_picked":[],"picked":"Prepared","floor":22},{"not_picked":["Finisher"],"picked":"SKIP","floor":24},{"not_picked":[],"picked":"Crippling Poison+1","floor":28},{"not_picked":[],"picked":"Caltrops","floor":29}],"player_experience":221100,"relics_obtained":[{"floor":7.0,"key":"Potion Belt"},{"floor":9.0,"key":"Smiling Mask"},{"floor":11.0,"key":"Bottled Lightning"},{"floor":14.0,"key":"Odd Mushroom"},{"floor":26,"key":"Toxic Egg 2"},{"floor":29,"key":"Anchor"}],"event_choices":[{"event_name":"Big Fish","player_choice":"Donut","floor":4.0,"damage_taken":0.0},{"event_name":"Mushrooms","player_choice":"Fought Mushrooms","floor":14.0,"damage_taken":0.0},{"event_name":"Golden Shrine","player_choice":"Pray","floor":19,"damage_taken":0}],"is_beta":false,"boss_relics":[{"not_picked":["Fusion Hammer","Calling Bell"],"picked":"Busted Crown"}],"items_purged_floors":[25],"is_endless":false,"potions_floor_spawned":[2,7,12,22,24,29],"killed_by":"Automaton","ascension_level":4}