{"gold_per_floor":[110,110,122,185,235,262,276,309,309,288,302,320,320],"floor_reached":13,"playtime":375,"items_purged":[],"score":244,"play_id":"336c1de6-4f96-4816-b73c-0d8c350873af","local_time":"20190708194448","is_ascension_mode":true,"campfire_choices":[],"neow_cost":"NONE","seed_source_timestamp":6247297166037347,"circlet_count":0,"master_deck":["AscendersBane","Strike_G","Strike_G","Strike_G","Strike_G","Strike_G","Defend_G","Defend_G","Defend_G","Defend_G","Defend_G","Survivor","Neutralize","Bouncing Flask","Choke","Masterful Stab","Quick Slash","Blade Dance","PiercingWail"],"relics":["Ring of the Snake","NeowsBlessing","Happy Flower","Singing Bowl","PreservedInsect"],"potions_floor_usage":[8,10],"damage_taken":[{"damage":0,"enemies":"Cultist","floor":1,"turns":1},{"damage":0,"enemies":"Small Slimes","floor":3,"turns":1},{"damage":0,"enemies":"Gremlin Nob","floor":6,"turns":1},{"damage":0,"enemies":"Jaw Worm","floor":7,"turns":2},{"damage":21,"enemies":"3 Sentries","floor":8,"turns":9},{"damage":8,"enemies":"Exordium Thugs","floor":10,"turns":4},{"damage":6,"enemies":"3 Louse","floor":11,"turns":2},{"damage":14,"enemies":"Red Slaver","floor":12,"turns":4},{"damage":17,"enemies":"Exordium Thugs","floor":13,"turns":2}],"seed_played":"1149102769145332726","potions_obtained":[{"floor":1,"key":"Strength Potion"},{"floor":7,"key":"Poison Potion"},{"floor":8,"key":"AttackPotion"},{"floor":12,"key":"Poison Potion"}],"is_trial":false,"path_per_floor":["M","$","M","?","?","E","M","E","T","M","M","M","M"],"character_chosen":"THE_SILENT","items_purchased":[],"campfire_rested":0,"item_purchase_floors":[],"current_hp_per_floor":[59,59,59,59,59,59,59,38,38,30,24,12,0],"gold":320,"neow_bonus":"THREE_ENEMY_KILL","is_prod":false,"is_daily":false,"chose_seed":false,"campfire_upgraded":0,"win_rate":0,"timestamp":1562629488,"path_taken":["M","?","M","?","?","E","M","E","T","?","M","M","M"],"build_version":"2019-07-05","purchased_purges":0,"victory":false,"max_hp_per_floor":[66,66,66,66,66,66,66,66,66,66,66,68,68],"card_choices":[{"not_picked":["Well Laid Plans","Acrobatics"],"picked":"Bouncing Flask","floor":1},{"not_picked":["Concentrate","Bane"],"picked":"Choke","floor":3},{"not_picked":["Escape Plan","Envenom"],"picked":"Masterful Stab","floor":6},{"not_picked":["Deflect","Flechettes","Finisher"],"picked":"SKIP","floor":7},{"not_picked":["Underhanded Strike","Dodge and Roll"],"picked":"Quick Slash","floor":8},{"not_picked":["Skewer","Slice"],"picked":"Blade Dance","floor":10},{"not_picked":["Backflip","Riddle With Holes"],"picked":"PiercingWail","floor":11},{"not_picked":["Reflex","PiercingWail","All Out Attack"],"picked":"Singing Bowl","floor":12}],"player_experience":922207,"relics_obtained":[{"floor":6,"key":"Happy Flower"},{"floor":8,"key":"Singing Bowl"},{"floor":9,"key":"PreservedInsect"}],"event_choices":[{"damage_healed":0,"gold_gain":63,"player_choice":"Gained Gold","damage_taken":0,"max_hp_gain":0,"max_hp_loss":0,"event_name":"Golden Wing","floor":4,"gold_loss":0},{"damage_healed":0,"gold_gain":50,"player_choice":"Pray","damage_taken":0,"max_hp_gain":0,"max_hp_loss":0,"event_name":"Golden Shrine","floor":5,"gold_loss":0}],"is_beta":false,"boss_relics":[],"items_purged_floors":[],"is_endless":false,"potions_floor_spawned":[1,7,8,12],"killed_by":"Exordium Thugs","ascension_level":20}