{"gold_per_floor":[110,127,140,65,65,95,95,106,153,153,253,273,273,291,291,291],"floor_reached":16,"playtime":331,"items_purged":["Strike_R"],"score":102,"play_id":"079253ab-e42c-4d2e-8e0d-fed4c0b0bca9","local_time":"20190709145351","is_ascension_mode":false,"campfire_choices":[{"data":"Bash","floor":7,"key":"SMITH"},{"data":"Strike_R","floor":10,"key":"SMITH"},{"data":"Strike_R","floor":15,"key":"SMITH"}],"neow_cost":"TEN_PERCENT_HP_LOSS","seed_source_timestamp":6316267680717559,"circlet_count":0,"master_deck":["Strike_R+1","Strike_R+1","Strike_R","Defend_R","Defend_R","Defend_R","Bash+1"],"relics":["Burning Blood","Sundial","Ancient Tea Set","Smiling Mask","Golden Idol"],"potions_floor_usage":[],"damage_taken":[{"damage":6,"enemies":"Jaw Worm","floor":1,"turns":3},{"damage":6,"enemies":"2 Louse","floor":2,"turns":4},{"damage":6,"enemies":"Cultist","floor":3,"turns":3},{"damage":15,"enemies":"Gremlin Nob","floor":6,"turns":4},{"damage":20,"enemies":"Large Slime","floor":8,"turns":7},{"damage":2,"enemies":"Blue Slaver","floor":12,"turns":2},{"damage":23,"enemies":"Exordium Thugs","floor":14,"turns":4},{"damage":42,"enemies":"Slime Boss","floor":16,"turns":7}],"seed_played":"5501820579240688168","potions_obtained":[{"floor":3,"key":"FearPotion"},{"floor":8,"key":"EntropicBrew"},{"floor":12,"key":"Swift Potion"}],"is_trial":false,"path_per_floor":["M","M","M","$","?","E","R","M","T","R","?","M","?","M","R","B"],"character_chosen":"IRONCLAD","items_purchased":[],"campfire_rested":0,"item_purchase_floors":[],"current_hp_per_floor":[72,72,72,72,65,56,56,42,42,42,42,46,46,29,29,0],"gold":291,"neow_bonus":"REMOVE_TWO","is_prod":false,"is_daily":false,"chose_seed":false,"campfire_upgraded":3,"win_rate":0,"timestamp":1562698431,"path_taken":["M","M","M","$","?","E","R","M","T","R","?","?","?","M","R","BOSS"],"build_version":"2019-07-05","purchased_purges":1,"victory":false,"max_hp_per_floor":[72,72,72,72,72,72,72,72,72,72,72,72,67,67,67,67],"card_choices":[{"not_picked":["Heavy Blade","Carnage","Armaments"],"picked":"SKIP","floor":1},{"not_picked":["Reckless Charge","Bloodletting","Blood for Blood"],"picked":"SKIP","floor":2},{"not_picked":["Anger","Shrug It Off","Body Slam"],"picked":"SKIP","floor":3},{"not_picked":["Spot Weakness","Disarm","Burning Pact"],"picked":"SKIP","floor":6},{"not_picked":["Rage","Cleave","Flex"],"picked":"SKIP","floor":8},{"not_picked":["Clothesline","Metallicize","Wild Strike"],"picked":"SKIP","floor":12},{"not_picked":["True Grit","Clash","Sentinel"],"picked":"SKIP","floor":14}],"player_experience":932374,"relics_obtained":[{"floor":6,"key":"Ancient Tea Set"},{"floor":9,"key":"Smiling Mask"}],"event_choices":[{"damage_healed":0,"gold_gain":0,"player_choice":"Success","damage_taken":7,"relics_obtained":["Sundial"],"max_hp_gain":0,"max_hp_loss":0,"event_name":"Scrap Ooze","floor":5,"gold_loss":0},{"damage_healed":0,"gold_gain":100,"player_choice":"Pray","damage_taken":0,"max_hp_gain":0,"max_hp_loss":0,"event_name":"Golden Shrine","floor":11,"gold_loss":0},{"damage_healed":0,"gold_gain":0,"player_choice":"Lose Max HP","damage_taken":0,"relics_obtained":["Golden Idol"],"max_hp_gain":0,"max_hp_loss":5,"event_name":"Golden Idol","floor":13,"gold_loss":0}],"is_beta":false,"boss_relics":[],"items_purged_floors":[4],"is_endless":false,"potions_floor_spawned":[3,8,12],"killed_by":"Slime Boss","ascension_level":0}