{"gold_per_floor":[118,135,210,223,238,267,267,267,267,290,290,329,218,239,239,369,369,389,403,130,153,153,153,177,212,235,235,156,169,185,185],"floor_reached":31,"playtime":1002,"items_purged":["Injury"],"score":282,"play_id":"9dff5ea9-4a8b-4af0-84ab-916175348d3d","local_time":"20190212123141","is_ascension_mode":true,"campfire_choices":[{"floor":7,"key":"REST"},{"floor":15,"key":"REST"},{"floor":23,"key":"REST"},{"floor":27,"key":"REST"}],"neow_cost":"NONE","seed_source_timestamp":1273777366379757,"circlet_count":0,"master_deck":["Strike_R","Strike_R","Strike_R","Strike_R","Strike_R","Defend_R","Defend_R","Defend_R","Defend_R","Bash","Sever Soul","Clash","Pommel Strike+1","Dropkick","Shrug It Off","Clothesline","Thunderclap","Clash","Inflame","Perfected Strike","Feed","Shrug It Off","Whirlwind","Mind Blast","Feel No Pain","Barricade","Infernal Blade","Second Wind","Shrug It Off","Pommel Strike+1"],"relics":["Burning Blood","Peace Pipe","Golden Idol","Bird Faced Urn","Torii","Philosopher\u0027s Stone","Boot","FossilizedHelix","Smiling Mask"],"potions_floor_usage":[16,16,25,25,25],"damage_taken":[{"damage":6,"enemies":"2 Louse","floor":1,"turns":2},{"damage":0,"enemies":"Small Slimes","floor":2,"turns":2},{"damage":6,"enemies":"Cultist","floor":4,"turns":3},{"damage":11,"enemies":"Exordium Wildlife","floor":5,"turns":3},{"damage":15,"enemies":"Gremlin Nob","floor":6,"turns":4},{"damage":24,"enemies":"Gremlin Gang","floor":10,"turns":6},{"damage":24,"enemies":"3 Sentries","floor":12,"turns":8},{"damage":0,"enemies":"Large Slime","floor":14,"turns":3},{"damage":38,"enemies":"Hexaghost","floor":16,"turns":11},{"damage":19,"enemies":"2 Thieves","floor":18,"turns":5},{"damage":12,"enemies":"Chosen","floor":19,"turns":3},{"damage":33,"enemies":"Shelled Parasite and Fungi","floor":21,"turns":5},{"damage":10,"enemies":"Snecko","floor":24,"turns":4},{"damage":55,"enemies":"Book of Stabbing","floor":25,"turns":6},{"damage":9,"enemies":"Centurion and Healer","floor":29,"turns":5},{"damage":17,"enemies":"Snake Plant","floor":30,"turns":5},{"damage":46,"enemies":"Slavers","floor":31,"turns":4}],"seed_played":"6392204198492047296","potions_obtained":[{"floor":5,"key":"GamblersBrew"},{"floor":12,"key":"Dexterity Potion"},{"floor":14,"key":"Fire Potion"},{"floor":16,"key":"SteroidPotion"},{"floor":19,"key":"FearPotion"}],"is_trial":false,"path_per_floor":["M","M","?","M","M","E","R","?","T","M","?","E","$","M","R","B",null,"M","M","$","M","?","R","M","E","T","R","$","M","M","E"],"character_chosen":"IRONCLAD","items_purchased":["Inflame","Boot","Mind Blast","Feel No Pain","Second Wind"],"campfire_rested":4,"item_purchase_floors":[13,20,20,20,28],"current_hp_per_floor":[80,80,69,69,64,55,79,79,79,61,61,43,43,51,75,45,80,68,64,64,42,42,66,67,24,24,49,49,48,41,0],"gold":185,"neow_bonus":"THREE_CARDS","is_prod":false,"is_daily":false,"chose_seed":false,"campfire_upgraded":0,"win_rate":0,"timestamp":1550003501,"path_taken":["M","M","?","M","M","E","R","?","T","M","?","E","$","?","R","BOSS","M","M","$","M","?","R","M","E","T","R","$","?","M","E"],"build_version":"2019-01-23","purchased_purges":1,"victory":false,"max_hp_per_floor":[80,80,80,80,80,80,80,80,80,80,80,80,80,80,80,80,80,80,80,80,83,83,83,86,86,86,86,86,86,86,86],"card_choices":[{"not_picked":["Metallicize","Wild Strike"],"picked":"Sever Soul","floor":0},{"not_picked":["Anger","Flex"],"picked":"Clash","floor":1},{"not_picked":["Headbutt","Wild Strike"],"picked":"Pommel Strike","floor":2},{"not_picked":["Feed","Clash"],"picked":"Dropkick","floor":4},{"not_picked":["Fire Breathing","True Grit"],"picked":"Shrug It Off","floor":5},{"not_picked":["Infernal Blade","Anger"],"picked":"Clothesline","floor":6},{"not_picked":["Demon Form","Perfected Strike"],"picked":"Thunderclap","floor":10},{"not_picked":["Pommel Strike","Reckless Charge"],"picked":"Clash","floor":12},{"not_picked":["Warcry","Sword Boomerang"],"picked":"Perfected Strike","floor":14},{"not_picked":["Reaper","Bludgeon"],"picked":"Feed","floor":16},{"not_picked":["Seeing Red","Armaments+1"],"picked":"Shrug It Off","floor":18},{"not_picked":["Clothesline+1","Shrug It Off"],"picked":"Whirlwind","floor":19},{"not_picked":["Armaments","Clothesline","Iron Wave"],"picked":"SKIP","floor":21},{"not_picked":["Wild Strike+1","Cleave+1"],"picked":"Barricade","floor":24},{"not_picked":["Armaments","Seeing Red"],"picked":"Infernal Blade","floor":25},{"not_picked":["Power Through","Thunderclap"],"picked":"Shrug It Off","floor":29},{"not_picked":["Dual Wield","Heavy Blade"],"picked":"Pommel Strike+1","floor":30}],"player_experience":205261,"relics_obtained":[{"floor":6,"key":"Peace Pipe"},{"floor":9,"key":"Bird Faced Urn"},{"floor":12,"key":"Torii"},{"floor":25,"key":"FossilizedHelix"},{"floor":26,"key":"Smiling Mask"}],"event_choices":[{"damage_healed":0,"gold_gain":75,"player_choice":"Gather Gold","damage_taken":11,"max_hp_gain":0,"max_hp_loss":0,"event_name":"World of Goop","floor":3,"gold_loss":0},{"damage_healed":0,"gold_gain":0,"player_choice":"Take Wound","damage_taken":0,"relics_obtained":["Golden Idol"],"max_hp_gain":0,"max_hp_loss":0,"event_name":"Golden Idol","floor":8,"gold_loss":0,"cards_obtained":["Injury"]},{"damage_healed":0,"gold_gain":0,"player_choice":"Upgraded","damage_taken":0,"max_hp_gain":0,"max_hp_loss":0,"event_name":"Upgrade Shrine","floor":11,"gold_loss":0,"cards_upgraded":["Pommel Strike"]},{"damage_healed":0,"gold_gain":0,"player_choice":"Got Potions","damage_taken":0,"max_hp_gain":0,"max_hp_loss":0,"event_name":"Lab","floor":22,"gold_loss":0}],"is_beta":false,"boss_relics":[{"not_picked":["Pandora\u0027s Box","Eternal Feather"],"picked":"Philosopher\u0027s Stone"}],"items_purged_floors":[13],"is_endless":false,"potions_floor_spawned":[5,12,14,16,19,24],"killed_by":"Slavers","ascension_level":1}