{"gold_per_floor":[119,138,10,10,10,10,40,40,40,59,59,73,98,108,108,204,204,224,236,236,11,22,22,40,40,40,40,73,73,85,100,100,100],"floor_reached":33,"playtime":1165,"items_purged":["Defend_R"],"score":305,"play_id":"09d2e112-766c-4b80-a3a1-f60679ce08af","local_time":"20190531202659","is_ascension_mode":true,"campfire_choices":[{"data":"Shrug It Off","floor":6,"key":"SMITH"},{"floor":8,"key":"REST"},{"data":"Armaments","floor":11,"key":"SMITH"},{"floor":15,"key":"REST"},{"data":"Whirlwind","floor":25,"key":"SMITH"},{"floor":32,"key":"REST"}],"neow_cost":"NONE","seed_source_timestamp":2513854711113222,"circlet_count":0,"master_deck":["Defend_R","Defend_R","Defend_R","Bash","Iron Wave","Disarm","Shrug It Off+1","Armaments+1","Shrug It Off","Heavy Blade","Juggernaut","Uppercut","Bite","Bite","Bite","Bite","Bite","Finesse","Inflame","Cleave","Whirlwind+1","Necronomicurse","Heavy Blade+1","Shame","Flame Barrier","Spot Weakness+1","Bloodletting+1"],"relics":["Black Blood","Tiny Chest","Boot","Necronomicon","Matryoshka","Regal Pillow","Strawberry"],"potions_floor_usage":[28,33,33],"damage_taken":[{"damage":10,"enemies":"Cultist","floor":1,"turns":4},{"damage":4,"enemies":"Small Slimes","floor":2,"turns":5},{"damage":0,"enemies":"2 Louse","floor":10,"turns":3},{"damage":8,"enemies":"Looter","floor":12,"turns":4},{"damage":33,"enemies":"Gremlin Nob","floor":13,"turns":5},{"damage":17,"enemies":"Gremlin Gang","floor":14,"turns":9},{"damage":58,"enemies":"Hexaghost","floor":16,"turns":19},{"damage":17,"enemies":"3 Byrds","floor":18,"turns":7},{"damage":28,"enemies":"Chosen","floor":19,"turns":7},{"damage":10,"enemies":"Snake Plant","floor":22,"turns":6},{"damage":16,"enemies":"Centurion and Healer","floor":24,"turns":9},{"damage":55,"enemies":"Book of Stabbing","floor":28,"turns":7},{"damage":18,"enemies":"3 Cultists","floor":30,"turns":4},{"damage":10,"enemies":"Cultist and Chosen","floor":31,"turns":4},{"damage":74,"enemies":"Champ","floor":33,"turns":8}],"seed_played":"-6368070597101799447","potions_obtained":[{"floor":1,"key":"Swift Potion"},{"floor":24,"key":"Explosive Potion"},{"floor":28,"key":"Dexterity Potion"}],"is_trial":false,"path_per_floor":["M","M","$","?","$","R","?","R","T","M","R","M","E","M","R","B",null,"M","M","?","$","M","?","M","R","T","?","E","?","M","M","R","B"],"character_chosen":"IRONCLAD","items_purchased":["Shrug It Off","Finesse","Inflame","Cleave"],"campfire_rested":3,"item_purchase_floors":[3,21,21,21],"current_hp_per_floor":[76,78,78,83,83,83,71,85,85,85,85,83,56,45,70,18,85,78,60,59,59,59,43,53,53,53,53,23,45,37,43,66,0],"gold":100,"neow_bonus":"REMOVE_CARD","is_prod":false,"is_daily":false,"chose_seed":false,"campfire_upgraded":3,"win_rate":0,"timestamp":1559359619,"path_taken":["M","M","$","?","$","R","?","R","T","M","R","M","E","M","R","BOSS","M","M","?","$","M","?","M","R","T","?","E","?","M","M","R","BOSS"],"build_version":"2019-01-23","purchased_purges":1,"victory":false,"max_hp_per_floor":[80,80,80,85,85,85,85,85,85,85,85,85,85,85,85,85,85,85,85,59,59,59,59,59,59,59,59,66,66,66,66,66,66],"card_choices":[{"not_picked":["Carnage","Sentinel"],"picked":"Iron Wave","floor":1},{"not_picked":["Rage","Clash"],"picked":"Disarm","floor":2},{"not_picked":["Power Through","True Grit"],"picked":"Armaments","floor":10},{"not_picked":["Anger","Reckless Charge","Second Wind"],"picked":"SKIP","floor":12},{"not_picked":["Flex","Wild Strike"],"picked":"Shrug It Off","floor":13},{"not_picked":["Combust","Hemokinesis"],"picked":"Heavy Blade","floor":14},{"not_picked":["Reaper","Exhume"],"picked":"Juggernaut","floor":16},{"not_picked":["Clash+1","Havoc","Warcry+1"],"picked":"SKIP","floor":18},{"not_picked":["Pummel","Havoc"],"picked":"Uppercut","floor":19},{"not_picked":["Iron Wave","Sword Boomerang"],"picked":"Whirlwind","floor":22},{"not_picked":["Armaments","Sentinel"],"picked":"Heavy Blade+1","floor":24},{"not_picked":["Combust","Whirlwind+1"],"picked":"Flame Barrier","floor":28},{"not_picked":["Sword Boomerang","Flex"],"picked":"Spot Weakness+1","floor":30},{"not_picked":["Havoc","Thunderclap"],"picked":"Bloodletting+1","floor":31}],"player_experience":245971,"relics_obtained":[{"floor":13,"key":"Boot"},{"floor":23,"key":"Necronomicon"},{"floor":26,"key":"Matryoshka"},{"floor":28,"key":"Strawberry"}],"event_choices":[{"damage_healed":0,"gold_gain":0,"player_choice":"Donut","damage_taken":0,"max_hp_gain":5,"max_hp_loss":0,"event_name":"Big Fish","floor":4,"gold_loss":0},{"damage_healed":0,"gold_gain":0,"player_choice":"Success","damage_taken":12,"relics_obtained":["Tiny Chest"],"max_hp_gain":0,"max_hp_loss":0,"event_name":"Scrap Ooze","floor":7,"gold_loss":0},{"damage_healed":0,"gold_gain":0,"player_choice":"Became a vampire","damage_taken":0,"max_hp_gain":0,"max_hp_loss":26,"event_name":"Vampires","floor":20,"gold_loss":0,"cards_obtained":["Bite","Bite","Bite","Bite","Bite"]},{"damage_healed":0,"gold_gain":0,"player_choice":"Obtained Book","damage_taken":16,"max_hp_gain":0,"max_hp_loss":0,"event_name":"Cursed Tome","floor":23,"gold_loss":0},{"damage_healed":0,"gold_gain":0,"player_choice":"Stole Relic","damage_taken":0,"relics_obtained":["Regal Pillow"],"max_hp_gain":0,"max_hp_loss":0,"event_name":"Addict","floor":27,"gold_loss":0,"cards_obtained":["Shame"]},{"damage_healed":22,"gold_gain":0,"player_choice":"Heal","damage_taken":0,"max_hp_gain":0,"max_hp_loss":0,"event_name":"The Library","floor":29,"gold_loss":0}],"is_beta":false,"boss_relics":[{"not_picked":["Black Star","Orrery"],"picked":"Black Blood"}],"items_purged_floors":[3],"is_endless":false,"potions_floor_spawned":[1,24,28],"killed_by":"Champ","ascension_level":1}