{"gold_per_floor":[112,132,57,57,76,76,86,86,141,141,161,177,177,152,152,247,247,264,264,264,283,283,283,283,295,295,309,309,322,372,387,387,487,487,498,398,398,498,511,530,540,371,371,371,388,46,46,46,46,46],"floor_reached":51,"playtime":1694,"items_purged":["Strike_R","Brutality"],"score":714,"play_id":"b94c2fe7-1b68-4a8f-babe-7103c291759a","local_time":"20190710200352","is_ascension_mode":false,"campfire_choices":[{"data":"True Grit","floor":6.0,"key":"SMITH"},{"data":"Bash","floor":10.0,"key":"SMITH"},{"data":"Demon Form","floor":13.0,"key":"SMITH"},{"data":"Clothesline","floor":15.0,"key":"SMITH"},{"data":"Heavy Blade","floor":23.0,"key":"SMITH"},{"floor":32.0,"key":"REST"},{"floor":44,"key":"REST"},{"floor":47,"key":"REST"},{"floor":49,"key":"REST"}],"neow_cost":"NONE","seed_source_timestamp":0,"circlet_count":0,"master_deck":["Strike_R","Strike_R","Defend_R","Defend_R","Defend_R","Defend_R","Bash+1","True Grit+1","Shrug It Off","Juggernaut","Perfected Strike","Clothesline+1","Spot Weakness","Demon Form+1","Heavy Blade+1","Combust+1","Immolate","Sword Boomerang","Flame Barrier","Flame Barrier+1","Limit Break","Fiend Fire","The Bomb","Sword Boomerang+1","The Bomb","Barricade","Apotheosis"],"special_seed":0,"relics":["Snecko Eye"],"potions_floor_usage":[33,33,41,41,50,50],"damage_taken":[{"damage":0.0,"enemies":"Small Slimes","floor":1.0,"turns":3.0},{"damage":1.0,"enemies":"Cultist","floor":2.0,"turns":3.0},{"damage":0.0,"enemies":"2 Louse","floor":5.0,"turns":2.0},{"damage":0.0,"enemies":"Exordium Wildlife","floor":7.0,"turns":4.0},{"damage":0.0,"enemies":"Large Slime","floor":11.0,"turns":2.0},{"damage":1.0,"enemies":"Exordium Thugs","floor":12.0,"turns":3.0},{"damage":26.0,"enemies":"Hexaghost","floor":16.0,"turns":6.0},{"damage":23.0,"enemies":"3 Byrds","floor":18.0,"turns":6.0},{"damage":0.0,"enemies":"Chosen","floor":21.0,"turns":3.0},{"damage":13.0,"enemies":"Sentry and Sphere","floor":25.0,"turns":3.0},{"damage":13.0,"enemies":"Snake Plant","floor":27.0,"turns":4.0},{"damage":0.0,"enemies":"Shelled Parasite and Fungi","floor":29.0,"turns":3.0},{"damage":21.0,"enemies":"Centurion and Healer","floor":31.0,"turns":6.0},{"damage":4,"enemies":"Collector","floor":33,"turns":7},{"damage":5,"enemies":"Orb Walker","floor":35,"turns":3},{"damage":22,"enemies":"Mind Bloom Boss Battle","floor":38,"turns":8},{"damage":23,"enemies":"3 Darklings","floor":39,"turns":4},{"damage":0,"enemies":"Maw","floor":40,"turns":6},{"damage":3,"enemies":"Spire Growth","floor":41,"turns":4},{"damage":34,"enemies":"Jaw Worm Horde","floor":45,"turns":5},{"damage":32,"enemies":"Time Eater","floor":50,"turns":8}],"seed_played":"3947173469643820523","potions_obtained":[{"floor":5.0,"key":"EssenceOfSteel"},{"floor":11.0,"key":"EssenceOfSteel"},{"floor":16.0,"key":"Regen Potion"},{"floor":29.0,"key":"PowerPotion"},{"floor":33,"key":"SkillPotion"},{"floor":39,"key":"Dexterity Potion"},{"floor":45,"key":"SkillPotion"}],"is_trial":false,"path_per_floor":["M","M","$","?","M","R","M","?","T","R","M","M","R","$","R","B",null,"M","?","?","M","$","R","$","M","T","M","?","M","?","M","R","B",null,"M","$","?","?","M","M","M","$","T","R","M","$","R","?","R","B",null],"character_chosen":"IRONCLAD","items_purchased":["Heavy Blade","The Bomb","Barricade","Apotheosis"],"campfire_rested":4,"item_purchase_floors":[14,42,46,46],"current_hp_per_floor":[80,79,79,79,79,79,79,84,84,84,84,83,83,83,83,57,85,62,62,62,62,62,62,62,54,54,41,69,69,69,48,73,69,85,80,80,80,58,35,35,32,32,32,57,23,23,48,48,72,40],"gold":46,"neow_bonus":"BOSS_RELIC","is_prod":false,"is_daily":false,"chose_seed":false,"campfire_upgraded":5,"win_rate":0,"timestamp":1562803432,"path_taken":["M","M","$","?","M","R","M","?","T","R","M","M","R","$","R","BOSS","M","?","?","M","$","R","$","M","T","M","?","?","?","?","R","BOSS","M","$","?","?","?","M","M","$","T","R","M","$","R","?","R","BOSS"],"build_version":"2019-07-05","purchased_purges":2,"victory":true,"max_hp_per_floor":[80,80,80,80,80,80,80,85,85,85,85,85,85,85,85,85,85,85,85,85,85,85,85,85,85,85,85,85,85,85,85,85,85,85,85,85,85,85,85,85,85,85,85,85,85,85,85,81,81,81],"card_choices":[{"not_picked":["Metallicize","Thunderclap"],"picked":"True Grit","floor":1.0},{"not_picked":["Clash","Iron Wave"],"picked":"Shrug It Off","floor":2.0},{"not_picked":["Twin Strike","Warcry"],"picked":"Clothesline","floor":5.0},{"not_picked":["Pommel Strike","Reckless Charge"],"picked":"Spot Weakness","floor":7.0},{"not_picked":["Searing Blow","Wild Strike"],"picked":"Demon Form","floor":11.0},{"not_picked":["Headbutt","Dropkick","Shrug It Off"],"picked":"SKIP","floor":12.0},{"not_picked":["Flex","Anger"],"picked":"Combust+1","floor":18.0},{"not_picked":["Ghostly Armor","Clash+1"],"picked":"Sword Boomerang","floor":21.0},{"not_picked":["Havoc+1","Body Slam"],"picked":"Flame Barrier","floor":25.0},{"not_picked":["Armaments","Wild Strike"],"picked":"Flame Barrier+1","floor":27.0},{"not_picked":["Heavy Blade+1","Perfected Strike+1"],"picked":"Limit Break","floor":29.0},{"not_picked":["True Grit","Havoc+1","Pummel"],"picked":"SKIP","floor":31.0},{"not_picked":["Impervious","Juggernaut"],"picked":"Fiend Fire","floor":33},{"not_picked":["Warcry","Pommel Strike","Iron Wave"],"picked":"SKIP","floor":35},{"not_picked":["Good Instincts","Thinking Ahead"],"picked":"The Bomb","floor":37},{"not_picked":["Twin Strike+1","Armaments"],"picked":"Sword Boomerang+1","floor":38},{"not_picked":["Twin Strike","Sword Boomerang","Cleave"],"picked":"SKIP","floor":39},{"not_picked":["Heavy Blade","Reckless Charge+1","Rage+1"],"picked":"SKIP","floor":40},{"not_picked":["Anger+1","Cleave+1","Heavy Blade"],"picked":"SKIP","floor":41},{"not_picked":["Armaments","Whirlwind+1","Perfected Strike+1"],"picked":"SKIP","floor":45}],"player_experience":952571,"relics_obtained":[],"event_choices":[{"damage_healed":0.0,"max_hp_gain":0.0,"max_hp_loss":0.0,"gold_gain":0.0,"event_name":"Match and Keep!","player_choice":"2 cards matched","floor":4.0,"gold_loss":0.0,"damage_taken":0.0,"cards_obtained":["Juggernaut","Perfected Strike"]},{"damage_healed":0.0,"max_hp_gain":5.0,"max_hp_loss":0.0,"gold_gain":0.0,"event_name":"Big Fish","player_choice":"Donut","floor":8.0,"gold_loss":0.0,"damage_taken":0.0},{"damage_healed":0.0,"max_hp_gain":0.0,"max_hp_loss":0.0,"gold_gain":0.0,"cards_transformed":["Strike_R","Strike_R"],"event_name":"Drug Dealer","player_choice":"Became Test Subject","floor":19.0,"gold_loss":0.0,"damage_taken":0.0,"cards_obtained":["Brutality","Immolate"]},{"damage_healed":0.0,"max_hp_gain":0.0,"max_hp_loss":0.0,"gold_gain":0.0,"event_name":"Ghosts","player_choice":"Ignored","floor":20.0,"gold_loss":0.0,"damage_taken":0.0},{"damage_healed":28.0,"max_hp_gain":0.0,"max_hp_loss":0.0,"gold_gain":0.0,"event_name":"The Library","player_choice":"Heal","floor":28.0,"gold_loss":0.0,"damage_taken":0.0},{"damage_healed":0.0,"max_hp_gain":0.0,"max_hp_loss":0.0,"gold_gain":100.0,"event_name":"The Joust","player_choice":"Bet on Murderer","floor":30.0,"gold_loss":50.0,"damage_taken":0.0},{"damage_healed":0,"gold_gain":0,"player_choice":"Memory 1","damage_taken":0,"max_hp_gain":0,"max_hp_loss":0,"event_name":"SensoryStone","floor":37,"gold_loss":0},{"damage_healed":0,"gold_gain":0,"player_choice":"Fight","damage_taken":0,"max_hp_gain":0,"max_hp_loss":0,"event_name":"MindBloom","floor":38,"gold_loss":0},{"damage_healed":0,"gold_gain":0,"player_choice":"Max HP","damage_taken":0,"max_hp_gain":0,"max_hp_loss":4,"event_name":"Winding Halls","floor":48,"gold_loss":0}],"is_beta":false,"boss_relics":[{"not_picked":["Empty Cage","Calling Bell","Tiny House"]},{"not_picked":["Velvet Choker","Cursed Key","Runic Cube"]}],"items_purged_floors":[3,36],"is_endless":false,"potions_floor_spawned":[5,11,16,18,29,31,33,39,45],"ascension_level":0}