{"gold_per_floor":[112,124,139,139,150,150,185,185,212,245,245,1,30,50,50,50],"floor_reached":16,"playtime":503,"items_purged":[],"score":236,"play_id":"596ffd40-f8cb-4eb7-87e1-e9b71963b4f0","local_time":"20190329214819","is_ascension_mode":true,"campfire_choices":[{"data":"Zap","floor":6.0,"key":"SMITH"},{"data":"Hologram","floor":8.0,"key":"SMITH"},{"data":"Defragment","floor":15,"key":"SMITH"}],"neow_cost":"NONE","seed_source_timestamp":8494590275842635,"circlet_count":0,"master_deck":["AscendersBane","Strike_B","Strike_B","Defend_B","Defend_B","Defend_B","Defend_B","Zap+1","Dualcast","Gash+1","Glacier","Hologram+1","Cold Snap+1","Go for the Eyes","Reinforced Body","All For One","Defragment+1","White Noise"],"special_seed":0,"relics":["Cracked Core","Smiling Mask","Oddly Smooth Stone","Juzu Bracelet","Whetstone","Happy Flower","PreservedInsect","Odd Mushroom"],"potions_floor_usage":[16],"damage_taken":[{"damage":3.0,"enemies":"Small Slimes","floor":1.0,"turns":3.0},{"damage":0.0,"enemies":"2 Louse","floor":2.0,"turns":1.0},{"damage":0.0,"enemies":"Cultist","floor":3.0,"turns":4.0},{"damage":0.0,"enemies":"Lots of Slimes","floor":5.0,"turns":1.0},{"damage":4.0,"enemies":"3 Sentries","floor":7.0,"turns":9.0},{"damage":10.0,"enemies":"Lagavulin","floor":10.0,"turns":9.0},{"damage":8.0,"enemies":"3 Sentries","floor":13.0,"turns":7.0},{"damage":11.0,"enemies":"The Mushroom Lair","floor":14.0,"turns":4.0},{"damage":19,"enemies":"The Guardian","floor":16,"turns":2}],"seed_played":"8235918351115976493","potions_obtained":[{"floor":1.0,"key":"Explosive Potion"},{"floor":3.0,"key":"Explosive Potion"},{"floor":7.0,"key":"Dexterity Potion"},{"floor":13.0,"key":"Weak Potion"},{"floor":14.0,"key":"Energy Potion"}],"is_trial":false,"path_per_floor":["M","M","M","?","M","R","E","R","T","E","?","$","E","?","R","B"],"character_chosen":"DEFECT","items_purchased":["All For One","Happy Flower"],"campfire_rested":0,"item_purchase_floors":[12,12],"current_hp_per_floor":[61,61,61,56,56,56,52,52,52,42,35,35,27,16,16,0],"gold":50,"neow_bonus":"TRANSFORM_CARD","is_prod":false,"is_daily":false,"chose_seed":false,"campfire_upgraded":3,"win_rate":0,"timestamp":1553910499,"path_taken":["M","M","M","?","M","R","E","R","T","E","?","$","E","?","R","BOSS"],"build_version":"2019-01-23","purchased_purges":0,"victory":false,"max_hp_per_floor":[71,71,71,71,71,71,71,71,71,71,71,71,71,71,71,71],"card_choices":[{"not_picked":["Fusion","Chill","Barrage"],"picked":"SKIP","floor":1.0},{"not_picked":["Static Discharge","Coolheaded"],"picked":"Glacier","floor":2.0},{"not_picked":["Barrage","Aggregate"],"picked":"Hologram","floor":3.0},{"not_picked":["FTL","Leap"],"picked":"Cold Snap","floor":5.0},{"not_picked":["Auto Shields","Stack"],"picked":"Go for the Eyes","floor":7.0},{"not_picked":["Turbo","Reboot"],"picked":"Reinforced Body","floor":10.0},{"not_picked":["Genetic Algorithm","Streamline"],"picked":"Defragment","floor":13.0},{"not_picked":["Sweeping Beam","Storm"],"picked":"White Noise","floor":14.0}],"player_experience":607158,"relics_obtained":[{"floor":7.0,"key":"Oddly Smooth Stone"},{"floor":9.0,"key":"Juzu Bracelet"},{"floor":10.0,"key":"Whetstone"},{"floor":13.0,"key":"PreservedInsect"},{"floor":14.0,"key":"Odd Mushroom"}],"event_choices":[{"damage_healed":0.0,"max_hp_gain":0.0,"max_hp_loss":0.0,"gold_gain":0.0,"event_name":"Scrap Ooze","player_choice":"Success","floor":4.0,"gold_loss":0.0,"damage_taken":5.0,"relics_obtained":["Smiling Mask"]},{"cards_removed":["Strike_B"],"damage_healed":0.0,"max_hp_gain":0.0,"max_hp_loss":0.0,"gold_gain":0.0,"event_name":"Golden Wing","player_choice":"Card Removal","floor":11.0,"gold_loss":0.0,"damage_taken":7.0},{"damage_healed":0.0,"max_hp_gain":0.0,"max_hp_loss":0.0,"gold_gain":0.0,"event_name":"Mushrooms","player_choice":"Fought Mushrooms","floor":14.0,"gold_loss":0.0,"damage_taken":0.0}],"is_beta":false,"boss_relics":[],"items_purged_floors":[],"is_endless":false,"potions_floor_spawned":[1,3,7,13,14],"killed_by":"The Guardian","ascension_level":20}