{"gold_per_floor":[111,124,13,26,45,76,86,86,166,166,185,2,37,53,53,148,148,161,161,161,11,23,23,42,42,68,79,79,89,104,114,114,212,262,262,262,277,277,292,292,292],"floor_reached":41,"playtime":2435,"items_purged":["Strike_R"],"score":673,"play_id":"088079f2-a462-452c-890e-5c18cc41b6df","local_time":"20181226192751","is_ascension_mode":true,"campfire_choices":[{"data":"Bash","floor":10.0,"key":"SMITH"},{"data":"Body Slam","floor":15.0,"key":"SMITH"},{"data":"Juggernaut","floor":23.0,"key":"SMITH"},{"data":"Double Tap","floor":32.0,"key":"SMITH"},{"floor":40,"key":"REST"}],"neow_cost":"NONE","seed_source_timestamp":454707406912073,"circlet_count":0,"master_deck":["AscendersBane","Strike_R","Strike_R","Strike_R+1","Defend_R","Defend_R","Defend_R+1","Defend_R","Bash+1","Ghostly Armor","Rage","Dropkick","Metallicize","Body Slam+1","Impervious+1","Mayhem","Double Tap+1","Blood for Blood","Juggernaut+1","Body Slam","Flame Barrier","Limit Break","Rampage","Bludgeon","Rampage","Body Slam+1","Thunderclap+1"],"special_seed":0,"relics":["Burning Blood","Thread and Needle","Gremlin Horn","Turnip","Eternal Feather","Oddly Smooth Stone","War Paint","Tiny House"],"potions_floor_usage":[35],"damage_taken":[{"damage":4.0,"enemies":"Cultist","floor":1.0,"turns":5.0},{"damage":4.0,"enemies":"2 Louse","floor":2.0,"turns":4.0},{"damage":0.0,"enemies":"Jaw Worm","floor":4.0,"turns":6.0},{"damage":2.0,"enemies":"2 Fungi Beasts","floor":5.0,"turns":5.0},{"damage":15.0,"enemies":"3 Sentries","floor":6.0,"turns":18.0},{"damage":14.0,"enemies":"Exordium Wildlife","floor":7.0,"turns":7.0},{"damage":14.0,"enemies":"Large Slime","floor":11.0,"turns":8.0},{"damage":0.0,"enemies":"Lagavulin","floor":13.0,"turns":6.0},{"damage":4.0,"enemies":"3 Louse","floor":14.0,"turns":5.0},{"damage":21.0,"enemies":"The Guardian","floor":16.0,"turns":11.0},{"damage":5.0,"enemies":"Spheric Guardian","floor":18.0,"turns":5.0},{"damage":8.0,"enemies":"Colosseum Slavers","floor":19.0,"turns":4.0},{"damage":7.0,"enemies":"3 Byrds","floor":22.0,"turns":7.0},{"damage":5.0,"enemies":"Cultist and Chosen","floor":24.0,"turns":6.0},{"damage":6.0,"enemies":"Snake Plant","floor":27.0,"turns":4.0},{"damage":7.0,"enemies":"Centurion and Healer","floor":29.0,"turns":8.0},{"damage":0.0,"enemies":"Snecko","floor":30.0,"turns":4.0},{"damage":13.0,"enemies":"Shelled Parasite and Fungi","floor":31.0,"turns":4.0},{"damage":43.0,"enemies":"Champ","floor":33.0,"turns":14.0},{"damage":0,"enemies":"3 Darklings","floor":35,"turns":2},{"damage":2,"enemies":"3 Shapes","floor":37,"turns":8},{"damage":60,"enemies":"Spire Growth","floor":39,"turns":6},{"damage":103,"enemies":"Reptomancer","floor":41,"turns":4}],"seed_played":"-7529022979087548215","potions_obtained":[{"floor":4.0,"key":"SpeedPotion"},{"floor":5.0,"key":"AttackPotion"},{"floor":11.0,"key":"Fire Potion"},{"floor":22.0,"key":"SkillPotion"},{"floor":29.0,"key":"SmokeBomb"},{"floor":34,"key":"SteroidPotion"}],"is_trial":false,"path_per_floor":["M","M","$","M","M","E","M","?","T","R","M","$","E","M","R","B",null,"M","?","?","$","M","R","M","$","T","M","$","M","M","M","R","B",null,"M","?","M","$","M","R","E"],"character_chosen":"IRONCLAD","items_purchased":["Metallicize","Mayhem","Oddly Smooth Stone"],"campfire_rested":1,"item_purchase_floors":[3,12,21],"current_hp_per_floor":[74,76,76,80,80,71,63,68,68,68,60,60,66,68,68,53,77,78,76,76,76,75,85,85,85,85,85,85,84,85,78,85,48,81,87,87,90,90,36,78,0],"gold":292,"neow_bonus":"TRANSFORM_CARD","is_prod":false,"is_daily":false,"chose_seed":false,"campfire_upgraded":4,"win_rate":0,"timestamp":1545870471,"path_taken":["M","?","?","M","?","E","M","?","T","R","M","$","E","M","R","BOSS","M","?","?","$","M","R","M","$","T","M","?","M","M","M","R","BOSS","M","?","M","$","M","R","E"],"build_version":"2018-12-20","purchased_purges":1,"victory":false,"max_hp_per_floor":[80,80,80,80,80,80,80,85,85,85,85,85,85,85,85,85,85,85,85,85,85,85,85,85,85,85,85,85,85,85,85,85,85,90,90,90,90,90,90,90,90],"card_choices":[{"not_picked":["Iron Wave","Wild Strike"],"picked":"Rage","floor":1.0},{"not_picked":["Flex","Heavy Blade"],"picked":"Dropkick","floor":2.0},{"not_picked":["Dual Wield","Blood for Blood"],"picked":"Body Slam","floor":4.0},{"not_picked":["Body Slam","Pommel Strike"],"picked":"Shrug It Off","floor":5.0},{"not_picked":["Heavy Blade","Wild Strike"],"picked":"Impervious","floor":6.0},{"not_picked":["Bloodletting","Warcry","Rupture"],"picked":"SKIP","floor":7.0},{"not_picked":["Ghostly Armor","Warcry","Heavy Blade"],"picked":"SKIP","floor":11.0},{"not_picked":["Heavy Blade","Dark Embrace"],"picked":"Double Tap","floor":13.0},{"not_picked":["Iron Wave","Heavy Blade"],"picked":"Blood for Blood","floor":14.0},{"not_picked":["Exhume","Brutality"],"picked":"Juggernaut","floor":16.0},{"not_picked":["Searing Blow","Sever Soul+1","Hemokinesis"],"picked":"SKIP","floor":18.0},{"not_picked":["Searing Blow","Sever Soul+1","Hemokinesis"],"picked":"SKIP","floor":18.0},{"not_picked":["Perfected Strike+1","Sword Boomerang","Anger"],"picked":"SKIP","floor":22.0},{"not_picked":["Anger","Sword Boomerang"],"picked":"Body Slam","floor":24.0},{"not_picked":["Intimidate","Twin Strike"],"picked":"Flame Barrier","floor":27.0},{"not_picked":["Thunderclap","Heavy Blade","Shrug It Off"],"picked":"SKIP","floor":29.0},{"not_picked":["Shrug It Off","Sword Boomerang"],"picked":"Limit Break","floor":30.0},{"not_picked":["Bloodletting","Havoc"],"picked":"Rampage","floor":31.0},{"not_picked":["Impervious","Limit Break"],"picked":"Bludgeon","floor":33.0},{"not_picked":["Body Slam","Shockwave"],"picked":"Rampage","floor":34},{"not_picked":["Perfected Strike+1","Clash"],"picked":"Body Slam+1","floor":37},{"not_picked":["Heavy Blade+1","Anger+1"],"picked":"Thunderclap+1","floor":39}],"player_experience":538278,"relics_obtained":[{"floor":6.0,"key":"Thread and Needle"},{"floor":9.0,"key":"Gremlin Horn"},{"floor":13.0,"key":"Turnip"},{"floor":26.0,"key":"War Paint"}],"event_choices":[{"damage_healed":0.0,"max_hp_gain":5.0,"max_hp_loss":0.0,"gold_gain":0.0,"event_name":"Big Fish","player_choice":"Donut","floor":8.0,"gold_loss":0.0,"damage_taken":0.0},{"damage_healed":0.0,"max_hp_gain":0.0,"max_hp_loss":0.0,"gold_gain":0.0,"event_name":"Colosseum","player_choice":"Fight","floor":19.0,"gold_loss":0.0,"damage_taken":0.0},{"damage_healed":0.0,"max_hp_gain":0.0,"max_hp_loss":0.0,"gold_gain":0.0,"event_name":"Colosseum","player_choice":"Fled From Nobs","floor":19.0,"gold_loss":0.0,"damage_taken":0.0},{"damage_healed":0.0,"max_hp_gain":0.0,"max_hp_loss":0.0,"gold_gain":0.0,"event_name":"Vampires","player_choice":"Ignored","floor":20.0,"gold_loss":0.0,"damage_taken":0.0},{"cards_removed":["Shrug It Off"],"damage_healed":0,"gold_gain":0,"player_choice":"Removed Skill","damage_taken":0,"max_hp_gain":0,"max_hp_loss":0,"event_name":"Falling","floor":36,"gold_loss":0}],"is_beta":false,"boss_relics":[{"not_picked":["Runic Dome","Velvet Choker"],"picked":"Eternal Feather"},{"not_picked":["Astrolabe","Black Blood"],"picked":"Tiny House"}],"items_purged_floors":[3],"is_endless":false,"potions_floor_spawned":[4,5,11,18,22,29],"killed_by":"Reptomancer","ascension_level":11}