{"gold_per_floor":[216,291,466,53,66,96,113,78,78,78,78,89,122,133,133,209,209,220,235,235,253,253],"floor_reached":22,"playtime":705,"items_purged":["Doubt"],"score":333,"play_id":"1bd96002-feab-4bd3-9bf6-bc60804af460","local_time":"20190125201853","is_ascension_mode":true,"campfire_choices":[{"data":"Whirlwind","floor":10.0,"key":"SMITH"},{"floor":15.0,"key":"REST"}],"neow_cost":"NONE","seed_source_timestamp":0,"circlet_count":0,"master_deck":["AscendersBane","Strike_R","Strike_R","Strike_R","Strike_R","Strike_R","Defend_R","Defend_R","Defend_R","Defend_R","Bash+1","Whirlwind+1","Uppercut","Shockwave","Evolve","Sword Boomerang","Disarm","Metallicize","Juggernaut","Sword Boomerang"],"special_seed":0,"relics":["Burning Blood","Thread and Needle","Ginger","Sundial","Pen Nib","Busted Crown"],"potions_floor_usage":[22],"damage_taken":[{"damage":10.0,"enemies":"Small Slimes","floor":1.0,"turns":3.0},{"damage":0.0,"enemies":"2 Louse","floor":5.0,"turns":2.0},{"damage":32.0,"enemies":"3 Sentries","floor":6.0,"turns":5.0},{"damage":8.0,"enemies":"Jaw Worm","floor":7.0,"turns":4.0},{"damage":0.0,"enemies":"Looter","floor":12.0,"turns":3.0},{"damage":46.0,"enemies":"Lagavulin","floor":13.0,"turns":7.0},{"damage":10.0,"enemies":"Gremlin Gang","floor":14.0,"turns":4.0},{"damage":27.0,"enemies":"The Guardian","floor":16.0,"turns":14.0},{"damage":31,"enemies":"2 Thieves","floor":18,"turns":4},{"damage":20,"enemies":"Spheric Guardian","floor":19,"turns":4},{"damage":25,"enemies":"Centurion and Healer","floor":21,"turns":8},{"damage":8,"enemies":"Shelled Parasite and Fungi","floor":22,"turns":3}],"seed_played":"-1527406737798758599","potions_obtained":[{"floor":5.0,"key":"BloodPotion"},{"floor":6.0,"key":"SkillPotion"},{"floor":7.0,"key":"Weak Potion"},{"floor":14.0,"key":"Regen Potion"},{"floor":18,"key":"Ancient Potion"},{"floor":19,"key":"Weak Potion"}],"is_trial":false,"path_per_floor":["M","?","?","$","M","E","M","?","T","R","?","M","E","M","R","B",null,"M","M","?","M","M"],"character_chosen":"IRONCLAD","items_purchased":["Thread and Needle","Uppercut"],"campfire_rested":1,"item_purchase_floors":[4,4],"current_hp_per_floor":[64,53,53,53,59,40,38,56,56,56,56,62,22,18,40,34,65,40,26,26,7,0],"gold":253,"neow_bonus":"HUNDRED_GOLD","is_prod":false,"is_daily":false,"chose_seed":false,"campfire_upgraded":1,"win_rate":0,"timestamp":1548465533,"path_taken":["M","?","?","$","M","E","M","?","T","R","?","?","E","M","R","BOSS","M","M","?","?","?"],"build_version":"2019-01-23","purchased_purges":1,"victory":false,"max_hp_per_floor":[75,75,75,75,75,75,75,75,75,75,75,75,75,75,75,75,75,75,75,75,75,75],"card_choices":[{"not_picked":["Sword Boomerang","Feel No Pain"],"picked":"Whirlwind","floor":1.0},{"not_picked":["Reckless Charge","Headbutt"],"picked":"Shockwave","floor":5.0},{"not_picked":["Warcry","Bloodletting"],"picked":"Evolve","floor":6.0},{"not_picked":["Feel No Pain","Heavy Blade"],"picked":"Sword Boomerang","floor":7.0},{"not_picked":["Thunderclap","Iron Wave","Havoc"],"picked":"SKIP","floor":12.0},{"not_picked":["Ghostly Armor","Sword Boomerang"],"picked":"Disarm","floor":13.0},{"not_picked":["Sword Boomerang","Disarm"],"picked":"Metallicize","floor":14.0},{"not_picked":["Demon Form","Exhume"],"picked":"Juggernaut","floor":16.0},{"not_picked":["Thunderclap"],"picked":"SKIP","floor":18},{"not_picked":[],"picked":"Sword Boomerang","floor":19},{"not_picked":["Rage"],"picked":"SKIP","floor":21}],"player_experience":561076,"relics_obtained":[{"floor":6.0,"key":"Ginger"},{"floor":9.0,"key":"Sundial"},{"floor":13.0,"key":"Pen Nib"}],"event_choices":[{"damage_healed":0.0,"max_hp_gain":0.0,"max_hp_loss":0.0,"gold_gain":75.0,"event_name":"World of Goop","player_choice":"Gather Gold","floor":2.0,"gold_loss":0.0,"damage_taken":11.0},{"damage_healed":0.0,"max_hp_gain":0.0,"max_hp_loss":0.0,"gold_gain":175.0,"event_name":"Liars Game","player_choice":"AGREE","floor":3.0,"gold_loss":0.0,"damage_taken":0.0,"cards_obtained":["Doubt"]},{"damage_healed":18.0,"max_hp_gain":0.0,"max_hp_loss":0.0,"gold_gain":0.0,"event_name":"The Cleric","player_choice":"Healed","floor":8.0,"gold_loss":35.0,"damage_taken":0.0},{"damage_healed":0.0,"max_hp_gain":0.0,"max_hp_loss":0.0,"gold_gain":0.0,"event_name":"Living Wall","player_choice":"Grow","floor":11.0,"gold_loss":0.0,"damage_taken":0.0,"cards_upgraded":["Bash"]},{"damage_healed":0,"gold_gain":0,"player_choice":"Ignored","damage_taken":0,"max_hp_gain":0,"max_hp_loss":0,"event_name":"N\u0027loth","floor":20,"gold_loss":0}],"is_beta":false,"boss_relics":[{"not_picked":["Astrolabe","Fusion Hammer"],"picked":"Busted Crown"}],"items_purged_floors":[4],"is_endless":false,"potions_floor_spawned":[5,6,7,14,18,19,21],"killed_by":"Shelled Parasite and Fungi","ascension_level":14}