{"gold_per_floor":[117,117,130,53,65,65,99,99,99,24,24,36,36,69,69,145,145,159,159,177,189,37,67,67,96,121,36,36,36,36,36,36,36],"floor_reached":33,"playtime":978,"items_purged":["Defend_B"],"score":678,"play_id":"23d4768b-5a3f-4f44-be8a-446925448ae7","local_time":"20190526222416","is_ascension_mode":true,"campfire_choices":[{"data":"Zap","floor":6.0,"key":"SMITH"},{"floor":8.0,"key":"REST"},{"floor":11.0,"key":"REST"},{"floor":15.0,"key":"REST"},{"data":"Defragment","floor":24.0,"key":"SMITH"},{"data":"Sweeping Beam","floor":28.0,"key":"SMITH"},{"data":"Defend_B","floor":30.0,"key":"SMITH"},{"data":"Defend_B","floor":32.0,"key":"SMITH"}],"neow_cost":"NONE","seed_source_timestamp":100000240165800,"circlet_count":0,"master_deck":["AscendersBane","Strike_B","Strike_B","Defend_B+1","Defend_B+1","Defend_B+1","Zap+1","Dualcast+1","Sweeping Beam+1","Double Energy+1","Tempest+1","Steam+1","Seek+1","Undo+1","Skim+1","Fission+1","Chill+1","Hologram+1","Ball Lightning+1","Defragment+1","Glacier+1","Leap+1"],"special_seed":0,"relics":["Cracked Core","Toxic Egg 2","War Paint","Cables","Meat on the Bone","Eternal Feather","Oddly Smooth Stone","Gambling Chip","Centennial Puzzle","Juzu Bracelet","Nilry\u0027s Codex"],"potions_floor_usage":[],"damage_taken":[{"damage":0.0,"enemies":"2 Louse","floor":1.0,"turns":3.0},{"damage":12.0,"enemies":"Small Slimes","floor":3.0,"turns":3.0},{"damage":2.0,"enemies":"Jaw Worm","floor":5.0,"turns":2.0},{"damage":38.0,"enemies":"Gremlin Nob","floor":7.0,"turns":4.0},{"damage":9.0,"enemies":"Exordium Thugs","floor":12.0,"turns":4.0},{"damage":0.0,"enemies":"Lagavulin","floor":14.0,"turns":4.0},{"damage":20.0,"enemies":"Slime Boss","floor":16.0,"turns":9.0},{"damage":0.0,"enemies":"Chosen","floor":18.0,"turns":3.0},{"damage":0.0,"enemies":"2 Thieves","floor":20.0,"turns":3.0},{"damage":2.0,"enemies":"Chosen and Byrds","floor":21.0,"turns":3.0},{"damage":17.0,"enemies":"Book of Stabbing","floor":23.0,"turns":4.0},{"damage":0.0,"enemies":"Slavers","floor":25.0,"turns":2.0},{"damage":64,"enemies":"Champ","floor":33,"turns":12}],"seed_played":"1289231160428435652","potions_obtained":[{"floor":3.0,"key":"Explosive Potion"},{"floor":5.0,"key":"PowerPotion"},{"floor":16.0,"key":"Fire Potion"},{"floor":23.0,"key":"EssenceOfSteel"},{"floor":25.0,"key":"Regen Potion"}],"is_trial":false,"path_per_floor":["M","?","M","$","M","R","E","R","T","?","R","M","$","E","R","B",null,"M","?","M","M","$","E","R","E","T","?","R","$","R","?","R","B"],"character_chosen":"DEFECT","items_purchased":["Tempest+1","Defragment"],"campfire_rested":3,"item_purchase_floors":[4,22],"current_hp_per_floor":[64,59,47,47,45,45,7,28,28,28,49,40,40,40,61,41,64,64,64,64,62,62,45,57,57,57,57,69,69,71,50,62,0],"gold":36,"neow_bonus":"REMOVE_CARD","is_prod":false,"is_daily":false,"chose_seed":false,"campfire_upgraded":5,"win_rate":0,"timestamp":1558905856,"path_taken":["M","?","M","$","M","R","E","R","T","?","R","M","?","E","R","BOSS","M","?","M","M","?","E","R","E","T","?","R","$","R","?","R","BOSS"],"build_version":"2019-01-23","purchased_purges":1,"victory":false,"max_hp_per_floor":[71,71,71,71,71,71,71,71,71,71,71,71,71,71,71,71,71,71,71,71,71,71,71,71,71,71,71,71,71,71,71,71,71],"card_choices":[{"not_picked":["Beam Cell","Barrage"],"picked":"Sweeping Beam","floor":1.0},{"not_picked":["Doom and Gloom","Blizzard"],"picked":"Double Energy+1","floor":3.0},{"not_picked":["Barrage","Turbo+1"],"picked":"Steam+1","floor":5.0},{"not_picked":["Loop","FTL"],"picked":"Seek+1","floor":7.0},{"not_picked":["Turbo+1","Compile Driver"],"picked":"Undo+1","floor":12.0},{"not_picked":["FTL","Rebound"],"picked":"Skim+1","floor":14.0},{"not_picked":["Amplify+1","Echo Form"],"picked":"Fission+1","floor":16.0},{"not_picked":["Reprogram+1","Chaos+1"],"picked":"Chill+1","floor":18.0},{"not_picked":["Blizzard+1","Leap+1"],"picked":"Hologram+1","floor":20.0},{"not_picked":["Sunder+1","Go for the Eyes+1"],"picked":"Ball Lightning+1","floor":21.0},{"not_picked":["White Noise+1","Coolheaded+1"],"picked":"Glacier+1","floor":23.0},{"not_picked":["Aggregate+1","Static Discharge"],"picked":"Leap+1","floor":25.0}],"player_experience":1407217,"relics_obtained":[{"floor":7.0,"key":"War Paint"},{"floor":9.0,"key":"Cables"},{"floor":14.0,"key":"Meat on the Bone"},{"floor":23.0,"key":"Oddly Smooth Stone"},{"floor":25.0,"key":"Gambling Chip"},{"floor":26.0,"key":"Centennial Puzzle"},{"floor":31.0,"key":"Nilry\u0027s Codex"}],"event_choices":[{"damage_healed":0.0,"max_hp_gain":0.0,"max_hp_loss":0.0,"gold_gain":0.0,"event_name":"Scrap Ooze","player_choice":"Success","floor":2.0,"gold_loss":0.0,"damage_taken":5.0,"relics_obtained":["Toxic Egg 2"]},{"cards_removed":["Strike_B"],"damage_healed":0.0,"max_hp_gain":0.0,"max_hp_loss":0.0,"gold_gain":0.0,"event_name":"The Cleric","player_choice":"Card Removal","floor":10.0,"gold_loss":75.0,"damage_taken":0.0},{"damage_healed":0.0,"max_hp_gain":0.0,"max_hp_loss":0.0,"gold_gain":0.0,"event_name":"N\u0027loth","player_choice":"Ignored","floor":19.0,"gold_loss":0.0,"damage_taken":0.0},{"damage_healed":0.0,"max_hp_gain":0.0,"max_hp_loss":0.0,"gold_gain":0.0,"event_name":"Addict","player_choice":"Obtained Relic","floor":27.0,"gold_loss":85.0,"damage_taken":0.0,"relics_obtained":["Juzu Bracelet"]},{"damage_healed":0.0,"max_hp_gain":0.0,"max_hp_loss":0.0,"gold_gain":0.0,"event_name":"Cursed Tome","player_choice":"Obtained Book","floor":31.0,"gold_loss":0.0,"damage_taken":21.0}],"is_beta":false,"boss_relics":[{"not_picked":["Tiny House","Snecko Eye"],"picked":"Eternal Feather"}],"items_purged_floors":[22],"is_endless":false,"potions_floor_spawned":[3,5,16,23,25],"killed_by":"Champ","ascension_level":20}