{"gold_per_floor":[15,15,27,27,27,27,47,47,70,97,110,110,145,163,163,240,240,254,31,45,45,145,145,30,30,30,40,57,57,76,86,86,160,160,170,184,201,201,101,101,201,201,201,201,201,215,246,266,266,266],"floor_reached":50,"playtime":2169,"items_purged":["Injury","Normality"],"score":1089,"play_id":"fc0aa304-7414-4c8b-89a0-f192274739a7","local_time":"20190316150504","is_ascension_mode":true,"campfire_choices":[{"data":"Defragment","floor":6.0,"key":"SMITH"},{"data":"Zap","floor":8.0,"key":"SMITH"},{"data":"White Noise","floor":12.0,"key":"SMITH"},{"data":"Biased Cognition","floor":15,"key":"SMITH"},{"data":"Creative AI","floor":23,"key":"SMITH"},{"floor":25,"key":"REST"},{"floor":29,"key":"REST"},{"data":"Hologram","floor":32,"key":"SMITH"},{"floor":40,"key":"RECALL"},{"data":"1","floor":42,"key":"LIFT"},{"data":"2","floor":45,"key":"LIFT"},{"floor":49,"key":"REST"}],"neow_cost":"NO_GOLD","seed_source_timestamp":7345831766536342,"circlet_count":0,"master_deck":["AscendersBane","Strike_B","Strike_B","Strike_B","Defend_B","Defend_B","Defend_B","Defend_B","Zap+1","Dualcast","Ball Lightning","Defragment+1","White Noise+1","Biased Cognition+1","Cold Snap","Glacier","Conserve Battery","Creative AI+1","FTL","Conserve Battery","Ball Lightning","Self Repair","Normality","Hologram+1","Force Field","Ball Lightning","Streamline+1","Core Surge","Blizzard","FTL","Decay","Injury"],"special_seed":0,"relics":["Cracked Core","WingedGreaves","Centennial Puzzle","Mercury Hourglass","Ice Cream","Cursed Key","Lee\u0027s Waffle","Darkstone Periapt","Girya","Pantograph","FossilizedHelix","Busted Crown","Kunai","Prayer Wheel","Blue Candle","Thread and Needle"],"potions_floor_usage":[18,22,31,33,47,48],"damage_taken":[{"damage":2.0,"enemies":"Cultist","floor":1.0,"turns":4.0},{"damage":7.0,"enemies":"Small Slimes","floor":3.0,"turns":3.0},{"damage":9.0,"enemies":"Jaw Worm","floor":7.0,"turns":4.0},{"damage":4.0,"enemies":"Gremlin Nob","floor":10.0,"turns":3.0},{"damage":3.0,"enemies":"Blue Slaver","floor":11.0,"turns":3.0},{"damage":18,"enemies":"Lagavulin","floor":13,"turns":6},{"damage":0,"enemies":"Exordium Thugs","floor":14,"turns":3},{"damage":1,"enemies":"Hexaghost","floor":16,"turns":8},{"damage":6,"enemies":"3 Byrds","floor":18,"turns":2},{"damage":11,"enemies":"Spheric Guardian","floor":20,"turns":4},{"damage":20,"enemies":"Colosseum Slavers","floor":22,"turns":4},{"damage":9,"enemies":"Colosseum Nobs","floor":22,"turns":3},{"damage":15,"enemies":"Centurion and Healer","floor":27,"turns":5},{"damage":28,"enemies":"Cultist and Chosen","floor":28,"turns":7},{"damage":11,"enemies":"Shelled Parasite and Fungi","floor":30,"turns":6},{"damage":2,"enemies":"Centurion and Healer","floor":31,"turns":6},{"damage":0,"enemies":"Champ","floor":33,"turns":15},{"damage":0,"enemies":"Orb Walker","floor":35,"turns":3},{"damage":13,"enemies":"3 Shapes","floor":36,"turns":4},{"damage":23,"enemies":"Sphere and 2 Shapes","floor":37,"turns":4},{"damage":8,"enemies":"Mind Bloom Boss Battle","floor":41,"turns":6},{"damage":14,"enemies":"Transient","floor":46,"turns":6},{"damage":62,"enemies":"Giant Head","floor":47,"turns":9},{"damage":0,"enemies":"3 Darklings","floor":48,"turns":5},{"damage":118,"enemies":"Awakened One","floor":50,"turns":8}],"seed_played":"-4725437619391993074","potions_obtained":[{"floor":3.0,"key":"Ancient Potion"},{"floor":14,"key":"Explosive Potion"},{"floor":16,"key":"Dexterity Potion"},{"floor":18,"key":"Explosive Potion"},{"floor":28,"key":"Explosive Potion"},{"floor":33,"key":"Strength Potion"},{"floor":35,"key":"AttackPotion"},{"floor":47,"key":"Swift Potion"}],"is_trial":false,"path_per_floor":["M","?","M","?","?","R","M","R","T","E","M","R","E","M","R","B",null,"M","$","M","T","?","R","$","R","T","M","M","R","M","M","R","B",null,"M","M","M","T","$","R","?","R","T","T","R","M","E","M","R","B"],"character_chosen":"DEFECT","items_purchased":["Lee\u0027s Waffle","Self Repair"],"campfire_rested":3,"item_purchase_floors":[19,24],"current_hp_per_floor":[62,62,55,55,55,55,46,46,46,42,39,39,21,21,21,20,58,52,78,67,67,38,38,38,61,67,59,38,63,59,64,64,84,84,84,78,62,68,68,68,89,89,95,101,101,94,39,46,76,0],"gold":266,"neow_bonus":"ONE_RARE_RELIC","is_prod":false,"is_daily":false,"chose_seed":false,"campfire_upgraded":6,"win_rate":0,"timestamp":1552763104,"path_taken":["M","?","?","?","?","R","M","R","T","E","?","R","E","M","R","BOSS","M","$","?","?","?","R","?","R","T","M","?","R","?","M","R","BOSS","M","M","M","?","$","R","?","R","T","?","R","M","E","M","R","BOSS"],"build_version":"2019-01-23","purchased_purges":2,"victory":false,"max_hp_per_floor":[71,71,71,71,71,71,71,71,71,71,71,71,71,71,71,71,71,71,78,78,78,78,78,78,78,84,84,84,84,84,84,84,84,84,84,84,84,90,90,90,90,90,96,102,102,102,102,102,102,102],"card_choices":[{"not_picked":["Streamline","Rebound"],"picked":"Ball Lightning","floor":1.0},{"not_picked":["Double Energy","Turbo"],"picked":"Defragment","floor":3.0},{"not_picked":["Coolheaded","Go for the Eyes"],"picked":"White Noise","floor":7.0},{"not_picked":["Leap","White Noise"],"picked":"Biased Cognition","floor":10.0},{"not_picked":["Barrage","Conserve Battery"],"picked":"Cold Snap","floor":11.0},{"not_picked":["Rainbow","Cold Snap"],"picked":"Glacier","floor":13},{"not_picked":["Turbo","Leap"],"picked":"Conserve Battery","floor":14},{"not_picked":["Amplify","Buffer"],"picked":"Creative AI","floor":16},{"not_picked":["Steam+1","Sweeping Beam"],"picked":"FTL","floor":18},{"not_picked":["Scrape","Storm"],"picked":"Conserve Battery","floor":20},{"not_picked":["Lockon","Barrage"],"picked":"Ball Lightning","floor":22},{"not_picked":["Redo","Scrape"],"picked":"Hologram","floor":27},{"not_picked":["Lockon","Leap"],"picked":"Force Field","floor":28},{"not_picked":["Cold Snap","Compile Driver"],"picked":"Ball Lightning","floor":30},{"not_picked":["Barrage","Redo"],"picked":"Streamline+1","floor":31},{"not_picked":["Machine Learning","Seek"],"picked":"Core Surge","floor":33},{"not_picked":[],"picked":"Blizzard","floor":35},{"not_picked":[],"picked":"FTL","floor":36},{"not_picked":["Turbo+1"],"picked":"SKIP","floor":37},{"not_picked":["Reprogram+1"],"picked":"SKIP","floor":46},{"not_picked":["Chill"],"picked":"SKIP","floor":46},{"not_picked":["Steam Power"],"picked":"SKIP","floor":47},{"not_picked":["Tempest"],"picked":"SKIP","floor":48},{"not_picked":["Rip and Tear"],"picked":"SKIP","floor":48}],"player_experience":585016,"relics_obtained":[{"floor":9.0,"key":"Centennial Puzzle"},{"floor":10.0,"key":"Mercury Hourglass"},{"floor":13,"key":"Ice Cream"},{"floor":21,"key":"Darkstone Periapt"},{"floor":22,"key":"Girya"},{"floor":22,"key":"Pantograph"},{"floor":26,"key":"FossilizedHelix"},{"floor":38,"key":"Kunai"},{"floor":41,"key":"Prayer Wheel"},{"floor":44,"key":"Blue Candle"},{"floor":47,"key":"Thread and Needle"}],"event_choices":[{"damage_healed":0.0,"max_hp_gain":0.0,"max_hp_loss":0.0,"gold_gain":0.0,"event_name":"WeMeetAgain","player_choice":"Ignored","floor":2.0,"gold_loss":0.0,"damage_taken":0.0},{"damage_healed":0.0,"max_hp_gain":0.0,"max_hp_loss":0.0,"gold_gain":0.0,"event_name":"Liars Game","player_choice":"Ignored","floor":4.0,"gold_loss":0.0,"damage_taken":0.0},{"cards_removed":["Strike_B"],"damage_healed":0.0,"max_hp_gain":0.0,"max_hp_loss":0.0,"gold_gain":0.0,"event_name":"Purifier","player_choice":"Purged","floor":5.0,"gold_loss":0.0,"damage_taken":0.0},{"damage_healed":0,"gold_gain":0,"player_choice":"Fight","damage_taken":0,"max_hp_gain":0,"max_hp_loss":0,"event_name":"Colosseum","floor":22,"gold_loss":0},{"damage_healed":0,"gold_gain":0,"player_choice":"Fought Nobs","damage_taken":0,"max_hp_gain":0,"max_hp_loss":0,"event_name":"Colosseum","floor":22,"gold_loss":0},{"damage_healed":0,"gold_gain":0,"player_choice":"Fight","damage_taken":0,"max_hp_gain":0,"max_hp_loss":0,"event_name":"MindBloom","floor":41,"gold_loss":0}],"is_beta":false,"boss_relics":[{"not_picked":["Nuclear Battery","Runic Pyramid"],"picked":"Cursed Key"},{"not_picked":["Black Star","Velvet Choker"],"picked":"Busted Crown"}],"items_purged_floors":[24,39],"is_endless":false,"potions_floor_spawned":[3,14,16,18,22,28,30,33,35,46,47],"killed_by":"Awakened One","ascension_level":20}