{"gold_per_floor":[115,40,140,156,171,171,196,196,241,241,259,259,288,303,303,401,401,413,413,73,87,2,2,2,2,2,2,18,28,45,65,65,164,164,182,199,0,0,0,0,18,37,91,91,20,40,40,55,55,55],"floor_reached":51,"playtime":2731,"items_purged":["Strike_R","Writhe"],"score":659,"play_id":"964b1502-727a-432d-a0b9-d3713d95d979","local_time":"20190101201745","is_ascension_mode":false,"campfire_choices":[{"data":"Body Slam","floor":6,"key":"SMITH"},{"floor":8,"key":"REST"},{"data":"True Grit","floor":10,"key":"SMITH"},{"data":"Shrug It Off","floor":12,"key":"SMITH"},{"data":"Body Slam","floor":15,"key":"SMITH"},{"floor":23,"key":"REST"},{"floor":25,"key":"REST"},{"data":"True Grit","floor":27,"key":"SMITH"},{"floor":32,"key":"REST"},{"data":"Barricade","floor":40,"key":"SMITH"},{"floor":44,"key":"REST"},{"data":"Shrug It Off","floor":47,"key":"SMITH"},{"floor":49,"key":"REST"}],"neow_cost":"NONE","seed_source_timestamp":1016261520096134,"circlet_count":0,"master_deck":["Strike_R","Strike_R","Strike_R","Strike_R","Defend_R","Defend_R","Defend_R","Defend_R","Bash","Body Slam+1","Uppercut","Shrug It Off+1","True Grit+1","Shrug It Off+1","Body Slam+1","Bloodletting","Dark Embrace","Barricade+1","Feed","True Grit+1","Rage","Double Tap","Ghostly Armor+1","Dramatic Entrance","Feel No Pain","Metallicize","Parasite","Body Slam+1"],"relics":["Black Blood","Red Skull","Ancient Tea Set","Centennial Puzzle","Self Forming Clay","Lizard Tail","Nunchaku","Blood Vial","Sundial","Red Mask","Oddly Smooth Stone"],"potions_floor_usage":[16,33,50,50,50],"damage_taken":[{"damage":0,"enemies":"2 Louse","floor":1,"turns":3},{"damage":0,"enemies":"Cultist","floor":4,"turns":4},{"damage":4,"enemies":"Jaw Worm","floor":5,"turns":5},{"damage":31,"enemies":"3 Sentries","floor":7,"turns":10},{"damage":0,"enemies":"2 Fungi Beasts","floor":11,"turns":3},{"damage":7,"enemies":"Lagavulin","floor":13,"turns":8},{"damage":8,"enemies":"Exordium Wildlife","floor":14,"turns":6},{"damage":7,"enemies":"Slime Boss","floor":16,"turns":7},{"damage":34,"enemies":"3 Byrds","floor":18,"turns":8},{"damage":22,"enemies":"Shell Parasite","floor":21,"turns":8},{"damage":21,"enemies":"Shelled Parasite and Fungi","floor":28,"turns":6},{"damage":19,"enemies":"Centurion and Healer","floor":29,"turns":12},{"damage":15,"enemies":"Snecko","floor":30,"turns":8},{"damage":27,"enemies":"Snake Plant","floor":31,"turns":6},{"damage":28,"enemies":"Automaton","floor":33,"turns":10},{"damage":57,"enemies":"3 Darklings","floor":35,"turns":14},{"damage":24,"enemies":"3 Shapes","floor":36,"turns":5},{"damage":39,"enemies":"3 Darklings","floor":41,"turns":10},{"damage":27,"enemies":"Jaw Worm Horde","floor":42,"turns":6},{"damage":0,"enemies":"Writhing Mass","floor":46,"turns":8},{"damage":65,"enemies":"4 Shapes","floor":48,"turns":8},{"damage":63,"enemies":"Awakened One","floor":50,"turns":14}],"seed_played":"7560641923876985786","potions_obtained":[{"floor":5,"key":"Dexterity Potion"},{"floor":7,"key":"Dexterity Potion"},{"floor":11,"key":"Poison Potion"},{"floor":28,"key":"SteroidPotion"},{"floor":36,"key":"FearPotion"}],"is_trial":false,"path_per_floor":["M","$","?","M","M","R","E","R","T","R","M","R","E","M","R","B",null,"M","?","$","M","?","R","$","R","T","R","M","M","M","M","R","B",null,"M","M","?","?","?","R","M","M","T","R","$","M","R","M","R","B",null],"character_chosen":"IRONCLAD","items_purchased":["Barricade","Feed","Metallicize"],"campfire_rested":6,"item_purchase_floors":[20,20,45],"current_hp_per_floor":[80,80,80,80,80,80,55,79,79,79,80,80,79,77,77,76,80,52,52,52,36,36,60,60,80,80,80,68,60,53,34,59,39,86,39,30,30,30,78,78,49,34,34,57,57,72,72,22,47,42],"gold":55,"neow_bonus":"RANDOM_COMMON_RELIC","is_prod":false,"is_daily":false,"chose_seed":false,"campfire_upgraded":7,"win_rate":0,"timestamp":1546402665,"path_taken":["M","$","?","M","M","R","E","R","T","R","?","R","E","M","R","BOSS","M","?","$","M","?","R","?","R","T","R","?","?","M","M","R","BOSS","M","M","?","?","?","R","M","?","T","R","?","M","R","M","R","BOSS"],"build_version":"2018-12-20","purchased_purges":2,"victory":true,"max_hp_per_floor":[80,80,80,80,80,80,80,80,80,80,80,80,80,80,80,80,80,80,80,80,80,80,80,80,80,80,80,83,86,86,86,86,86,86,86,89,89,89,78,78,78,78,78,78,78,81,81,84,84,84],"card_choices":[{"not_picked":["Twin Strike","Clash"],"picked":"Body Slam","floor":1},{"not_picked":["Rampage","Warcry"],"picked":"Uppercut","floor":4},{"not_picked":["Clash","Iron Wave"],"picked":"Shrug It Off","floor":5},{"not_picked":["Sword Boomerang","Feel No Pain"],"picked":"True Grit","floor":7},{"not_picked":["Pummel","Flame Barrier"],"picked":"Shrug It Off","floor":11},{"not_picked":["Carnage","Havoc"],"picked":"Body Slam","floor":13},{"not_picked":["Havoc","Offering"],"picked":"Bloodletting","floor":14},{"not_picked":["Bludgeon","Fiend Fire"],"picked":"Dark Embrace","floor":16},{"not_picked":["Seeing Red","Pummel","Cleave"],"picked":"SKIP","floor":18},{"not_picked":["Cleave","Flex"],"picked":"True Grit","floor":21},{"not_picked":["Inflame","Flex+1"],"picked":"Rage","floor":28},{"not_picked":["True Grit","Heavy Blade","Thunderclap+1"],"picked":"SKIP","floor":29},{"not_picked":["Clothesline","Anger+1","Warcry"],"picked":"SKIP","floor":30},{"not_picked":["Exhume","Clothesline","Whirlwind"],"picked":"SKIP","floor":31},{"not_picked":["Offering","Feed"],"picked":"Double Tap","floor":33},{"not_picked":["Pommel Strike","Thunderclap+1","True Grit"],"picked":"SKIP","floor":35},{"not_picked":["Rupture","Sword Boomerang+1"],"picked":"Ghostly Armor+1","floor":36},{"not_picked":["Forethought","Finesse"],"picked":"Dramatic Entrance","floor":38},{"not_picked":["Iron Wave","Burning Pact","Perfected Strike"],"picked":"SKIP","floor":41},{"not_picked":["Clothesline","Clash"],"picked":"Feel No Pain","floor":42},{"not_picked":["Perfected Strike","Seeing Red+1"],"picked":"Body Slam+1","floor":46},{"not_picked":["Intimidate","Berserk","Feel No Pain+1"],"picked":"SKIP","floor":48}],"player_experience":102458,"relics_obtained":[{"floor":7,"key":"Ancient Tea Set"},{"floor":9,"key":"Centennial Puzzle"},{"floor":13,"key":"Self Forming Clay"},{"floor":26,"key":"Sundial"},{"floor":43,"key":"Oddly Smooth Stone"}],"event_choices":[{"damage_healed":0,"gold_gain":100,"player_choice":"Pray","damage_taken":0,"max_hp_gain":0,"max_hp_loss":0,"event_name":"Golden Shrine","floor":3,"gold_loss":0},{"damage_healed":0,"gold_gain":0,"player_choice":"Opened","damage_taken":0,"relics_obtained":["Nunchaku"],"max_hp_gain":0,"max_hp_loss":0,"event_name":"The Mausoleum","floor":19,"gold_loss":0,"cards_obtained":["Writhe"]},{"damage_healed":0,"gold_gain":0,"player_choice":"Obtained Relic","damage_taken":0,"relics_obtained":["Blood Vial"],"max_hp_gain":0,"max_hp_loss":0,"event_name":"Addict","floor":22,"gold_loss":85},{"damage_healed":0,"gold_gain":0,"player_choice":"Paid","damage_taken":0,"relics_obtained":["Red Mask"],"max_hp_gain":0,"max_hp_loss":0,"event_name":"Tomb of Lord Red Mask","floor":37,"gold_loss":199},{"damage_healed":0,"gold_gain":0,"player_choice":"Memory 1","damage_taken":0,"max_hp_gain":0,"max_hp_loss":0,"event_name":"SensoryStone","floor":38,"gold_loss":0},{"damage_healed":78,"gold_gain":0,"player_choice":"Heal","damage_taken":0,"max_hp_gain":0,"max_hp_loss":11,"event_name":"The Moai Head","floor":39,"gold_loss":0}],"is_beta":false,"boss_relics":[{"not_picked":["White Beast Statue","Runic Pyramid"],"picked":"Lizard Tail"},{"not_picked":["Runic Dome","Astrolabe"],"picked":"Black Blood"}],"items_purged_floors":[2,20],"is_endless":false,"potions_floor_spawned":[5,7,11,28,29,30,36,42,46,48],"ascension_level":0}