{"gold_per_floor":[219,234,71,88,102,102,102,129,156,215,175,175,189,208,208,279,279,292,302,99,99,149,149,175,187,199,225,237,284,296,320,332,344],"floor_reached":33,"playtime":863,"items_purged":["Strike_R"],"score":504,"play_id":"dd1ac064-6c4b-4015-9f46-7c6b7f621831","local_time":"20190401201620","is_ascension_mode":true,"campfire_choices":[{"data":"Anger","floor":6.0,"key":"SMITH"},{"floor":12.0,"key":"REST"},{"data":"Demon Form","floor":15.0,"key":"SMITH"},{"data":"Clothesline","floor":23.0,"key":"SMITH"},{"floor":28,"key":"REST"},{"floor":30,"key":"REST"},{"floor":32,"key":"REST"}],"neow_cost":"NONE","seed_source_timestamp":8747696333471512,"circlet_count":0,"master_deck":["AscendersBane","Strike_R+1","Strike_R+1","Strike_R","Strike_R","Defend_R","Defend_R","Defend_R","Defend_R","Bash+1","Clothesline","Anger+1","Pommel Strike","Blood for Blood","Metallicize","Perfected Strike","Demon Form+1","Reaper","Clothesline+1","Twin Strike","Sword Boomerang","Flame Barrier","Feed","Anger","Perfected Strike","Shrug It Off"],"special_seed":0,"relics":["Burning Blood","Oddly Smooth Stone","Whetstone","Potion Belt","Orichalcum","Mark of Pain","MawBank","The Courier","Singing Bowl"],"potions_floor_usage":[29],"damage_taken":[{"damage":7.0,"enemies":"Jaw Worm","floor":1.0,"turns":3.0},{"damage":10.0,"enemies":"2 Louse","floor":2.0,"turns":3.0},{"damage":4.0,"enemies":"Cultist","floor":4.0,"turns":3.0},{"damage":10.0,"enemies":"Large Slime","floor":5.0,"turns":6.0},{"damage":32.0,"enemies":"Gremlin Nob","floor":8.0,"turns":4.0},{"damage":25.0,"enemies":"Lagavulin Event","floor":10.0,"turns":4.0},{"damage":4.0,"enemies":"Blue Slaver","floor":13.0,"turns":3.0},{"damage":0.0,"enemies":"2 Fungi Beasts","floor":14.0,"turns":2.0},{"damage":42.0,"enemies":"Slime Boss","floor":16.0,"turns":8.0},{"damage":12.0,"enemies":"Chosen","floor":18.0,"turns":4.0},{"damage":15.0,"enemies":"Spheric Guardian","floor":19.0,"turns":4.0},{"damage":20,"enemies":"Snake Plant","floor":27,"turns":5},{"damage":42,"enemies":"Slavers","floor":29,"turns":7},{"damage":48,"enemies":"3 Cultists","floor":31,"turns":6},{"damage":87,"enemies":"Automaton","floor":33,"turns":6}],"seed_played":"-7945093549981771350","potions_obtained":[{"floor":2.0,"key":"Strength Potion"},{"floor":5.0,"key":"Ancient Potion"},{"floor":11.0,"key":"SteroidPotion"},{"floor":11.0,"key":"SkillPotion"},{"floor":11.0,"key":"Fruit Juice"},{"floor":16.0,"key":"Fire Potion"},{"floor":18.0,"key":"Strength Potion"}],"is_trial":false,"path_per_floor":["M","M","$","M","M","R","?","E","T","?","?","R","M","M","R","B",null,"M","M","$","?","?","R","T","?","T","M","R","E","R","M","R","B"],"character_chosen":"IRONCLAD","items_purchased":["Oddly Smooth Stone","Sword Boomerang","Flame Barrier"],"campfire_rested":4,"item_purchase_floors":[3,20,20],"current_hp_per_floor":[67,63,63,65,61,61,61,35,35,16,21,45,47,53,53,17,64,58,49,49,49,49,49,49,49,49,38,62,35,59,34,60,0],"gold":344,"neow_bonus":"HUNDRED_GOLD","is_prod":false,"is_daily":false,"chose_seed":false,"campfire_upgraded":3,"win_rate":0,"timestamp":1554164180,"path_taken":["M","M","$","M","M","R","?","E","T","?","?","R","M","?","R","BOSS","M","M","$","?","?","R","?","?","T","?","R","E","R","M","R","BOSS"],"build_version":"2019-01-23","purchased_purges":1,"victory":false,"max_hp_per_floor":[75,75,75,75,75,75,75,75,75,75,80,80,80,80,80,80,80,80,80,80,80,80,80,80,80,80,83,83,83,83,88,88,88],"card_choices":[{"not_picked":["Iron Wave","Fire Breathing"],"picked":"Clothesline","floor":1.0},{"not_picked":["Havoc","Intimidate","Infernal Blade"],"picked":"SKIP","floor":2.0},{"not_picked":["Iron Wave","Seeing Red"],"picked":"Anger","floor":4.0},{"not_picked":["Headbutt","Metallicize"],"picked":"Pommel Strike","floor":5.0},{"not_picked":["Havoc","Searing Blow"],"picked":"Blood for Blood","floor":8.0},{"not_picked":["Sword Boomerang","Rage"],"picked":"Metallicize","floor":10.0},{"not_picked":["Twin Strike","Heavy Blade"],"picked":"Perfected Strike","floor":13.0},{"not_picked":["Heavy Blade","Iron Wave"],"picked":"Demon Form","floor":14.0},{"not_picked":["Fiend Fire","Limit Break"],"picked":"Reaper","floor":16.0},{"not_picked":["Feel No Pain","Combust"],"picked":"Clothesline","floor":18.0},{"not_picked":["Armaments","Power Through"],"picked":"Twin Strike","floor":19.0},{"not_picked":["Armaments","Sever Soul"],"picked":"Perfected Strike","floor":27},{"not_picked":["Cleave","Combust"],"picked":"Shrug It Off","floor":29},{"not_picked":["Headbutt","Thunderclap","Second Wind"],"picked":"Singing Bowl","floor":31}],"player_experience":608981,"relics_obtained":[{"floor":8.0,"key":"Whetstone"},{"floor":9.0,"key":"Potion Belt"},{"floor":24.0,"key":"MawBank"},{"floor":26,"key":"The Courier"},{"floor":29,"key":"Singing Bowl"}],"event_choices":[{"damage_healed":0.0,"max_hp_gain":0.0,"max_hp_loss":0.0,"gold_gain":0.0,"event_name":"Living Wall","player_choice":"Grow","floor":7.0,"gold_loss":0.0,"damage_taken":0.0,"cards_upgraded":["Bash"]},{"damage_healed":0.0,"max_hp_gain":0.0,"max_hp_loss":0.0,"gold_gain":0.0,"event_name":"Dead Adventurer","player_choice":"Searched \u00272\u0027 times","floor":10.0,"gold_loss":0.0,"damage_taken":0.0,"relics_obtained":["Orichalcum"]},{"damage_healed":0.0,"max_hp_gain":0.0,"max_hp_loss":0.0,"gold_gain":0.0,"event_name":"The Woman in Blue","player_choice":"Bought 3 Potions","floor":11.0,"gold_loss":0.0,"damage_taken":0.0},{"damage_healed":0.0,"max_hp_gain":0.0,"max_hp_loss":0.0,"gold_gain":0.0,"event_name":"The Mausoleum","player_choice":"Ignored","floor":21.0,"gold_loss":0.0,"damage_taken":0.0},{"damage_healed":0.0,"max_hp_gain":0.0,"max_hp_loss":0.0,"gold_gain":50.0,"event_name":"Nest","player_choice":"Stole From Cult","floor":22.0,"gold_loss":0.0,"damage_taken":0.0},{"damage_healed":0,"gold_gain":0,"player_choice":"2 cards matched","damage_taken":0,"max_hp_gain":0,"max_hp_loss":0,"event_name":"Match and Keep!","floor":25,"gold_loss":0,"cards_obtained":["Feed","Anger"]}],"is_beta":false,"boss_relics":[{"not_picked":["Lizard Tail","Philosopher\u0027s Stone"],"picked":"Mark of Pain"}],"items_purged_floors":[20],"is_endless":false,"potions_floor_spawned":[2,5,8,16,18],"killed_by":"Automaton","ascension_level":18}