{"gold_per_floor":[116,135,185,21,40,75,75,103,151,151,169,169,188,212,212,305,305,329,379,400,400],"floor_reached":21,"playtime":852,"items_purged":[],"score":378,"play_id":"ead584ea-52c6-4484-a050-c2c084034a37","local_time":"20190707183714","is_ascension_mode":true,"campfire_choices":[{"floor":7.0,"key":"REST"},{"floor":10.0,"key":"REST"},{"data":"Poisoned Stab","floor":15.0,"key":"SMITH"}],"neow_cost":"NONE","seed_source_timestamp":0,"circlet_count":0,"master_deck":["AscendersBane","Strike_G","Strike_G","Strike_G","Strike_G+1","Strike_G","Defend_G","Defend_G","Defend_G","Defend_G","Defend_G","Survivor","Neutralize","Dodge and Roll","Poisoned Stab+1","Quick Slash+1","After Image","Prepared","Riddle With Holes","Die Die Die","Glass Knife","Dagger Spray","PiercingWail","Dodge and Roll","Wraith Form v2","Noxious Fumes"],"special_seed":0,"relics":["Ring of the Snake","NeowsBlessing","Orichalcum","Shuriken","Vajra","Happy Flower","Golden Idol","Whetstone","Orrery"],"potions_floor_usage":[],"damage_taken":[{"damage":0.0,"enemies":"Small Slimes","floor":1.0,"turns":1.0},{"damage":0.0,"enemies":"Cultist","floor":2.0,"turns":1.0},{"damage":0.0,"enemies":"2 Louse","floor":5.0,"turns":1.0},{"damage":32.0,"enemies":"3 Sentries","floor":6.0,"turns":15.0},{"damage":34.0,"enemies":"Gremlin Nob","floor":8.0,"turns":5.0},{"damage":5.0,"enemies":"Exordium Wildlife","floor":11.0,"turns":7.0},{"damage":2.0,"enemies":"Large Slime","floor":13.0,"turns":5.0},{"damage":12.0,"enemies":"Hexaghost","floor":16.0,"turns":9.0},{"damage":0,"enemies":"Spheric Guardian","floor":18,"turns":3},{"damage":22,"enemies":"2 Thieves","floor":20,"turns":4},{"damage":32,"enemies":"3 Cultists","floor":21,"turns":4}],"seed_played":"-3278583899718026418","potions_obtained":[{"floor":2.0,"key":"SpeedPotion"},{"floor":6.0,"key":"SpeedPotion"},{"floor":11.0,"key":"Strength Potion"},{"floor":16.0,"key":"LiquidBronze"},{"floor":18,"key":"Strength Potion"}],"is_trial":false,"path_per_floor":["M","M","?","$","M","E","R","E","T","R","M","?","M","T","R","B",null,"M","?","M","M"],"character_chosen":"THE_SILENT","items_purchased":["Orichalcum"],"campfire_rested":2,"item_purchase_floors":[4],"current_hp_per_floor":[59,59,53,53,53,21,40,6,6,25,20,20,18,18,18,6,47,47,47,25,0],"gold":400,"neow_bonus":"THREE_ENEMY_KILL","is_prod":false,"is_daily":false,"chose_seed":false,"campfire_upgraded":1,"win_rate":0,"timestamp":1562539034,"path_taken":["M","M","?","$","?","E","R","E","T","R","M","?","M","?","R","BOSS","M","?","M","?"],"build_version":"2019-07-05","purchased_purges":0,"victory":false,"max_hp_per_floor":[66,66,66,66,66,66,66,66,66,66,66,60,60,60,60,60,60,60,60,60,60],"card_choices":[{"not_picked":["Acrobatics","Accuracy"],"picked":"Dodge and Roll","floor":1.0},{"not_picked":["Flechettes","Riddle With Holes"],"picked":"Poisoned Stab","floor":2.0},{"not_picked":["Backflip","Deadly Poison"],"picked":"Quick Slash","floor":5.0},{"not_picked":["Masterful Stab","Sucker Punch"],"picked":"After Image","floor":6.0},{"not_picked":["Eviscerate","Wraith Form v2"],"picked":"Prepared","floor":8.0},{"not_picked":["Predator","Underhanded Strike"],"picked":"Riddle With Holes","floor":11.0},{"not_picked":["Dagger Throw","Heel Hook","Reflex"],"picked":"SKIP","floor":13.0},{"not_picked":["Night Terror","Wraith Form v2"],"picked":"Die Die Die","floor":16.0},{"not_picked":["Dagger Spray","Dodge and Roll"],"picked":"Glass Knife","floor":17.0},{"not_picked":["Underhanded Strike","Backflip"],"picked":"Dagger Spray","floor":17.0},{"not_picked":["Bane","Caltrops"],"picked":"PiercingWail","floor":17.0},{"not_picked":["Poisoned Stab","Prepared"],"picked":"Dodge and Roll","floor":17.0},{"not_picked":["Tactician","Underhanded Strike"],"picked":"Wraith Form v2","floor":18},{"not_picked":["Prepared","Backflip"],"picked":"Noxious Fumes","floor":20}],"player_experience":905976,"relics_obtained":[{"floor":6.0,"key":"Shuriken"},{"floor":8.0,"key":"Vajra"},{"floor":9.0,"key":"Happy Flower"},{"floor":14.0,"key":"Whetstone"}],"event_choices":[{"damage_healed":0.0,"max_hp_gain":0.0,"max_hp_loss":0.0,"gold_gain":50.0,"event_name":"FaceTrader","player_choice":"Touch","floor":3.0,"gold_loss":0.0,"damage_taken":6.0},{"damage_healed":0.0,"max_hp_gain":0.0,"max_hp_loss":6.0,"gold_gain":0.0,"event_name":"Golden Idol","player_choice":"Lose Max HP","floor":12.0,"gold_loss":0.0,"damage_taken":0.0,"relics_obtained":["Golden Idol"]},{"damage_healed":0,"gold_gain":50,"player_choice":"Pray","damage_taken":0,"max_hp_gain":0,"max_hp_loss":0,"event_name":"Golden Shrine","floor":19,"gold_loss":0}],"is_beta":false,"boss_relics":[{"not_picked":["HoveringKite","Empty Cage"],"picked":"Orrery"}],"items_purged_floors":[],"is_endless":false,"potions_floor_spawned":[2,6,11,16,18],"killed_by":"3 Cultists","ascension_level":20}