{"gold_per_floor":[16,16,16,16,66,101,101,101],"floor_reached":8,"playtime":210,"items_purged":[],"score":104,"play_id":"faa48988-21fe-45ba-89a0-178f81271a3d","local_time":"20190629234645","is_ascension_mode":true,"campfire_choices":[{"data":"Glass Knife","floor":7,"key":"SMITH"}],"neow_cost":"NO_GOLD","seed_source_timestamp":5484530308716830,"circlet_count":0,"master_deck":["AscendersBane","Defend_G","Defend_G","Defend_G","Defend_G","Defend_G","Strike_G","Strike_G","Strike_G","Strike_G","Survivor","Neutralize","Glass Knife+1","Quick Slash","Deadly Poison"],"relics":["Ring of the Snake","Golden Idol","Darkstone Periapt"],"potions_floor_usage":[6],"damage_taken":[{"damage":2,"enemies":"Jaw Worm","floor":1,"turns":5},{"damage":35,"enemies":"3 Sentries","floor":6,"turns":13},{"damage":31,"enemies":"Lagavulin","floor":8,"turns":6}],"seed_played":"8018353279638386183","potions_obtained":[{"floor":1,"key":"Dexterity Potion"}],"is_trial":false,"path_per_floor":["M","?","?","?","?","E","R","E"],"character_chosen":"THE_SILENT","items_purchased":[],"campfire_rested":0,"item_purchase_floors":[],"current_hp_per_floor":[57,50,66,60,60,25,25,0],"gold":101,"neow_bonus":"THREE_RARE_CARDS","is_prod":false,"is_daily":false,"chose_seed":false,"campfire_upgraded":1,"win_rate":0,"timestamp":1561866405,"path_taken":["M","?","?","?","?","E","R","E"],"build_version":"2019-01-23","purchased_purges":0,"victory":false,"max_hp_per_floor":[66,66,66,60,60,60,60,60],"card_choices":[{"not_picked":["Burst","Tools of the Trade"],"picked":"Glass Knife","floor":0},{"not_picked":["Tactician","Cloak And Dagger"],"picked":"Quick Slash","floor":1},{"not_picked":["Phantasmal Killer","Acrobatics"],"picked":"Deadly Poison","floor":6}],"player_experience":812706,"relics_obtained":[{"floor":6,"key":"Darkstone Periapt"}],"event_choices":[{"cards_removed":["Strike_G"],"damage_healed":0,"gold_gain":0,"player_choice":"Card Removal","damage_taken":7,"max_hp_gain":0,"max_hp_loss":0,"event_name":"Golden Wing","floor":2,"gold_loss":0},{"damage_healed":22,"gold_gain":0,"player_choice":"Banana","damage_taken":0,"max_hp_gain":0,"max_hp_loss":0,"event_name":"Big Fish","floor":3,"gold_loss":0},{"damage_healed":0,"gold_gain":0,"player_choice":"Lose Max HP","damage_taken":0,"relics_obtained":["Golden Idol"],"max_hp_gain":0,"max_hp_loss":6,"event_name":"Golden Idol","floor":4,"gold_loss":0},{"damage_healed":0,"gold_gain":50,"player_choice":"Pray","damage_taken":0,"max_hp_gain":0,"max_hp_loss":0,"event_name":"Golden Shrine","floor":5,"gold_loss":0}],"is_beta":false,"boss_relics":[],"items_purged_floors":[],"is_endless":false,"potions_floor_spawned":[1],"killed_by":"Lagavulin","ascension_level":20}