{"gold_per_floor":[116,116,136,152,152,152,176,211,211,246,117,117],"floor_reached":12,"playtime":267,"items_purged":["Strike_B"],"score":176,"play_id":"718d70a8-0f24-475d-ad7e-4c2cdf03e426","local_time":"20190611120835","is_ascension_mode":true,"campfire_choices":[{"data":"Tempest","floor":6.0,"key":"SMITH"}],"neow_cost":"NONE","seed_source_timestamp":151168989386900,"circlet_count":0,"master_deck":["AscendersBane","Strike_B","Strike_B","Strike_B","Defend_B","Defend_B","Defend_B","Defend_B","Zap","Dualcast","Tempest+1","Leap","Ball Lightning","Double Energy","Double Energy","Seek"],"special_seed":0,"relics":["Cracked Core","Centennial Puzzle","Bronze Scales","Golden Idol","Meat on the Bone","Shuriken","Letter Opener"],"potions_floor_usage":[],"damage_taken":[{"damage":7.0,"enemies":"Small Slimes","floor":1.0,"turns":3.0},{"damage":1.0,"enemies":"Cultist","floor":3.0,"turns":3.0},{"damage":3.0,"enemies":"Jaw Worm","floor":4.0,"turns":3.0},{"damage":6.0,"enemies":"Gremlin Gang","floor":7.0,"turns":3.0},{"damage":16.0,"enemies":"Lagavulin","floor":8.0,"turns":4.0},{"damage":6.0,"enemies":"Gremlin Nob","floor":10.0,"turns":3.0},{"damage":15,"enemies":"Lagavulin","floor":12,"turns":2}],"seed_played":"4319547063791980556","potions_obtained":[{"floor":3.0,"key":"AttackPotion"},{"floor":7.0,"key":"Ancient Potion"}],"is_trial":false,"path_per_floor":["M","?","M","M","?","R","M","E","T","E","$","E"],"character_chosen":"DEFECT","items_purchased":["Energy Potion"],"campfire_rested":0,"item_purchase_floors":[11],"current_hp_per_floor":[57,57,56,53,29,29,23,7,7,13,13,0],"gold":117,"neow_bonus":"RANDOM_COMMON_RELIC","is_prod":false,"is_daily":false,"chose_seed":false,"campfire_upgraded":1,"win_rate":0,"timestamp":1560251315,"path_taken":["M","?","?","M","?","R","M","E","T","E","$","E"],"build_version":"2019-01-23","purchased_purges":1,"victory":false,"max_hp_per_floor":[71,71,71,71,71,71,71,71,71,71,71,71],"card_choices":[{"not_picked":["Barrage","Go for the Eyes"],"picked":"Tempest","floor":1.0},{"not_picked":["Turbo","Conserve Battery"],"picked":"Leap","floor":3.0},{"not_picked":["Streamline","Coolheaded"],"picked":"Ball Lightning","floor":4.0},{"not_picked":["Compile Driver","Storm"],"picked":"Double Energy","floor":7.0},{"not_picked":["Beam Cell","Force Field"],"picked":"Double Energy","floor":8.0},{"not_picked":["Leap","Loop"],"picked":"Seek","floor":10.0}],"player_experience":1445406,"relics_obtained":[{"floor":2.0,"key":"Bronze Scales"},{"floor":8.0,"key":"Meat on the Bone"},{"floor":9.0,"key":"Shuriken"},{"floor":10.0,"key":"Letter Opener"}],"event_choices":[{"damage_healed":0.0,"max_hp_gain":0.0,"max_hp_loss":0.0,"gold_gain":0.0,"event_name":"Wheel of Change","player_choice":"Relic","floor":2.0,"gold_loss":0.0,"damage_taken":0.0},{"damage_healed":0.0,"max_hp_gain":0.0,"max_hp_loss":0.0,"gold_gain":0.0,"event_name":"Golden Idol","player_choice":"Take Damage","floor":5.0,"gold_loss":0.0,"damage_taken":24.0,"relics_obtained":["Golden Idol"]}],"is_beta":false,"boss_relics":[],"items_purged_floors":[11],"is_endless":false,"potions_floor_spawned":[3,7],"killed_by":"Lagavulin","ascension_level":20}