{"gold_per_floor":[209,119,130,55,75,75,75,75,125,125,159,174,74,90,90,187,187,197,297,308,223,251,251,283,283,283,301,176,176,191,206,206,311,311,321,321,337,354,204,204,29,29,54,86,100,127,142,153,153,153],"floor_reached":50,"playtime":2039,"items_purged":["Strike_R","Strike_R","Strike_R","Defend_R","Strike_R+1"],"score":647,"play_id":"c39d2d58-7bfd-45b9-99c4-75b14d9e38cd","local_time":"20190709153010","is_ascension_mode":false,"campfire_choices":[{"data":"Flash of Steel","floor":6.0,"key":"SMITH"},{"data":"Bash","floor":8.0,"key":"SMITH"},{"data":"Strike_R","floor":10.0,"key":"SMITH"},{"data":"Double Tap","floor":15.0,"key":"SMITH"},{"data":"Strike_R","floor":23.0,"key":"SMITH"},{"floor":25.0,"key":"REST"},{"floor":29.0,"key":"REST"},{"data":"Offering","floor":32.0,"key":"SMITH"},{"data":"Dual Wield","floor":40,"key":"SMITH"},{"floor":49,"key":"REST"}],"neow_cost":"NONE","seed_source_timestamp":6316609056088145,"circlet_count":0,"master_deck":["Strike_R+1","Defend_R+1","Bash+1","Flash of Steel+1","Double Tap+1","Dual Wield+1","Offering+1"],"special_seed":0,"relics":["Burning Blood","Centennial Puzzle","Molten Egg 2","Empty Cage","Art of War","Red Mask","Bottled Lightning","Sozu","War Paint","Bottled Flame","Pen Nib"],"potions_floor_usage":[],"damage_taken":[{"damage":6.0,"enemies":"Cultist","floor":1.0,"turns":3.0},{"damage":0.0,"enemies":"2 Louse","floor":3.0,"turns":4.0},{"damage":6.0,"enemies":"Jaw Worm","floor":5.0,"turns":3.0},{"damage":16.0,"enemies":"Gremlin Nob","floor":11.0,"turns":3.0},{"damage":11.0,"enemies":"Red Slaver","floor":12.0,"turns":4.0},{"damage":5.0,"enemies":"Looter","floor":14.0,"turns":3.0},{"damage":48.0,"enemies":"Slime Boss","floor":16.0,"turns":9.0},{"damage":10.0,"enemies":"Shell Parasite","floor":18.0,"turns":2.0},{"damage":10.0,"enemies":"Chosen","floor":20.0,"turns":2.0},{"damage":30.0,"enemies":"Masked Bandits","floor":22.0,"turns":4.0},{"damage":35.0,"enemies":"Book of Stabbing","floor":24.0,"turns":5.0},{"damage":21.0,"enemies":"3 Cultists","floor":27.0,"turns":4.0},{"damage":15.0,"enemies":"Snake Plant","floor":30.0,"turns":3.0},{"damage":6.0,"enemies":"Cultist and Chosen","floor":31.0,"turns":2.0},{"damage":6.0,"enemies":"Automaton","floor":33.0,"turns":1.0},{"damage":6,"enemies":"Orb Walker","floor":35,"turns":1},{"damage":48,"enemies":"3 Shapes","floor":37,"turns":4},{"damage":6,"enemies":"Spire Growth","floor":38,"turns":1},{"damage":6,"enemies":"Giant Head","floor":44,"turns":1},{"damage":6,"enemies":"Transient","floor":45,"turns":1},{"damage":6,"enemies":"Nemesis","floor":46,"turns":1},{"damage":10,"enemies":"Sphere and 2 Shapes","floor":47,"turns":1},{"damage":6,"enemies":"Spire Growth","floor":48,"turns":1},{"damage":58,"enemies":"Awakened One","floor":50,"turns":2}],"seed_played":"5203228338101891676","potions_obtained":[{"floor":1.0,"key":"SpeedPotion"},{"floor":11.0,"key":"Block Potion"},{"floor":14.0,"key":"Weak Potion"},{"floor":24.0,"key":"PowerPotion"},{"floor":30.0,"key":"Dexterity Potion"},{"floor":33.0,"key":"Weak Potion"}],"is_trial":false,"path_per_floor":["M","$","M","$","M","R","?","R","T","R","E","M","$","M","R","B",null,"M","?","M","?","?","R","E","R","T","M","$","R","M","M","R","B",null,"M","?","M","M","$","R","$","?","T","E","M","E","M","M","R","B"],"character_chosen":"IRONCLAD","items_purchased":["Flash of Steel"],"campfire_rested":3,"item_purchase_floors":[2],"current_hp_per_floor":[80,80,80,80,80,80,80,80,80,80,70,65,65,66,66,24,80,76,76,72,72,48,48,19,43,43,28,28,52,43,43,43,43,80,80,80,38,38,38,38,38,38,38,38,38,38,34,34,58,0],"gold":153,"neow_bonus":"HUNDRED_GOLD","is_prod":false,"is_daily":false,"chose_seed":false,"campfire_upgraded":7,"win_rate":0,"timestamp":1562700610,"path_taken":["M","?","M","$","M","R","?","R","T","R","E","M","$","?","R","BOSS","M","?","?","?","?","R","E","R","T","M","$","R","M","M","R","BOSS","M","?","?","M","$","R","$","?","T","E","?","E","M","M","R","BOSS"],"build_version":"2019-07-05","purchased_purges":5,"victory":false,"max_hp_per_floor":[80,80,80,80,80,80,80,80,80,80,80,80,80,80,80,80,80,80,80,80,80,80,80,80,80,80,80,80,80,80,80,80,80,80,80,80,80,80,80,80,80,80,80,80,80,80,80,80,80,80],"card_choices":[{"not_picked":["Feel No Pain","Flex","Evolve"],"picked":"SKIP","floor":1.0},{"not_picked":["Bloodletting","Shrug It Off","Flex"],"picked":"SKIP","floor":3.0},{"not_picked":["Thunderclap","Wild Strike","Armaments"],"picked":"SKIP","floor":5.0},{"not_picked":["Headbutt","Entrench","Metallicize"],"picked":"SKIP","floor":11.0},{"not_picked":["Whirlwind+1","Hemokinesis+1","Perfected Strike+1"],"picked":"SKIP","floor":12.0},{"not_picked":["Sentinel","Second Wind"],"picked":"Double Tap","floor":14.0},{"not_picked":["Clash+1","Pommel Strike+1","Headbutt+1"],"picked":"SKIP","floor":18.0},{"not_picked":["Second Wind+1","Clothesline+1","Flame Barrier"],"picked":"SKIP","floor":20.0},{"not_picked":["Corruption+1","Searing Blow+1","Armaments+1"],"picked":"SKIP","floor":24.0},{"not_picked":["Reckless Charge+1","Spot Weakness+1"],"picked":"Dual Wield","floor":27.0},{"not_picked":["Armaments","Shrug It Off+1","Pummel+1"],"picked":"SKIP","floor":30.0},{"not_picked":["Rage","Pommel Strike+1"],"picked":"Offering","floor":31.0},{"not_picked":["Flex+1","Warcry+1","Anger+1"],"picked":"SKIP","floor":35},{"not_picked":["Carnage+1","Fire Breathing+1","Clothesline+1"],"picked":"SKIP","floor":37},{"not_picked":["Intimidate+1","Headbutt+1","Clothesline+1"],"picked":"SKIP","floor":38},{"not_picked":["Evolve+1","Dual Wield+1","Reckless Charge+1"],"picked":"SKIP","floor":44},{"not_picked":["Fire Breathing+1","Headbutt+1","Thunderclap+1"],"picked":"SKIP","floor":45},{"not_picked":["Body Slam+1","Reckless Charge+1","Perfected Strike+1"],"picked":"SKIP","floor":46},{"not_picked":["Bloodletting","Rage+1","Hemokinesis+1"],"picked":"SKIP","floor":47},{"not_picked":["Headbutt+1","Second Wind+1","Bludgeon+1"],"picked":"SKIP","floor":48}],"player_experience":932705,"relics_obtained":[{"floor":9.0,"key":"Centennial Puzzle"},{"floor":11.0,"key":"Molten Egg 2"},{"floor":22.0,"key":"Red Mask"},{"floor":24.0,"key":"Bottled Lightning"},{"floor":43,"key":"War Paint"},{"floor":44,"key":"Bottled Flame"},{"floor":46,"key":"Pen Nib"}],"event_choices":[{"damage_healed":0.0,"max_hp_gain":0.0,"max_hp_loss":0.0,"gold_gain":0.0,"event_name":"NoteForYourself","player_choice":"Ignored","floor":7.0,"gold_loss":0.0,"damage_taken":0.0},{"damage_healed":0.0,"max_hp_gain":0.0,"max_hp_loss":0.0,"gold_gain":100.0,"event_name":"Golden Shrine","player_choice":"Pray","floor":19.0,"gold_loss":0.0,"damage_taken":0.0},{"damage_healed":0.0,"max_hp_gain":0.0,"max_hp_loss":0.0,"gold_gain":0.0,"event_name":"Addict","player_choice":"Obtained Relic","floor":21.0,"gold_loss":85.0,"damage_taken":0.0,"relics_obtained":["Art of War"]},{"damage_healed":0.0,"max_hp_gain":0.0,"max_hp_loss":0.0,"gold_gain":0.0,"event_name":"Masked Bandits","player_choice":"Fought Bandits","floor":22.0,"gold_loss":0.0,"damage_taken":0.0},{"damage_healed":0,"gold_gain":0,"player_choice":"Ignored","damage_taken":0,"max_hp_gain":0,"max_hp_loss":0,"event_name":"Duplicator","floor":36,"gold_loss":0},{"damage_healed":0,"gold_gain":0,"player_choice":"Upgraded","damage_taken":0,"max_hp_gain":0,"max_hp_loss":0,"event_name":"Upgrade Shrine","floor":42,"gold_loss":0,"cards_upgraded":["Defend_R"]}],"is_beta":false,"boss_relics":[{"not_picked":["Runic Dome","Mark of Pain"],"picked":"Empty Cage"},{"not_picked":["Black Star","Busted Crown"],"picked":"Sozu"}],"items_purged_floors":[4,13,28,39,41],"is_endless":false,"potions_floor_spawned":[1,11,14,22,24,30,33,38,44,48],"killed_by":"Awakened One","ascension_level":0}