{"gold_per_floor":[315,315,330,31,48,81,81,37,116,116,116,131,149,169,169,169],"floor_reached":16,"playtime":493,"items_purged":["Defend_R"],"score":163,"play_id":"92412fa1-bc80-404c-844f-2f0dd8f047dd","local_time":"20181230005035","is_ascension_mode":true,"campfire_choices":[{"data":"Bash","floor":7.0,"key":"SMITH"},{"data":"Rampage","floor":11.0,"key":"SMITH"},{"data":"Metallicize","floor":15,"key":"SMITH"}],"neow_cost":"NO_GOLD","seed_source_timestamp":735211655347192,"circlet_count":0,"master_deck":["AscendersBane","Strike_R","Strike_R","Strike_R","Strike_R","Defend_R","Defend_R","Defend_R","Bash+1","Heavy Blade","Flame Barrier","Rampage+1","Metallicize+1","Cleave","Rampage+1"],"special_seed":0,"relics":["Burning Blood","Old Coin","Juzu Bracelet","Lantern","Molten Egg 2"],"potions_floor_usage":[16,16],"damage_taken":[{"damage":11.0,"enemies":"Jaw Worm","floor":1.0,"turns":4.0},{"damage":1.0,"enemies":"Cultist","floor":3.0,"turns":3.0},{"damage":7.0,"enemies":"Small Slimes","floor":5.0,"turns":3.0},{"damage":22.0,"enemies":"3 Sentries","floor":6.0,"turns":5.0},{"damage":3.0,"enemies":"3 Louse","floor":12.0,"turns":4.0},{"damage":6,"enemies":"Blue Slaver","floor":13,"turns":3},{"damage":9,"enemies":"Large Slime","floor":14,"turns":5},{"damage":50,"enemies":"Hexaghost","floor":16,"turns":12}],"seed_played":"-6481764928365576194","potions_obtained":[{"floor":2.0,"key":"PowerPotion"},{"floor":2.0,"key":"Weak Potion"},{"floor":12.0,"key":"Dexterity Potion"}],"is_trial":false,"path_per_floor":["M","?","M","$","M","E","R","?","T","?","R","M","M","M","R","B"],"character_chosen":"IRONCLAD","items_purchased":["Juzu Bracelet","Rampage"],"campfire_rested":0,"item_purchase_floors":[4,4],"current_hp_per_floor":[67,67,72,72,71,55,55,55,55,48,48,51,51,48,48,0],"gold":169,"neow_bonus":"ONE_RARE_RELIC","is_prod":false,"is_daily":false,"chose_seed":false,"campfire_upgraded":3,"win_rate":0,"timestamp":1546149035,"path_taken":["M","?","?","$","M","E","R","?","T","?","R","M","M","M","R","BOSS"],"build_version":"2018-12-20","purchased_purges":1,"victory":false,"max_hp_per_floor":[80,80,80,80,80,80,80,80,80,80,80,80,80,80,80,80],"card_choices":[{"not_picked":["Sword Boomerang","Havoc"],"picked":"Heavy Blade","floor":1.0},{"not_picked":["Rupture","Thunderclap"],"picked":"Flame Barrier","floor":3.0},{"not_picked":["Headbutt","Body Slam"],"picked":"Metallicize","floor":5.0},{"not_picked":["Havoc","Thunderclap"],"picked":"Cleave","floor":6.0},{"not_picked":["Carnage+1","Cleave+1"],"picked":"Rampage+1","floor":12.0},{"not_picked":["Seeing Red","Anger+1","Havoc"],"picked":"SKIP","floor":13},{"not_picked":["Berserk","Perfected Strike+1","Carnage+1"],"picked":"SKIP","floor":14}],"player_experience":545284,"relics_obtained":[{"floor":6.0,"key":"Lantern"},{"floor":9.0,"key":"Molten Egg 2"}],"event_choices":[{"damage_healed":0.0,"max_hp_gain":0.0,"max_hp_loss":0.0,"gold_gain":0.0,"event_name":"Lab","player_choice":"Got Potions","floor":2.0,"gold_loss":0.0,"damage_taken":0.0},{"damage_healed":0.0,"max_hp_gain":0.0,"max_hp_loss":0.0,"gold_gain":0.0,"event_name":"World of Goop","player_choice":"Left Gold","floor":8.0,"gold_loss":44.0,"damage_taken":0.0},{"cards_removed":["Strike_R"],"damage_healed":0.0,"max_hp_gain":0.0,"max_hp_loss":0.0,"gold_gain":0.0,"event_name":"Golden Wing","player_choice":"Card Removal","floor":10.0,"gold_loss":0.0,"damage_taken":7.0}],"is_beta":false,"boss_relics":[],"items_purged_floors":[4],"is_endless":false,"potions_floor_spawned":[5,12,13],"killed_by":"Hexaghost","ascension_level":12}