{"gold_per_floor":[111,122,122,10,29,29,62,74,147,147],"floor_reached":10,"playtime":218,"items_purged":[],"score":136,"play_id":"31051874-29ef-4691-8153-b101ec72233d","local_time":"20190525001145","is_ascension_mode":true,"campfire_choices":[{"data":"Loop","floor":6,"key":"SMITH"}],"neow_cost":"NONE","seed_source_timestamp":2376236716888646,"circlet_count":0,"master_deck":["AscendersBane","Strike_B","Strike_B","Strike_B","Strike_B","Defend_B","Defend_B","Defend_B","Defend_B","Zap","Dualcast","Sweeping Beam","Capacitor","Loop+1","Go for the Eyes","Loop","Darkness"],"relics":["Cracked Core","NeowsBlessing","Peace Pipe","Molten Egg 2"],"potions_floor_usage":[10],"damage_taken":[{"damage":0,"enemies":"Jaw Worm","floor":1,"turns":1},{"damage":0,"enemies":"2 Louse","floor":2,"turns":1},{"damage":0,"enemies":"Small Slimes","floor":5,"turns":1},{"damage":15,"enemies":"Lagavulin","floor":7,"turns":6},{"damage":15,"enemies":"Looter","floor":8,"turns":4},{"damage":43,"enemies":"3 Sentries","floor":10,"turns":6}],"seed_played":"6519028682275447489","potions_obtained":[{"floor":7,"key":"Block Potion"},{"floor":8,"key":"Strength Potion"}],"is_trial":false,"path_per_floor":["M","M","?","$","M","R","E","M","T","E"],"character_chosen":"DEFECT","items_purchased":["Loop","Go for the Eyes"],"campfire_rested":0,"item_purchase_floors":[4,4],"current_hp_per_floor":[64,64,69,69,69,69,54,39,39,0],"gold":147,"neow_bonus":"THREE_ENEMY_KILL","is_prod":false,"is_daily":false,"chose_seed":false,"campfire_upgraded":1,"win_rate":0,"timestamp":1558757505,"path_taken":["M","M","?","$","M","R","E","M","T","E"],"build_version":"2019-01-23","purchased_purges":0,"victory":false,"max_hp_per_floor":[71,71,76,76,76,76,76,76,76,76],"card_choices":[{"not_picked":["Beam Cell","Redo"],"picked":"Sweeping Beam","floor":1},{"not_picked":["Leap","Tempest"],"picked":"Capacitor","floor":2},{"not_picked":["Steam","Rip and Tear"],"picked":"Loop","floor":5},{"not_picked":["Steam","Rainbow","Heatsinks"],"picked":"SKIP","floor":7},{"not_picked":["Leap","Genetic Algorithm"],"picked":"Darkness","floor":8}],"player_experience":713145,"relics_obtained":[{"floor":7,"key":"Peace Pipe"},{"floor":9,"key":"Molten Egg 2"}],"event_choices":[{"damage_healed":0,"gold_gain":0,"player_choice":"Donut","damage_taken":0,"max_hp_gain":5,"max_hp_loss":0,"event_name":"Big Fish","floor":3,"gold_loss":0}],"is_beta":false,"boss_relics":[],"items_purged_floors":[],"is_endless":false,"potions_floor_spawned":[7,8],"killed_by":"3 Sentries","ascension_level":20}