{"gold_per_floor":[117,192,192,204,37,37,48,48,48,63,94,105,27,39,39,39],"floor_reached":16,"playtime":623,"items_purged":[],"score":204,"play_id":"c6d676ac-086c-4060-8da9-b219c97181fe","local_time":"20190701165706","is_ascension_mode":true,"campfire_choices":[{"data":"Neutralize","floor":6.0,"key":"SMITH"},{"data":"Footwork","floor":8.0,"key":"SMITH"},{"floor":15.0,"key":"REST"}],"neow_cost":"PERCENT_DAMAGE","seed_source_timestamp":5632085478653699,"circlet_count":0,"master_deck":["AscendersBane","Strike_G","Strike_G","Strike_G","Strike_G","Defend_G","Defend_G","Defend_G","Defend_G","Defend_G","Survivor","Neutralize+1","Sucker Punch","Heel Hook","Footwork+1","Deadly Poison","Heel Hook","Predator","Well Laid Plans","Poisoned Stab"],"special_seed":0,"relics":["Ring of the Snake","Tough Bandages","Blood Vial","Mummified Hand","Paper Crane"],"potions_floor_usage":[16],"damage_taken":[{"damage":1.0,"enemies":"Jaw Worm","floor":1.0,"turns":5.0},{"damage":0.0,"enemies":"Cultist","floor":4.0,"turns":4.0},{"damage":0.0,"enemies":"2 Louse","floor":7.0,"turns":3.0},{"damage":0.0,"enemies":"Blue Slaver","floor":10.0,"turns":6.0},{"damage":26.0,"enemies":"3 Sentries","floor":11.0,"turns":10.0},{"damage":0.0,"enemies":"Looter","floor":12.0,"turns":3.0},{"damage":14.0,"enemies":"Exordium Wildlife","floor":14.0,"turns":7.0},{"damage":27,"enemies":"Slime Boss","floor":16,"turns":8}],"seed_played":"6882762474507829031","potions_obtained":[{"floor":7.0,"key":"Explosive Potion"},{"floor":10.0,"key":"FearPotion"},{"floor":11.0,"key":"GamblersBrew"}],"is_trial":false,"path_per_floor":["M","?","?","M","$","R","M","R","T","M","E","M","$","M","R","B"],"character_chosen":"THE_SILENT","items_purchased":["Blood Vial","Well Laid Plans"],"campfire_rested":1,"item_purchase_floors":[5,13],"current_hp_per_floor":[43,32,32,32,32,32,34,34,34,36,12,14,14,2,21,0],"gold":39,"neow_bonus":"ONE_RARE_RELIC","is_prod":false,"is_daily":false,"chose_seed":false,"campfire_upgraded":2,"win_rate":0,"timestamp":1562014626,"path_taken":["M","?","?","M","$","R","M","R","T","M","E","?","?","M","R","BOSS"],"build_version":"2019-07-01","purchased_purges":0,"victory":false,"max_hp_per_floor":[66,66,66,66,66,66,66,66,66,66,66,66,66,66,66,66],"card_choices":[{"not_picked":["Blade Dance","Deadly Poison"],"picked":"Sucker Punch","floor":1.0},{"not_picked":["Expertise","Accuracy"],"picked":"Heel Hook","floor":4.0},{"not_picked":["Concentrate","Outmaneuver"],"picked":"Footwork","floor":7.0},{"not_picked":["Endless Agony","Blade Dance"],"picked":"Deadly Poison","floor":10.0},{"not_picked":["Terror","Acrobatics"],"picked":"Heel Hook","floor":11.0},{"not_picked":["Dodge and Roll","Backflip"],"picked":"Predator","floor":12.0},{"not_picked":["Acrobatics","PiercingWail"],"picked":"Poisoned Stab","floor":14.0}],"player_experience":829038,"relics_obtained":[{"floor":9.0,"key":"Mummified Hand"},{"floor":11.0,"key":"Paper Crane"}],"event_choices":[{"damage_healed":0.0,"max_hp_gain":0.0,"max_hp_loss":0.0,"gold_gain":75.0,"event_name":"World of Goop","player_choice":"Gather Gold","floor":2.0,"gold_loss":0.0,"damage_taken":11.0},{"cards_removed":["Strike_G"],"damage_healed":0.0,"max_hp_gain":0.0,"max_hp_loss":0.0,"gold_gain":0.0,"event_name":"Bonfire Elementals","player_choice":"Offered Basic","floor":3.0,"gold_loss":0.0,"damage_taken":0.0}],"is_beta":false,"boss_relics":[],"items_purged_floors":[],"is_endless":false,"potions_floor_spawned":[7,10,11],"killed_by":"Slime Boss","ascension_level":20}