{"path_per_floor":["M","?","M","$","M","R","?","M","T","R","?","R","M","M","R","B",null,"M","$","?","M"],"character_chosen":"IRONCLAD","items_purchased":["Paper Frog"],"gold_per_floor":[114,114,133,58,70,70,70,86,86,86,86,86,102,126,126,252,290,309,62,62,76],"floor_reached":22,"campfire_rested":2,"playtime":1309,"current_hp_per_floor":[58,58,57,57,57,57,57,47,47,64,52,52,49,32,51,29,69,33,33,33,16],"items_purged":["Strike_R"],"gold":76,"play_id":"9ef532d5-5853-4022-aac8-3d8936147701","is_prod":false,"is_daily":false,"is_ascension_mode":false,"campfire_upgraded":2,"path_taken":["M","?","M","?","M","R","?","M","T","R","?","R","?","M","R","BOSS","M","$","?","M","M"],"build_version":"2018-02-01-PROD3","purchased_purges":1,"victory":false,"master_deck":["Strike_R","Strike_R","Strike_R","Strike_R+1","Defend_R+1","Defend_R","Defend_R","Defend_R","Bash","Clothesline","Hemokinesis+1","Shrug It Off","Injury","Body Slam+1","Shockwave","Demon Form","Burning Pact","Blood for Blood","Inflame"],"max_hp_per_floor":[64,64,64,64,64,64,64,64,64,64,64,64,64,64,64,64,69,69,69,69,69],"relics":["Runic Cube","Golden Idol","Gambling Chip","Tiny House","Paper Frog"],"card_choices":[{"not_picked":["Thunderclap","Sword Boomerang"],"picked":"Clothesline"},{"not_picked":["Headbutt","Searing Blow"],"picked":"Hemokinesis"},{"not_picked":["Fire Breathing","Perfected Strike"],"picked":"Shrug It Off"},{"not_picked":["Sword Boomerang","Dropkick"],"picked":"Body Slam"},{"not_picked":["Heavy Blade","Evolve"],"picked":"Shockwave"},{"not_picked":["Impervious","Reaper"],"picked":"Demon Form"},{"not_picked":["Wild Strike","Armaments"],"picked":"Burning Pact"},{"not_picked":["Shockwave","Clash"],"picked":"Blood for Blood"},{"not_picked":["Hemokinesis","Cleave"],"picked":"Inflame"}],"player_experience":60716,"potions_floor_usage":[16,16,21,22],"damage_taken":[{"damage":6,"enemies":"Jaw Worm","floor":1,"turns":3},{"damage":1,"enemies":"Cultist","floor":3,"turns":3},{"damage":0,"enemies":"2 Louse","floor":5,"turns":3},{"damage":10,"enemies":"Large Slime","floor":8,"turns":7},{"damage":3,"enemies":"3 Louse","floor":13,"turns":3},{"damage":17,"enemies":"Exordium Wildlife","floor":14,"turns":5},{"damage":22,"enemies":"The Guardian","floor":16,"turns":10},{"damage":36,"enemies":"3 Byrds","floor":18,"turns":8},{"damage":17,"enemies":"2 Thieves","floor":21,"turns":3},{"damage":22,"enemies":"Sentry and Sphere","floor":22,"turns":3}],"event_choices":[{"event_name":"Liars Game","player_choice":"disagreed","floor":2,"damage_taken":0},{"event_name":"Golden Idol","player_choice":"Take Wound","floor":7,"damage_taken":0},{"event_name":"Shining Light","player_choice":"Entered Light","floor":11,"damage_taken":0},{"event_name":"Beggar","player_choice":"Ignored","floor":20,"damage_taken":0}],"boss_relics":[{"not_picked":["Mark of Pain","Runic Pyramid"],"picked":"Tiny House"}],"potions_floor_spawned":[5,8,16,18],"seed_played":"-5840707994749994334","killed_by":"Sentry and Sphere","ascension_level":0,"is_trial":false}