{"gold_per_floor":[116,116,41,41,66,66,91,102,102,114,114,131,131,158,158,237,237,247,247,264,24,44,44,70,70,96,113,128,128,128,139,139,213,213,232,232,287,303,303,303,335,335,335,348,358,458,138,173,173,173,173],"floor_reached":51,"playtime":2164,"items_purged":[],"score":1566,"play_id":"12c5c676-5e88-4709-80c5-105948ed574d","local_time":"20190405195222","is_ascension_mode":true,"campfire_choices":[{"data":"Streamline","floor":6.0,"key":"SMITH"},{"data":"Loop","floor":15.0,"key":"SMITH"},{"data":"Hologram","floor":23.0,"key":"SMITH"},{"floor":30.0,"key":"REST"},{"data":"Capacitor","floor":32.0,"key":"SMITH"},{"floor":40.0,"key":"RECALL"},{"data":"1","floor":42.0,"key":"LIFT"},{"data":"2","floor":49,"key":"LIFT"}],"neow_cost":"NONE","seed_source_timestamp":0,"circlet_count":0,"master_deck":["AscendersBane","Defend_B","Defend_B","Zap+1","Dualcast","Streamline+1","Genetic Algorithm","Hologram+1","Loop+1","Capacitor+1","Electrodynamics","Buffer+1","Fission+1","Doom and Gloom+1","Go for the Eyes","Self Repair","Reinforced Body","Ball Lightning","Go for the Eyes","Cold Snap","Core Surge","Ball Lightning","Glacier","Static Discharge+1"],"special_seed":0,"relics":["Cracked Core","Pen Nib","Bottled Flame","Singing Bowl","Bag of Preparation","Bag of Marbles","Astrolabe","Mummified Hand","Happy Flower","Girya","Art of War","Omamori","Fusion Hammer","Calipers","Regal Pillow","StoneCalendar","Orichalcum","Anchor","Pear"],"potions_floor_usage":[50],"damage_taken":[{"damage":7.0,"enemies":"Jaw Worm","floor":1.0,"turns":3.0},{"damage":20.0,"enemies":"Lagavulin","floor":7.0,"turns":6.0},{"damage":0.0,"enemies":"2 Louse","floor":8.0,"turns":3.0},{"damage":0.0,"enemies":"Cultist","floor":10.0,"turns":3.0},{"damage":8.0,"enemies":"Blue Slaver","floor":12.0,"turns":2.0},{"damage":9.0,"enemies":"Gremlin Nob","floor":14.0,"turns":3.0},{"damage":30.0,"enemies":"The Guardian","floor":16.0,"turns":11.0},{"damage":7.0,"enemies":"Shell Parasite","floor":18.0,"turns":3.0},{"damage":1.0,"enemies":"Spheric Guardian","floor":20.0,"turns":3.0},{"damage":0.0,"enemies":"Centurion and Healer","floor":22.0,"turns":3.0},{"damage":30.0,"enemies":"Gremlin Leader","floor":24.0,"turns":8.0},{"damage":0.0,"enemies":"Cultist and Chosen","floor":27.0,"turns":4.0},{"damage":20.0,"enemies":"Shelled Parasite and Fungi","floor":28.0,"turns":3.0},{"damage":1.0,"enemies":"Chosen and Byrds","floor":31.0,"turns":2.0},{"damage":9.0,"enemies":"Champ","floor":33.0,"turns":13.0},{"damage":0.0,"enemies":"Orb Walker","floor":35.0,"turns":1.0},{"damage":7.0,"enemies":"2 Orb Walkers","floor":37.0,"turns":5.0},{"damage":4.0,"enemies":"3 Shapes","floor":38.0,"turns":5.0},{"damage":0.0,"enemies":"Nemesis","floor":41.0,"turns":5.0},{"damage":0.0,"enemies":"Maw","floor":44.0,"turns":5.0},{"damage":0.0,"enemies":"Spire Growth","floor":45.0,"turns":3.0},{"damage":0.0,"enemies":"Mind Bloom Boss Battle","floor":46.0,"turns":4.0},{"damage":0,"enemies":"Reptomancer","floor":48,"turns":4},{"damage":72,"enemies":"Awakened One","floor":50,"turns":17},{"damage":79,"enemies":"Time Eater","floor":51,"turns":12}],"seed_played":"-7971651156066490769","potions_obtained":[{"floor":7.0,"key":"Fire Potion"},{"floor":12.0,"key":"GamblersBrew"},{"floor":27.0,"key":"SkillPotion"},{"floor":37.0,"key":"SneckoOil"},{"floor":38.0,"key":"PowerPotion"},{"floor":41.0,"key":"Ancient Potion"}],"is_trial":false,"path_per_floor":["M","?","?","?","T","R","E","M","T","M","T","M","?","E","R","B",null,"M","?","M","$","M","R","E","T","T","M","M","?","R","M","R","B",null,"M","$","?","M","?","R","E","R","T","M","M","?","$","E","R","B","B"],"character_chosen":"DEFECT","items_purchased":["Happy Flower","Self Repair","Orichalcum","Anchor"],"campfire_rested":1,"item_purchase_floors":[21,21,47,47],"current_hp_per_floor":[57,50,50,50,50,50,30,30,30,32,32,24,48,39,39,9,57,52,52,51,51,58,58,37,37,37,44,31,31,54,53,53,51,71,79,79,81,81,81,81,83,83,83,83,83,85,85,97,97,32,0],"gold":173,"neow_bonus":"UPGRADE_CARD","is_prod":false,"is_daily":false,"chose_seed":false,"campfire_upgraded":4,"win_rate":0,"timestamp":1554508342,"path_taken":["M","?","?","?","?","R","E","M","T","?","?","?","?","E","R","BOSS","M","?","M","$","?","R","E","?","T","M","?","?","R","M","R","BOSS","M","?","?","M","?","R","E","R","T","M","M","?","$","E","R","BOSS","BOSS"],"build_version":"2019-01-23","purchased_purges":0,"victory":false,"max_hp_per_floor":[71,71,71,71,71,71,71,71,71,73,73,73,73,73,73,73,73,75,75,75,75,75,75,77,77,77,77,77,77,77,77,77,77,77,79,79,81,81,81,81,83,83,83,83,83,85,85,97,97,97,97],"card_choices":[{"not_picked":["Steam","Hologram"],"picked":"Streamline","floor":1.0},{"not_picked":["BootSequence","Blizzard"],"picked":"Genetic Algorithm","floor":7.0},{"not_picked":["Recycle","Tempest"],"picked":"Hologram","floor":8.0},{"not_picked":["BootSequence","Stack","Barrage"],"picked":"Singing Bowl","floor":10.0},{"not_picked":["Coolheaded","Redo"],"picked":"Loop","floor":12.0},{"not_picked":["Rainbow","Compile Driver"],"picked":"Capacitor","floor":14.0},{"not_picked":["Echo Form","Fission"],"picked":"Electrodynamics","floor":16.0},{"not_picked":["Steam","Compile Driver","Turbo+1"],"picked":"Singing Bowl","floor":18.0},{"not_picked":["Streamline","Fusion"],"picked":"Go for the Eyes","floor":20.0},{"not_picked":["Beam Cell","Gash"],"picked":"Reinforced Body","floor":22.0},{"not_picked":["Streamline","Skim","Rebound"],"picked":"Singing Bowl","floor":24.0},{"not_picked":["Steam","Auto Shields"],"picked":"Ball Lightning","floor":27.0},{"not_picked":["Self Repair","Rip and Tear"],"picked":"Go for the Eyes","floor":28.0},{"not_picked":["Turbo","Barrage+1"],"picked":"Cold Snap","floor":31.0},{"not_picked":["Rainbow","Thunder Strike"],"picked":"Core Surge","floor":33.0},{"not_picked":["Doom and Gloom","Undo","Coolheaded"],"picked":"Singing Bowl","floor":35.0},{"not_picked":["Darkness","Steam Power+1","Coolheaded"],"picked":"Singing Bowl","floor":37.0},{"not_picked":["Redo","Streamline"],"picked":"Ball Lightning","floor":38.0},{"not_picked":["Double Energy","Rebound","Consume"],"picked":"Singing Bowl","floor":41.0},{"not_picked":["Recycle","Compile Driver+1"],"picked":"Glacier","floor":44.0},{"not_picked":["Sweeping Beam","Tempest+1"],"picked":"Static Discharge+1","floor":45.0},{"not_picked":["Steam Power","Gash","Steam"],"picked":"Singing Bowl","floor":46.0},{"not_picked":["Double Energy","Hello World","Aggregate"],"picked":"Singing Bowl","floor":48}],"player_experience":611672,"relics_obtained":[{"floor":5.0,"key":"Pen Nib"},{"floor":7.0,"key":"Bottled Flame"},{"floor":9.0,"key":"Singing Bowl"},{"floor":11.0,"key":"Bag of Preparation"},{"floor":14.0,"key":"Bag of Marbles"},{"floor":24.0,"key":"Girya"},{"floor":25.0,"key":"Art of War"},{"floor":26.0,"key":"Omamori"},{"floor":37.0,"key":"Calipers"},{"floor":41.0,"key":"Regal Pillow"},{"floor":46.0,"key":"StoneCalendar"},{"floor":48,"key":"Pear"}],"event_choices":[{"cards_removed":["Strike_B"],"damage_healed":0.0,"max_hp_gain":0.0,"max_hp_loss":0.0,"gold_gain":0.0,"event_name":"Golden Wing","player_choice":"Card Removal","floor":2.0,"gold_loss":0.0,"damage_taken":7.0},{"cards_removed":["Strike_B"],"damage_healed":0.0,"max_hp_gain":0.0,"max_hp_loss":0.0,"gold_gain":0.0,"event_name":"The Cleric","player_choice":"Card Removal","floor":3.0,"gold_loss":75.0,"damage_taken":0.0},{"damage_healed":0.0,"max_hp_gain":0.0,"max_hp_loss":0.0,"gold_gain":0.0,"event_name":"Shining Light","player_choice":"Ignored","floor":4.0,"gold_loss":0.0,"damage_taken":0.0},{"damage_healed":24.0,"max_hp_gain":0.0,"max_hp_loss":0.0,"gold_gain":0.0,"event_name":"Big Fish","player_choice":"Banana","floor":13.0,"gold_loss":0.0,"damage_taken":0.0},{"damage_healed":0.0,"max_hp_gain":0.0,"max_hp_loss":0.0,"gold_gain":0.0,"event_name":"WeMeetAgain","player_choice":"Gave Potion","floor":19.0,"gold_loss":0.0,"damage_taken":0.0,"relics_obtained":["Mummified Hand"]},{"damage_healed":0.0,"max_hp_gain":0.0,"max_hp_loss":0.0,"gold_gain":0.0,"event_name":"N\u0027loth","player_choice":"Ignored","floor":29.0,"gold_loss":0.0,"damage_taken":0.0},{"damage_healed":0.0,"max_hp_gain":0.0,"max_hp_loss":0.0,"gold_gain":0.0,"event_name":"Mysterious Sphere","player_choice":"Fight","floor":37.0,"gold_loss":0.0,"damage_taken":0.0},{"cards_removed":["Defend_B"],"damage_healed":0.0,"max_hp_gain":0.0,"max_hp_loss":0.0,"gold_gain":0.0,"event_name":"Falling","player_choice":"Removed Skill","floor":39.0,"gold_loss":0.0,"damage_taken":0.0},{"damage_healed":0.0,"max_hp_gain":0.0,"max_hp_loss":0.0,"gold_gain":0.0,"event_name":"MindBloom","player_choice":"Fight","floor":46.0,"gold_loss":0.0,"damage_taken":0.0}],"is_beta":false,"boss_relics":[{"not_picked":["Busted Crown","FrozenCore"],"picked":"Astrolabe"},{"not_picked":["Snecko Eye","Lizard Tail"],"picked":"Fusion Hammer"}],"items_purged_floors":[],"is_endless":false,"potions_floor_spawned":[7,12,14,27,28,31,33,37,38,41,46,48],"killed_by":"Time Eater","ascension_level":20}