{"gold_per_floor":[113,124,12,29,49,49,66,31,31,31,31,42,67,79,79,154,154,169,169,189,189,203,203,203],"floor_reached":24,"playtime":657,"items_purged":[],"score":400,"play_id":"377c5bec-ca04-4dc5-a358-b7128f57ef84","local_time":"20190314201034","is_ascension_mode":true,"campfire_choices":[{"data":"Zap","floor":6,"key":"SMITH"},{"data":"Hello World","floor":15,"key":"SMITH"},{"floor":23,"key":"REST"}],"neow_cost":"NONE","seed_source_timestamp":7192981860973626,"circlet_count":0,"master_deck":["AscendersBane","Strike_B","Strike_B","Defend_B","Defend_B","Defend_B","Defend_B","Zap+1","Dualcast","Cold Snap","FTL","Leap","Sweeping Beam","Hologram","Genetic Algorithm","Steam","Hello World+1","Echo Form+1","Capacitor","Amplify","Auto Shields+1"],"relics":["Cracked Core","NeowsBlessing","Pen Nib","Bronze Scales","Mercury Hourglass","Black Star"],"potions_floor_usage":[7,13,24],"damage_taken":[{"damage":0,"enemies":"Cultist","floor":1,"turns":1},{"damage":0,"enemies":"Jaw Worm","floor":2,"turns":1},{"damage":0,"enemies":"2 Louse","floor":4,"turns":1},{"damage":1,"enemies":"Large Slime","floor":5,"turns":6},{"damage":4,"enemies":"3 Louse","floor":7,"turns":2},{"damage":2,"enemies":"Red Slaver","floor":12,"turns":3},{"damage":33,"enemies":"Gremlin Nob","floor":13,"turns":4},{"damage":8,"enemies":"Blue Slaver","floor":14,"turns":2},{"damage":14,"enemies":"Hexaghost","floor":16,"turns":9},{"damage":17,"enemies":"Spheric Guardian","floor":18,"turns":4},{"damage":19,"enemies":"Shell Parasite","floor":20,"turns":6},{"damage":18,"enemies":"Snake Plant","floor":22,"turns":4},{"damage":30,"enemies":"Gremlin Leader","floor":24,"turns":2}],"seed_played":"4120428370490392249","potions_obtained":[{"floor":4,"key":"Explosive Potion"},{"floor":5,"key":"Ancient Potion"},{"floor":7,"key":"Ancient Potion"},{"floor":13,"key":"SpeedPotion"},{"floor":20,"key":"PowerPotion"}],"is_trial":false,"path_per_floor":["M","M","?","M","M","R","M","?","T","?","?","M","E","M","R","B",null,"M","?","M","?","M","R","E"],"character_chosen":"DEFECT","items_purchased":[],"campfire_rested":1,"item_purchase_floors":[],"current_hp_per_floor":[64,64,64,64,63,63,59,71,71,64,69,67,34,26,26,12,60,43,43,24,24,6,28,0],"gold":203,"neow_bonus":"THREE_ENEMY_KILL","is_prod":false,"is_daily":false,"chose_seed":false,"campfire_upgraded":2,"win_rate":0,"timestamp":1552608634,"path_taken":["M","?","?","?","M","R","M","?","T","?","?","M","E","M","R","BOSS","M","?","?","?","M","R","E"],"build_version":"2019-01-23","purchased_purges":0,"victory":false,"max_hp_per_floor":[71,71,71,71,71,71,71,71,71,71,76,76,76,76,76,76,76,76,76,76,76,76,76,76],"card_choices":[{"not_picked":["Steam","Rebound"],"picked":"Cold Snap","floor":1},{"not_picked":["Stack","Compile Driver"],"picked":"FTL","floor":2},{"not_picked":["Barrage","Redo"],"picked":"Leap","floor":4},{"not_picked":["Turbo","Buffer"],"picked":"Sweeping Beam","floor":5},{"not_picked":["Leap","Double Energy"],"picked":"Hologram","floor":7},{"not_picked":["Sweeping Beam","Aggregate"],"picked":"Genetic Algorithm","floor":12},{"not_picked":["Undo","Steam Power"],"picked":"Steam","floor":13},{"not_picked":["Reprogram","Reinforced Body"],"picked":"Hello World","floor":14},{"not_picked":["All For One","Thunder Strike"],"picked":"Echo Form","floor":16},{"not_picked":["Beam Cell","Cold Snap"],"picked":"Capacitor","floor":18},{"not_picked":["Hello World","Turbo+1"],"picked":"Auto Shields+1","floor":20},{"not_picked":["Lockon","Streamline","Redo+1"],"picked":"SKIP","floor":22}],"player_experience":583330,"relics_obtained":[{"floor":9,"key":"Bronze Scales"},{"floor":13,"key":"Mercury Hourglass"}],"event_choices":[{"damage_healed":0,"gold_gain":0,"player_choice":"Paid Gold","damage_taken":0,"relics_obtained":["Pen Nib"],"max_hp_gain":0,"max_hp_loss":0,"event_name":"WeMeetAgain","floor":3,"gold_loss":112},{"damage_healed":17,"gold_gain":0,"player_choice":"Healed","damage_taken":0,"max_hp_gain":0,"max_hp_loss":0,"event_name":"The Cleric","floor":8,"gold_loss":35},{"cards_removed":["Strike_B"],"damage_healed":0,"gold_gain":0,"player_choice":"Card Removal","damage_taken":7,"max_hp_gain":0,"max_hp_loss":0,"event_name":"Golden Wing","floor":10,"gold_loss":0},{"damage_healed":0,"gold_gain":0,"player_choice":"Donut","damage_taken":0,"max_hp_gain":5,"max_hp_loss":0,"event_name":"Big Fish","floor":11,"gold_loss":0},{"damage_healed":0,"gold_gain":0,"cards_transformed":["Strike_B"],"player_choice":"Transformed","damage_taken":0,"max_hp_gain":0,"max_hp_loss":0,"event_name":"Transmorgrifier","floor":19,"gold_loss":0,"cards_obtained":["Amplify"]},{"damage_healed":0,"gold_gain":0,"player_choice":"Upgraded","damage_taken":0,"max_hp_gain":0,"max_hp_loss":0,"event_name":"Upgrade Shrine","floor":21,"gold_loss":0,"cards_upgraded":["Echo Form"]}],"is_beta":false,"boss_relics":[{"not_picked":["White Beast Statue","Calling Bell"],"picked":"Black Star"}],"items_purged_floors":[],"is_endless":false,"potions_floor_spawned":[4,5,7,12,13,18,20],"killed_by":"Gremlin Leader","ascension_level":20}