{"gold_per_floor":[117,117,117,42,55,89,89,100,100,100,125,148,160,184,196,208],"floor_reached":16,"playtime":471,"items_purged":["Strike_G"],"score":270,"play_id":"d1aa115e-0fe7-4655-9382-b3d2c5cc5d83","local_time":"20190501210148","is_ascension_mode":true,"campfire_choices":[{"data":"Neutralize","floor":7,"key":"SMITH"},{"floor":13,"key":"REST"},{"floor":15,"key":"DIG"}],"neow_cost":"NONE","seed_source_timestamp":700974308011500,"circlet_count":0,"master_deck":["AscendersBane","Defend_G","Defend_G+1","Defend_G","Defend_G","Defend_G","Strike_G","Strike_G+1","Strike_G","Survivor","Neutralize+1","Poisoned Stab","Blade Dance","Leg Sweep","Cloak And Dagger","Accuracy","PiercingWail","Glass Knife"],"relics":["Ring of the Snake","NeowsBlessing","Ginger","Shovel","MawBank","Centennial Puzzle"],"potions_floor_usage":[11,16],"damage_taken":[{"damage":0,"enemies":"Small Slimes","floor":1,"turns":1},{"damage":0,"enemies":"2 Louse","floor":5,"turns":1},{"damage":0,"enemies":"Gremlin Nob","floor":6,"turns":1},{"damage":0,"enemies":"Cultist","floor":8,"turns":4},{"damage":18,"enemies":"3 Sentries","floor":11,"turns":9},{"damage":2,"enemies":"3 Louse","floor":12,"turns":5},{"damage":2,"enemies":"Exordium Wildlife","floor":14,"turns":3},{"damage":42,"enemies":"The Guardian","floor":16,"turns":19}],"seed_played":"-8484456400792473602","potions_obtained":[{"floor":6,"key":"PowerPotion"},{"floor":11,"key":"Strength Potion"},{"floor":14,"key":"AttackPotion"}],"is_trial":false,"path_per_floor":["M","?","?","$","M","E","R","M","T","?","E","M","R","M","R","B"],"character_chosen":"THE_SILENT","items_purchased":[],"campfire_rested":1,"item_purchase_floors":[],"current_hp_per_floor":[59,39,39,39,39,39,39,39,39,39,21,19,38,36,36,0],"gold":208,"neow_bonus":"THREE_ENEMY_KILL","is_prod":false,"is_daily":false,"chose_seed":false,"campfire_upgraded":1,"win_rate":0,"timestamp":1556740908,"path_taken":["M","?","?","$","M","E","R","?","T","?","E","M","R","M","R","BOSS"],"build_version":"2019-01-23","purchased_purges":1,"victory":false,"max_hp_per_floor":[66,66,66,66,66,66,66,66,66,66,66,66,66,66,66,66],"card_choices":[{"not_picked":["Bane","Backflip"],"picked":"Poisoned Stab","floor":1},{"not_picked":["Masterful Stab","Tactician"],"picked":"Blade Dance","floor":5},{"not_picked":["Catalyst","Tactician"],"picked":"Leg Sweep","floor":6},{"not_picked":["Dodge and Roll","Tactician"],"picked":"Cloak And Dagger","floor":8},{"not_picked":["Blade Dance","PiercingWail"],"picked":"Accuracy","floor":11},{"not_picked":["Backflip","Accuracy"],"picked":"PiercingWail","floor":12},{"not_picked":["Dodge and Roll","Expertise"],"picked":"Glass Knife","floor":14}],"player_experience":1329442,"relics_obtained":[{"floor":6,"key":"Ginger"},{"floor":9,"key":"Shovel"},{"floor":11,"key":"MawBank"},{"floor":15,"key":"Centennial Puzzle"}],"event_choices":[{"damage_healed":0,"gold_gain":0,"player_choice":"Entered Light","damage_taken":20,"max_hp_gain":0,"max_hp_loss":0,"event_name":"Shining Light","floor":2,"gold_loss":0,"cards_upgraded":["Defend_G","Strike_G"]},{"cards_removed":["Strike_G"],"damage_healed":0,"gold_gain":0,"player_choice":"Purged","damage_taken":0,"max_hp_gain":0,"max_hp_loss":0,"event_name":"Purifier","floor":3,"gold_loss":0},{"damage_healed":0,"gold_gain":0,"player_choice":"Ignored","damage_taken":0,"max_hp_gain":0,"max_hp_loss":0,"event_name":"Liars Game","floor":10,"gold_loss":0}],"is_beta":false,"boss_relics":[],"items_purged_floors":[4],"is_endless":false,"potions_floor_spawned":[6,11,14],"killed_by":"The Guardian","ascension_level":20}