{"gold_per_floor":[109,109,79,95,114,114,148,148,148,159,175,175,175,175,175,252,252,266,141,160,160,172,172,172,172,219,231,242,54,54,54,54,127,127,142,159,159,177,52,52,69,69,123,149,149,166,166,66,66,66],"floor_reached":51,"playtime":2184,"items_purged":["Decay","Scrape","Strike_B"],"score":1175,"play_id":"f5da330b-1422-4539-8952-30a6210e6e47","local_time":"20180826150654","is_ascension_mode":true,"campfire_choices":[{"data":"Zap","floor":6.0,"key":"SMITH"},{"floor":8,"key":"REST"},{"data":"Sweeping Beam","floor":12,"key":"SMITH"},{"data":"Cold Snap","floor":15,"key":"SMITH"},{"data":"Loop","floor":23,"key":"SMITH"},{"data":"Cold Snap","floor":25,"key":"SMITH"},{"floor":30,"key":"REST"},{"data":"Capacitor","floor":32,"key":"SMITH"},{"data":"Loop","floor":40,"key":"SMITH"},{"floor":42,"key":"REST"},{"data":"Echo Form","floor":45,"key":"SMITH"},{"floor":49,"key":"REST"}],"neow_cost":"NONE","seed_source_timestamp":4297838336731853,"circlet_count":0,"master_deck":["Strike_B","Defend_B","Defend_B","Defend_B","Defend_B","Zap+1","Dualcast","AscendersBane","Sweeping Beam+1","Compile Driver","Cold Snap+1","Leap+1","Steam+1","Rebound","Seek+1","Cold Snap+1","Loop+1","Ball Lightning","Chill+1","Capacitor+1","Glacier+1","Echo Form+1","Loop+1","Cold Snap","Consume+1","Conserve Battery+1","Hologram+1","Electrodynamics","Barrage+1"],"special_seed":0,"relics":["Cracked Core","Bag of Marbles","Toxic Egg 2","Shuriken","The Courier","Sozu","MutagenicStrength","Regal Pillow","ClockworkSouvenir","Inserter","Bird Faced Urn","Tiny Chest","Art of War"],"potions_floor_usage":[7,16,16,18],"damage_taken":[{"damage":0.0,"enemies":"Small Slimes","floor":1.0,"turns":2.0},{"damage":4.0,"enemies":"2 Louse","floor":4.0,"turns":2.0},{"damage":0.0,"enemies":"Cultist","floor":5.0,"turns":2.0},{"damage":20,"enemies":"Lagavulin","floor":7,"turns":6},{"damage":5,"enemies":"Exordium Wildlife","floor":10,"turns":3},{"damage":16,"enemies":"Lots of Slimes","floor":11,"turns":3},{"damage":1,"enemies":"Slime Boss","floor":16,"turns":7},{"damage":5,"enemies":"2 Thieves","floor":18,"turns":3},{"damage":0,"enemies":"3 Byrds","floor":20,"turns":4},{"damage":18,"enemies":"Snecko","floor":22,"turns":4},{"damage":14,"enemies":"Centurion and Healer","floor":27,"turns":5},{"damage":4,"enemies":"Chosen and Byrds","floor":28,"turns":7},{"damage":59,"enemies":"Automaton","floor":33,"turns":9},{"damage":8,"enemies":"3 Darklings","floor":35,"turns":5},{"damage":22,"enemies":"Orb Walker","floor":36,"turns":3},{"damage":0,"enemies":"Mind Bloom Boss Battle","floor":37,"turns":4},{"damage":0,"enemies":"Flame Bruiser 2 Orb","floor":38,"turns":7},{"damage":0,"enemies":"4 Shapes","floor":41,"turns":6},{"damage":24,"enemies":"Giant Head","floor":44,"turns":7},{"damage":12,"enemies":"Spire Growth","floor":46,"turns":7},{"damage":33,"enemies":"Time Eater","floor":50,"turns":12}],"seed_played":"8044571604895993705","potions_obtained":[{"floor":3.0,"key":"LiquidBronze"},{"floor":3.0,"key":"GamblersBrew"},{"floor":5.0,"key":"FocusPotion"},{"floor":7,"key":"FocusPotion"},{"floor":10,"key":"Regen Potion"},{"floor":16,"key":"Block Potion"}],"is_trial":false,"path_per_floor":["M","?","?","M","M","R","E","R","T","M","M","R","?","?","R","B",null,"M","$","M","?","M","R","?","R","T","M","M","$","R","?","R","B",null,"M","M","?","M","$","R","M","R","T","E","R","M","?","$","R","B"],"character_chosen":"DEFECT","items_purchased":["Loop","ClockworkSouvenir","Conserve Battery+1"],"campfire_rested":4,"item_purchase_floors":[19,29,39],"current_hp_per_floor":[64,59,59,55,55,55,35,56,56,51,35,35,35,35,35,49,66,61,61,61,61,43,43,43,43,43,29,25,25,61,61,61,2,54,46,24,24,30,30,30,38,71,71,53,53,47,47,47,71,48],"gold":66,"neow_bonus":"RANDOM_COMMON_RELIC","is_prod":false,"is_daily":false,"chose_seed":false,"campfire_upgraded":8,"win_rate":0,"timestamp":1535310414,"path_taken":["M","?","?","M","M","R","E","R","T","M","?","R","?","?","R","BOSS","M","$","M","?","M","R","?","R","T","M","M","$","R","?","R","BOSS","M","M","?","?","?","R","M","R","T","E","R","M","?","?","R","BOSS"],"build_version":"2018-08-23v2","purchased_purges":3,"victory":true,"max_hp_per_floor":[71,71,71,71,71,71,71,71,71,71,71,71,71,71,71,71,71,71,71,71,71,71,71,71,71,71,71,71,71,71,71,71,71,71,71,71,71,71,71,71,71,71,71,71,71,71,71,71,71,71],"card_choices":[{"not_picked":["Beam Cell","Coolheaded"],"picked":"Sweeping Beam","floor":1.0},{"not_picked":["Beam Cell","Barrage"],"picked":"Compile Driver","floor":4.0},{"not_picked":["Scrape","Steam+1"],"picked":"Cold Snap","floor":5.0},{"not_picked":["Fusion+1","Barrage"],"picked":"Leap+1","floor":7},{"not_picked":["Tempest+1","BootSequence+1"],"picked":"Steam+1","floor":10},{"not_picked":["Stack+1","Fusion+1"],"picked":"Rebound","floor":11},{"not_picked":["Amplify+1","Core Surge"],"picked":"Seek+1","floor":16},{"not_picked":["Beam Cell","Compile Driver"],"picked":"Cold Snap","floor":18},{"not_picked":["Gash","Turbo+1"],"picked":"Ball Lightning","floor":20},{"not_picked":["Redo+1","Blizzard"],"picked":"Chill+1","floor":22},{"not_picked":["Sweeping Beam+1","Hello World"],"picked":"Capacitor","floor":27},{"not_picked":["Streamline+1","Sweeping Beam"],"picked":"Glacier+1","floor":28},{"not_picked":["Creative AI","Multi-Cast+1"],"picked":"Echo Form","floor":33},{"not_picked":["Beam Cell","Coolheaded+1"],"picked":"Loop","floor":35},{"not_picked":["Lockon+1","Sweeping Beam"],"picked":"Cold Snap","floor":36},{"not_picked":["Lockon+1","Reinforced Body+1"],"picked":"Consume+1","floor":37},{"not_picked":["Self Repair","Redo+1","Streamline"],"picked":"SKIP","floor":38},{"not_picked":["Go for the Eyes","Barrage"],"picked":"Hologram+1","floor":41},{"not_picked":["Rebound+1","Beam Cell"],"picked":"Electrodynamics","floor":44},{"not_picked":["Heatsinks+1","Coolheaded+1"],"picked":"Barrage+1","floor":46}],"player_experience":279116,"relics_obtained":[{"floor":7,"key":"Shuriken"},{"floor":9,"key":"The Courier"},{"floor":26,"key":"Regal Pillow"},{"floor":37,"key":"Bird Faced Urn"},{"floor":43,"key":"Tiny Chest"},{"floor":44,"key":"Art of War"}],"event_choices":[{"event_name":"Scrap Ooze","player_choice":"success","floor":2.0,"damage_taken":5.0},{"event_name":"The Woman in Blue","player_choice":"Bought 2 Potions","floor":3.0,"damage_taken":0.0},{"event_name":"Living Wall","player_choice":"Change","floor":13,"damage_taken":0},{"event_name":"Wheel of Change","player_choice":"Curse","floor":14,"damage_taken":0},{"event_name":"Cursed Tome","player_choice":"Ignored","floor":21,"damage_taken":0},{"event_name":"Drug Dealer","player_choice":"Inject Mutagens","floor":24,"damage_taken":0},{"event_name":"Vampires","player_choice":"Ignored","floor":31,"damage_taken":0},{"event_name":"MindBloom","player_choice":"Fight","floor":37,"damage_taken":0},{"event_name":"Falling","player_choice":"Removed Attack","floor":47,"damage_taken":0}],"is_beta":false,"boss_relics":[{"not_picked":["White Beast Statue","Tiny House"],"picked":"Sozu"},{"not_picked":["Nuclear Battery","Black Star"],"picked":"Inserter"}],"items_purged_floors":[19,39,48],"is_endless":false,"potions_floor_spawned":[5,7,10,16,18,22,27,37,41,44],"ascension_level":16}