{"gold_per_floor":[111,123,44,62,73,73,87,105,131,131,131,131,151,161,161,265,265,275,275,288,307,317,345,345,355,381,381,395,411,173,190,190,190],"floor_reached":33,"playtime":2205,"items_purged":[],"score":267,"play_id":"4e5359f3-4df0-437b-8cf4-6e17fff6f192","local_time":"20190130210013","is_ascension_mode":false,"campfire_choices":[{"data":"Zap","floor":6.0,"key":"SMITH"},{"floor":11.0,"key":"REST"},{"floor":15.0,"key":"REST"},{"floor":24,"key":"REST"},{"floor":27,"key":"REST"},{"floor":32,"key":"REST"}],"neow_cost":"NONE","seed_source_timestamp":0,"circlet_count":0,"master_deck":["Strike_B+1","Strike_B","Strike_B","Defend_B","Defend_B","Defend_B","Defend_B","Zap+1","Dualcast","Conserve Battery","Leap","Loop","Sweeping Beam","Cold Snap","Auto Shields+1","Coolheaded+1","Conserve Battery","Buffer","Conserve Battery","Barrage+1","Melter+1","Ball Lightning+1","Sunder+1","Lockon","Redo+1","Cold Snap","Aggregate+1"],"special_seed":0,"relics":["Cracked Core","NeowsBlessing","War Paint","Inserter","Ancient Tea Set","Whetstone","Lee\u0027s Waffle"],"potions_floor_usage":[29,33],"damage_taken":[{"damage":0.0,"enemies":"Cultist","floor":1.0,"turns":1.0},{"damage":0.0,"enemies":"Jaw Worm","floor":2.0,"turns":1.0},{"damage":0.0,"enemies":"Small Slimes","floor":4.0,"turns":1.0},{"damage":0.0,"enemies":"3 Louse","floor":5.0,"turns":4.0},{"damage":17.0,"enemies":"Gremlin Gang","floor":7.0,"turns":5.0},{"damage":8.0,"enemies":"Red Slaver","floor":8.0,"turns":4.0},{"damage":0.0,"enemies":"Exordium Wildlife","floor":13.0,"turns":3.0},{"damage":1.0,"enemies":"Large Slime","floor":14.0,"turns":8.0},{"damage":27.0,"enemies":"Hexaghost","floor":16.0,"turns":12.0},{"damage":8.0,"enemies":"Spheric Guardian","floor":18.0,"turns":9.0},{"damage":0.0,"enemies":"Shell Parasite","floor":20.0,"turns":16.0},{"damage":1.0,"enemies":"Centurion and Healer","floor":21.0,"turns":11.0},{"damage":8,"enemies":"Shelled Parasite and Fungi","floor":22,"turns":7},{"damage":69,"enemies":"Book of Stabbing","floor":23,"turns":9},{"damage":25,"enemies":"Cultist and Chosen","floor":25,"turns":7},{"damage":9,"enemies":"Chosen and Byrds","floor":28,"turns":6},{"damage":15,"enemies":"Centurion and Healer","floor":29,"turns":5},{"damage":13,"enemies":"Snake Plant","floor":31,"turns":5},{"damage":93,"enemies":"Champ","floor":33,"turns":14}],"seed_played":"400888870618794924","potions_obtained":[{"floor":2.0,"key":"Poison Potion"},{"floor":7.0,"key":"Dexterity Potion"},{"floor":8.0,"key":"Poison Potion"},{"floor":20.0,"key":"FearPotion"},{"floor":22,"key":"SpeedPotion"},{"floor":29,"key":"AttackPotion"}],"is_trial":false,"path_per_floor":["M","M","$","M","M","R","M","M","T","?","R","?","M","M","R","B",null,"M","?","M","M","M","E","R","M","T","R","M","M","$","M","R","B"],"character_chosen":"DEFECT","items_purchased":["Loop","Lee\u0027s Waffle","Cold Snap"],"campfire_rested":5,"item_purchase_floors":[3,30,30],"current_hp_per_floor":[75,75,75,75,75,75,58,50,50,43,65,70,70,69,80,53,80,72,80,80,79,71,2,26,1,1,25,16,1,87,74,87,0],"gold":190,"neow_bonus":"THREE_ENEMY_KILL","is_prod":false,"is_daily":false,"chose_seed":false,"campfire_upgraded":1,"win_rate":0,"timestamp":1548910813,"path_taken":["M","M","$","M","M","R","?","?","T","?","R","?","M","M","R","BOSS","M","?","M","M","M","E","R","M","T","R","M","?","$","M","R","BOSS"],"build_version":"2019-01-23","purchased_purges":0,"victory":false,"max_hp_per_floor":[75,75,75,75,75,75,75,75,75,75,75,80,80,80,80,80,80,80,80,80,80,80,80,80,80,80,80,80,80,87,87,87,87],"card_choices":[{"not_picked":["Compile Driver","Consume"],"picked":"Conserve Battery","floor":1.0},{"not_picked":["Redo","Sweeping Beam"],"picked":"Leap","floor":2.0},{"not_picked":["Rebound","Ball Lightning"],"picked":"Sweeping Beam","floor":4.0},{"not_picked":["Reboot","Chill"],"picked":"Cold Snap","floor":5.0},{"not_picked":["Skim","Steam Power"],"picked":"Auto Shields","floor":7.0},{"not_picked":["Compile Driver","Skim"],"picked":"Coolheaded","floor":8.0},{"not_picked":["Reinforced Body","Turbo","FTL"],"picked":"SKIP","floor":13.0},{"not_picked":["Rebound","Compile Driver"],"picked":"Conserve Battery","floor":14.0},{"not_picked":["All For One","Electrodynamics"],"picked":"Buffer","floor":16.0},{"not_picked":["Compile Driver","Go for the Eyes"],"picked":"Conserve Battery","floor":18.0},{"not_picked":["Chaos","Hologram+1"],"picked":"Barrage+1","floor":20.0},{"not_picked":["Barrage","Beam Cell"],"picked":"Melter+1","floor":21.0},{"not_picked":["Barrage","Redo","Reinforced Body"],"picked":"SKIP","floor":22},{"not_picked":["Gash","Steam"],"picked":"Ball Lightning+1","floor":23},{"not_picked":["Rainbow","BootSequence"],"picked":"Sunder","floor":25},{"not_picked":["Ball Lightning","Turbo"],"picked":"Lockon","floor":28},{"not_picked":["Static Discharge","Streamline"],"picked":"Redo+1","floor":29},{"not_picked":["Go for the Eyes+1","Ball Lightning"],"picked":"Aggregate+1","floor":31}],"player_experience":178454,"relics_obtained":[{"floor":9.0,"key":"War Paint"},{"floor":23,"key":"Ancient Tea Set"},{"floor":26,"key":"Whetstone"}],"event_choices":[{"cards_removed":["Strike_B"],"damage_healed":0.0,"max_hp_gain":0.0,"max_hp_loss":0.0,"gold_gain":0.0,"event_name":"Golden Wing","player_choice":"Card Removal","floor":10.0,"gold_loss":0.0,"damage_taken":7.0},{"damage_healed":0.0,"max_hp_gain":5.0,"max_hp_loss":0.0,"gold_gain":0.0,"event_name":"Big Fish","player_choice":"Donut","floor":12.0,"gold_loss":0.0,"damage_taken":0.0},{"damage_healed":8.0,"max_hp_gain":0.0,"max_hp_loss":0.0,"gold_gain":0.0,"event_name":"Wheel of Change","player_choice":"Full Heal","floor":19.0,"gold_loss":0.0,"damage_taken":0.0}],"is_beta":false,"boss_relics":[{"not_picked":["Sozu","Tiny House"],"picked":"Inserter"}],"items_purged_floors":[],"is_endless":false,"potions_floor_spawned":[2,7,8,13,20,22,29],"killed_by":"Champ","ascension_level":0}