{"gold_per_floor":[116,191,191,241,253,253,281,18,18,18,18,18],"floor_reached":12,"playtime":157,"items_purged":[],"score":198,"play_id":"683cde05-11c5-4eae-8c1a-f1be84ee2693","local_time":"20190407133953","is_ascension_mode":true,"campfire_choices":[{"data":"Neutralize","floor":6,"key":"SMITH"},{"data":"Die Die Die","floor":11,"key":"SMITH"}],"neow_cost":"NONE","seed_source_timestamp":9243062338719020,"circlet_count":0,"master_deck":["AscendersBane","Defend_G","Defend_G","Defend_G","Defend_G","Defend_G","Strike_G","Strike_G","Strike_G","Survivor","Neutralize+1","Sucker Punch","Sucker Punch","Die Die Die+1"],"special_seed":0,"relics":["Ring of the Snake","NeowsBlessing","Nunchaku","Mummified Hand","Toxic Egg 2"],"potions_floor_usage":[],"damage_taken":[{"damage":0.0,"enemies":"Small Slimes","floor":1.0,"turns":1.0},{"damage":0,"enemies":"2 Louse","floor":5,"turns":1},{"damage":0,"enemies":"Gremlin Nob","floor":7,"turns":1},{"damage":38,"enemies":"Lagavulin","floor":12,"turns":8}],"seed_played":"-5268733506177216714","potions_obtained":[],"is_trial":false,"path_per_floor":["M","?","?","?","M","R","E","$","T","?","R","E"],"character_chosen":"THE_SILENT","items_purchased":["Mummified Hand"],"campfire_rested":0,"item_purchase_floors":[8],"current_hp_per_floor":[59,48,41,35,35,35,35,35,35,35,35,0],"gold":18,"neow_bonus":"THREE_ENEMY_KILL","is_prod":false,"is_daily":false,"chose_seed":false,"campfire_upgraded":2,"win_rate":0,"timestamp":1554658793,"path_taken":["M","?","?","?","?","R","E","$","T","?","R","E"],"build_version":"2019-01-23","purchased_purges":0,"victory":false,"max_hp_per_floor":[66,66,66,66,66,66,66,66,66,66,66,66],"card_choices":[{"not_picked":["Deadly Poison","Acrobatics"],"picked":"Sucker Punch","floor":1.0},{"not_picked":["Acrobatics","Prepared"],"picked":"Sucker Punch","floor":5},{"not_picked":["Infinite Blades","Deadly Poison"],"picked":"Die Die Die","floor":7}],"player_experience":626568,"relics_obtained":[{"floor":7,"key":"Nunchaku"},{"floor":9,"key":"Toxic Egg 2"}],"event_choices":[{"damage_healed":0.0,"max_hp_gain":0.0,"max_hp_loss":0.0,"gold_gain":75.0,"event_name":"World of Goop","player_choice":"Gather Gold","floor":2.0,"gold_loss":0.0,"damage_taken":11.0},{"cards_removed":["Strike_G"],"damage_healed":0.0,"max_hp_gain":0.0,"max_hp_loss":0.0,"gold_gain":0.0,"event_name":"Golden Wing","player_choice":"Card Removal","floor":3.0,"gold_loss":0.0,"damage_taken":7.0},{"damage_healed":0,"gold_gain":50,"player_choice":"Touch","damage_taken":6,"max_hp_gain":0,"max_hp_loss":0,"event_name":"FaceTrader","floor":4,"gold_loss":0},{"cards_removed":["Strike_G"],"damage_healed":0,"gold_gain":0,"player_choice":"Offered Basic","damage_taken":0,"max_hp_gain":0,"max_hp_loss":0,"event_name":"Bonfire Elementals","floor":10,"gold_loss":0}],"is_beta":false,"boss_relics":[],"items_purged_floors":[],"is_endless":false,"potions_floor_spawned":[],"killed_by":"Lagavulin","ascension_level":20}