{"gold_per_floor":[119,130,130,130,148,148,173,206,206,206,240,240,254,273,273,397,397,415,330,330,346,56,56,99,99,99,115,115,115,135,135],"floor_reached":31,"playtime":1252,"items_purged":[],"score":292,"play_id":"75306081-e8cd-4ab8-b68c-6324aaa1456c","local_time":"20180710191821","is_ascension_mode":true,"campfire_choices":[{"data":"Darkness","floor":6,"key":"SMITH"},{"floor":10,"key":"REST"},{"data":"Conserve Battery","floor":15,"key":"SMITH"},{"floor":23,"key":"REST"},{"data":"Defragment","floor":25,"key":"SMITH"}],"neow_cost":"NONE","seed_source_timestamp":254253031591995,"circlet_count":0,"master_deck":["Zap+1","Dualcast","Darkness+1","Go for the Eyes","Ball Lightning","Conserve Battery+1","Leap","Decay","Leap","Cold Snap","Gash","Streamline","Steam Power","Defragment+1","Turbo","Stack","Sunder","Go for the Eyes","Consume","Capacitor+1","Conserve Battery+1","Stack","Hologram+1"],"relics":["Cracked Core","Golden Idol","Boot","Dream Catcher","Pantograph","Pandora\u0027s Box","Question Card","Emotion Chip","Calipers","Mummified Hand"],"potions_floor_usage":[],"damage_taken":[{"damage":0,"enemies":"Small Slimes","floor":1,"turns":3},{"damage":0,"enemies":"Cultist","floor":2,"turns":3},{"damage":5,"enemies":"Jaw Worm","floor":5,"turns":4},{"damage":1,"enemies":"Looter","floor":7,"turns":3},{"damage":4,"enemies":"Lagavulin","floor":8,"turns":5},{"damage":10,"enemies":"Gremlin Nob","floor":11,"turns":3},{"damage":2,"enemies":"3 Louse","floor":13,"turns":3},{"damage":0,"enemies":"Large Slime","floor":14,"turns":4},{"damage":52,"enemies":"Slime Boss","floor":16,"turns":10},{"damage":3,"enemies":"Chosen","floor":18,"turns":4},{"damage":20,"enemies":"3 Byrds","floor":21,"turns":4},{"damage":27,"enemies":"Book of Stabbing","floor":24,"turns":6},{"damage":13,"enemies":"Centurion and Healer","floor":27,"turns":5},{"damage":31,"enemies":"3 Cultists","floor":30,"turns":6},{"damage":4,"enemies":"Snake Plant","floor":31,"turns":1}],"seed_played":"-5122093692826122636","potions_obtained":[{"floor":5,"key":"LiquidBronze"},{"floor":13,"key":"FearPotion"},{"floor":16,"key":"Poison Potion"}],"is_trial":false,"path_per_floor":["M","M","?","?","M","R","M","E","T","R","E","?","M","M","R","B",null,"M","?","?","M","$","R","E","R","T","M","$","?","M"],"character_chosen":"DEFECT","items_purchased":["Emotion Chip"],"campfire_rested":2,"item_purchase_floors":[22],"current_hp_per_floor":[75,75,75,57,52,52,51,47,47,69,59,59,57,57,57,23,75,72,72,72,52,52,74,47,47,47,34,34,34,3,0],"gold":135,"neow_bonus":"TRANSFORM_CARD","is_prod":false,"is_daily":false,"chose_seed":false,"campfire_upgraded":3,"win_rate":0,"timestamp":1531264701,"path_taken":["M","M","?","?","M","R","M","E","T","R","E","?","?","M","R","BOSS","M","?","?","M","$","R","E","R","T","?","$","?","?","?"],"build_version":"2018-07-05","purchased_purges":0,"victory":false,"max_hp_per_floor":[75,75,75,75,75,75,75,75,75,75,75,75,75,75,75,75,75,75,75,75,75,75,75,75,75,75,75,75,75,75,75],"card_choices":[{"not_picked":["Streamline","Compile Driver"],"picked":"Go for the Eyes","floor":1},{"not_picked":["Streamline","Rip and Tear","Beam Cell"],"picked":"SKIP","floor":2},{"not_picked":["Recycle","Turbo"],"picked":"Ball Lightning","floor":5},{"not_picked":["Beam Cell","Hologram"],"picked":"Conserve Battery","floor":7},{"not_picked":["Reinforced Body","Compile Driver"],"picked":"Leap","floor":8},{"not_picked":["Redo","Static Discharge","Turbo"],"picked":"SKIP","floor":11},{"not_picked":["Sunder","Darkness"],"picked":"Leap","floor":13},{"not_picked":["Streamline","Beam Cell"],"picked":"Cold Snap","floor":14},{"not_picked":["Stack+1","Rip and Tear"],"picked":"Go for the Eyes","floor":18},{"not_picked":["Compile Driver+1","Static Discharge","Redo"],"picked":"Consume","floor":21},{"not_picked":["Turbo","Stack","Hologram+1"],"picked":"Capacitor+1","floor":23},{"not_picked":["Steam","Reinforced Body","Lockon"],"picked":"Conserve Battery+1","floor":24},{"not_picked":["Rebound","Aggregate","Fission"],"picked":"Stack","floor":27},{"not_picked":["Rebound","Steam+1","Redo"],"picked":"Hologram+1","floor":30}],"player_experience":105873,"relics_obtained":[{"floor":8,"key":"Boot"},{"floor":9,"key":"Dream Catcher"},{"floor":11,"key":"Pantograph"},{"floor":24,"key":"Calipers"},{"floor":26,"key":"Mummified Hand"}],"event_choices":[{"event_name":"Upgrade Shrine","player_choice":"Upgraded","floor":3,"damage_taken":0},{"event_name":"Golden Idol","player_choice":"Take Damage","floor":4,"damage_taken":0},{"event_name":"Wheel of Change","player_choice":"Curse","floor":12,"damage_taken":0},{"event_name":"Addict","player_choice":"Obtained Relic","floor":19,"damage_taken":0},{"event_name":"Drug Dealer","player_choice":"Ignored","floor":20,"damage_taken":0},{"event_name":"Back to Basics","player_choice":"Simplicity","floor":29,"damage_taken":0}],"boss_relics":[{"not_picked":["Tiny House","Lizard Tail"],"picked":"Pandora\u0027s Box"}],"items_purged_floors":[],"is_endless":false,"potions_floor_spawned":[5,13,16,21,24],"killed_by":"Snake Plant","ascension_level":2}