{"gold_per_floor":[116,41,41,41,57,57,92,92,119,119,119],"floor_reached":11,"playtime":219,"items_purged":["Strike_B"],"score":137,"play_id":"5c91787d-e0e4-4d02-882d-f2820a9f4fa6","local_time":"20190708080259","is_ascension_mode":true,"campfire_choices":[{"data":"Mayhem","floor":6.0,"key":"SMITH"}],"neow_cost":"TEN_PERCENT_HP_LOSS","seed_source_timestamp":2098504984964599,"circlet_count":0,"master_deck":["AscendersBane","Strike_B","Strike_B","Strike_B","Defend_B","Defend_B","Defend_B","Defend_B","Zap","Dualcast","Mayhem+1","Madness","Gash","Gash"],"special_seed":0,"relics":["Cracked Core","WingedGreaves","Spirit Poop","Question Card","Golden Idol","Boot"],"potions_floor_usage":[11,11],"damage_taken":[{"damage":6.0,"enemies":"Cultist","floor":1.0,"turns":3.0},{"damage":2.0,"enemies":"2 Louse","floor":5.0,"turns":4.0},{"damage":43.0,"enemies":"3 Sentries","floor":7.0,"turns":8.0},{"damage":15,"enemies":"Lagavulin","floor":11,"turns":3}],"seed_played":"7947927492757584930","potions_obtained":[{"floor":1.0,"key":"Block Potion"},{"floor":7.0,"key":"Poison Potion"},{"floor":10.0,"key":"SteroidPotion"}],"is_trial":false,"path_per_floor":["M","$","?","?","M","R","E","?","T","?","E"],"character_chosen":"DEFECT","items_purchased":[],"campfire_rested":0,"item_purchase_floors":[],"current_hp_per_floor":[58,58,58,58,56,56,13,13,13,13,0],"gold":119,"neow_bonus":"RANDOM_COLORLESS_2","is_prod":false,"is_daily":false,"chose_seed":false,"campfire_upgraded":1,"win_rate":0,"timestamp":1562598179,"path_taken":["M","?","?","?","?","R","E","?","T","?","E"],"build_version":"2019-07-05","purchased_purges":1,"victory":false,"max_hp_per_floor":[64,64,64,64,64,64,64,58,58,58,58],"card_choices":[{"not_picked":["Auto Shields","Sweeping Beam"],"picked":"Gash","floor":1.0},{"not_picked":["Rip and Tear","Recycle","Auto Shields"],"picked":"SKIP","floor":5.0},{"not_picked":["Rainbow","Turbo"],"picked":"Gash","floor":7.0}],"player_experience":1236465,"relics_obtained":[{"floor":7.0,"key":"Question Card"},{"floor":9.0,"key":"Boot"}],"event_choices":[{"damage_healed":0.0,"max_hp_gain":0.0,"max_hp_loss":0.0,"gold_gain":0.0,"event_name":"Big Fish","player_choice":"Box","floor":3.0,"gold_loss":0.0,"damage_taken":0.0,"relics_obtained":["WingedGreaves"],"cards_obtained":["Regret"]},{"cards_removed":["Regret"],"damage_healed":0.0,"max_hp_gain":0.0,"max_hp_loss":0.0,"gold_gain":0.0,"event_name":"Bonfire Elementals","player_choice":"Offered Curse","floor":4.0,"gold_loss":0.0,"damage_taken":0.0,"relics_obtained":["Spirit Poop"]},{"damage_healed":0.0,"max_hp_gain":0.0,"max_hp_loss":6.0,"gold_gain":0.0,"event_name":"Golden Idol","player_choice":"Lose Max HP","floor":8.0,"gold_loss":0.0,"damage_taken":0.0,"relics_obtained":["Golden Idol"]},{"damage_healed":0.0,"max_hp_gain":0.0,"max_hp_loss":0.0,"gold_gain":0.0,"event_name":"Lab","player_choice":"Got Potions","floor":10.0,"gold_loss":0.0,"damage_taken":0.0}],"is_beta":false,"boss_relics":[],"items_purged_floors":[2],"is_endless":false,"potions_floor_spawned":[1,7],"killed_by":"Lagavulin","ascension_level":20}