{"gold_per_floor":[117,192,131,146,164,164,190,190,190,222,50,50,68,86,86,157,157,157,157,157,157,157,157,157,157,157,157,157,157,157,157,157,157],"floor_reached":33,"playtime":1125,"items_purged":[],"score":590,"play_id":"b267e7a1-e07c-410b-8b47-6fbaf7ed9db9","local_time":"20190629154121","is_ascension_mode":true,"campfire_choices":[{"data":"Bash","floor":6.0,"key":"SMITH"},{"floor":8.0,"key":"REST"},{"data":"True Grit","floor":15.0,"key":"SMITH"},{"data":"Whirlwind","floor":23.0,"key":"SMITH"},{"floor":25.0,"key":"REST"},{"data":"Limit Break","floor":30,"key":"SMITH"},{"data":"Spot Weakness","floor":32,"key":"SMITH"}],"neow_cost":"NONE","seed_source_timestamp":716044478755900,"circlet_count":0,"master_deck":["AscendersBane","Strike_R","Strike_R","Defend_R","Defend_R+1","Defend_R+1","Defend_R","Bash+1","Pommel Strike","Rampage","Clothesline","Metallicize","True Grit+1","Hemokinesis","Pommel Strike","Pommel Strike","Shrug It Off","Limit Break+1","Spot Weakness+1","Whirlwind+1","Body Slam+1","Disarm+1","Pummel","Flame Barrier+1","True Grit+1","True Grit+1","Fiend Fire","Shrug It Off+1"],"special_seed":0,"relics":["Burning Blood","Prayer Wheel","Sundial","Bird Faced Urn","Meat on the Bone","Happy Flower","Ectoplasm","Toxic Egg 2","War Paint"],"potions_floor_usage":[29,33],"damage_taken":[{"damage":6.0,"enemies":"2 Louse","floor":1.0,"turns":4.0},{"damage":9.0,"enemies":"Small Slimes","floor":4.0,"turns":4.0},{"damage":4.0,"enemies":"Cultist","floor":5.0,"turns":3.0},{"damage":48.0,"enemies":"3 Sentries","floor":7.0,"turns":12.0},{"damage":24.0,"enemies":"Gremlin Nob","floor":10.0,"turns":4.0},{"damage":13.0,"enemies":"Exordium Thugs","floor":13.0,"turns":5.0},{"damage":9.0,"enemies":"Exordium Wildlife","floor":14.0,"turns":3.0},{"damage":23.0,"enemies":"Slime Boss","floor":16.0,"turns":8.0},{"damage":32.0,"enemies":"3 Byrds","floor":18.0,"turns":5.0},{"damage":12.0,"enemies":"Chosen","floor":22.0,"turns":4.0},{"damage":35.0,"enemies":"Slavers","floor":24.0,"turns":5.0},{"damage":44,"enemies":"Book of Stabbing","floor":27,"turns":5},{"damage":8,"enemies":"Centurion and Healer","floor":28,"turns":6},{"damage":0,"enemies":"3 Cultists","floor":29,"turns":1},{"damage":25,"enemies":"Shelled Parasite and Fungi","floor":31,"turns":6},{"damage":48,"enemies":"Automaton","floor":33,"turns":8}],"seed_played":"-7666032676705659495","potions_obtained":[{"floor":10.0,"key":"EntropicBrew"},{"floor":13.0,"key":"Explosive Potion"},{"floor":16.0,"key":"Explosive Potion"},{"floor":27,"key":"Energy Potion"},{"floor":29,"key":"Fire Potion"}],"is_trial":false,"path_per_floor":["M","?","?","M","M","R","E","R","T","E","$","?","M","M","R","B",null,"M","?","?","?","M","R","E","R","T","E","M","M","R","M","R","B"],"character_chosen":"IRONCLAD","items_purchased":["Happy Flower"],"campfire_rested":2,"item_purchase_floors":[11],"current_hp_per_floor":[68,57,57,54,56,56,14,36,36,20,20,20,27,38,38,35,65,53,53,53,53,49,49,34,56,56,32,44,50,50,45,45,0],"gold":157,"neow_bonus":"REMOVE_CARD","is_prod":false,"is_daily":false,"chose_seed":false,"campfire_upgraded":5,"win_rate":0,"timestamp":1561819281,"path_taken":["M","?","?","M","?","R","E","R","T","E","$","?","M","?","R","BOSS","M","?","?","?","M","R","E","R","T","E","M","M","R","?","R","BOSS"],"build_version":"2019-01-23","purchased_purges":0,"victory":false,"max_hp_per_floor":[75,75,75,75,75,75,75,75,75,75,75,75,75,75,75,75,75,75,75,75,75,75,75,75,75,75,75,75,75,75,75,75,75],"card_choices":[{"not_picked":["Armaments","Wild Strike"],"picked":"Pommel Strike","floor":1.0},{"not_picked":["Blood for Blood","Perfected Strike"],"picked":"Rampage","floor":4.0},{"not_picked":["Second Wind","Armaments"],"picked":"Clothesline","floor":4.0},{"not_picked":["Rage","Perfected Strike"],"picked":"Metallicize","floor":5.0},{"not_picked":["Clash","Wild Strike"],"picked":"True Grit","floor":5.0},{"not_picked":["Shockwave","Exhume"],"picked":"Hemokinesis","floor":7.0},{"not_picked":["Wild Strike","Second Wind"],"picked":"Pommel Strike","floor":10.0},{"not_picked":["Spot Weakness","Clothesline"],"picked":"Shrug It Off","floor":13.0},{"not_picked":["Warcry","Blood for Blood","Burning Pact"],"picked":"SKIP","floor":13.0},{"not_picked":["Havoc","Clothesline","Wild Strike"],"picked":"SKIP","floor":14.0},{"not_picked":["Clothesline","Thunderclap","Clash"],"picked":"SKIP","floor":14.0},{"not_picked":["Barricade","Impervious"],"picked":"Limit Break","floor":16.0},{"not_picked":["Wild Strike","Combust+1","Hemokinesis"],"picked":"SKIP","floor":18.0},{"not_picked":["True Grit","Havoc","Heavy Blade"],"picked":"SKIP","floor":18.0},{"not_picked":["Reckless Charge","Evolve"],"picked":"Whirlwind","floor":22.0},{"not_picked":["Anger","Corruption"],"picked":"Body Slam+1","floor":22.0},{"not_picked":["Perfected Strike","Heavy Blade"],"picked":"Disarm","floor":24.0},{"not_picked":["Headbutt","Juggernaut","Power Through+1"],"picked":"SKIP","floor":27},{"not_picked":["True Grit+1","Anger"],"picked":"Pummel","floor":28},{"not_picked":["Thunderclap","Rage+1"],"picked":"Flame Barrier+1","floor":28},{"not_picked":["Corruption","Berserk"],"picked":"True Grit+1","floor":29},{"not_picked":["Havoc+1","Fire Breathing"],"picked":"True Grit+1","floor":29},{"not_picked":["Headbutt","Clash"],"picked":"Fiend Fire","floor":31},{"not_picked":["Iron Wave","Bloodletting+1"],"picked":"Shrug It Off+1","floor":31}],"player_experience":1498786,"relics_obtained":[{"floor":7.0,"key":"Sundial"},{"floor":9.0,"key":"Bird Faced Urn"},{"floor":10.0,"key":"Meat on the Bone"},{"floor":24.0,"key":"Toxic Egg 2"},{"floor":27,"key":"War Paint"}],"event_choices":[{"damage_healed":0.0,"max_hp_gain":0.0,"max_hp_loss":0.0,"gold_gain":75.0,"event_name":"World of Goop","player_choice":"Gather Gold","floor":2.0,"gold_loss":0.0,"damage_taken":11.0},{"damage_healed":0.0,"max_hp_gain":0.0,"max_hp_loss":0.0,"gold_gain":0.0,"event_name":"WeMeetAgain","player_choice":"Paid Gold","floor":3.0,"gold_loss":61.0,"damage_taken":0.0,"relics_obtained":["Prayer Wheel"]},{"damage_healed":0.0,"max_hp_gain":0.0,"max_hp_loss":0.0,"gold_gain":0.0,"cards_transformed":["Strike_R"],"event_name":"Transmorgrifier","player_choice":"Transformed","floor":12.0,"gold_loss":0.0,"damage_taken":0.0,"cards_obtained":["Pommel Strike"]},{"damage_healed":0.0,"max_hp_gain":0.0,"max_hp_loss":0.0,"gold_gain":0.0,"event_name":"Vampires","player_choice":"Ignored","floor":19.0,"gold_loss":0.0,"damage_taken":0.0},{"damage_healed":0.0,"max_hp_gain":0.0,"max_hp_loss":0.0,"gold_gain":0.0,"event_name":"The Library","player_choice":"Read","floor":20.0,"gold_loss":0.0,"damage_taken":0.0,"cards_obtained":["Spot Weakness"]},{"cards_removed":["Strike_R"],"damage_healed":0.0,"max_hp_gain":0.0,"max_hp_loss":0.0,"gold_gain":0.0,"event_name":"Bonfire Elementals","player_choice":"Offered Basic","floor":21.0,"gold_loss":0.0,"damage_taken":0.0}],"is_beta":false,"boss_relics":[{"not_picked":["Lizard Tail","Fusion Hammer"],"picked":"Ectoplasm"}],"items_purged_floors":[],"is_endless":false,"potions_floor_spawned":[10,13,16,27,29],"killed_by":"Automaton","ascension_level":20}