{"gold_per_floor":[111,128,142,162,181,215,70,70,94,111,111,123,155,179,191,301,313,344,370,12,12,28,60,60,72,72,89,89,108,108,123,123,220,220,232,232,250,71,91,91,104,104,104,104,104],"floor_reached":45,"playtime":2804,"items_purged":["Strike_R","Evolve"],"score":487,"play_id":"c12554f0-8982-49cb-90ce-54bfec0c2dbd","local_time":"20190710152216","is_ascension_mode":true,"campfire_choices":[{"data":"Dual Wield","floor":12.0,"key":"SMITH"},{"floor":15.0,"key":"REST"},{"data":"Brutality","floor":24.0,"key":"SMITH"},{"data":"Anger","floor":28.0,"key":"SMITH"},{"floor":30.0,"key":"REST"},{"floor":32.0,"key":"REST"},{"floor":40.0,"key":"REST"}],"neow_cost":"NONE","seed_source_timestamp":0,"circlet_count":0,"master_deck":["Strike_R","Strike_R","Strike_R","Defend_R","Defend_R","Bash","Iron Wave","Anger","Rage","Burning Pact","Battle Trance","Dual Wield+1","Anger+1","Shrug It Off","Bludgeon","Clash+1","Burning Pact","Dual Wield+1","Shrug It Off","Brutality+1","Flex","Inflame","Infernal Blade","Limit Break","Pommel Strike+1","Warcry","Warcry"],"special_seed":0,"relics":["Burning Blood","Omamori","Shovel","Orichalcum","MawBank","Black Star","Lantern","Blood Vial","Strawberry","Mummified Hand","Empty Cage","Bag of Preparation","Bag of Marbles"],"potions_floor_usage":[45],"damage_taken":[{"damage":6.0,"enemies":"2 Louse","floor":1.0,"turns":3.0},{"damage":14.0,"enemies":"Jaw Worm","floor":2.0,"turns":4.0},{"damage":1.0,"enemies":"Cultist","floor":3.0,"turns":3.0},{"damage":30.0,"enemies":"Gremlin Gang","floor":4.0,"turns":6.0},{"damage":2.0,"enemies":"3 Louse","floor":5.0,"turns":4.0},{"damage":29.0,"enemies":"3 Sentries","floor":6.0,"turns":10.0},{"damage":4.0,"enemies":"Large Slime","floor":10.0,"turns":5.0},{"damage":22.0,"enemies":"Exordium Wildlife","floor":13.0,"turns":5.0},{"damage":10.0,"enemies":"Looter","floor":14.0,"turns":3.0},{"damage":25.0,"enemies":"Slime Boss","floor":16.0,"turns":8.0},{"damage":28.0,"enemies":"Shell Parasite","floor":18.0,"turns":6.0},{"damage":2.0,"enemies":"Chosen","floor":19.0,"turns":4.0},{"damage":17.0,"enemies":"Centurion and Healer","floor":22.0,"turns":5.0},{"damage":12.0,"enemies":"Gremlin Leader","floor":23.0,"turns":3.0},{"damage":39.0,"enemies":"Sentry and Sphere","floor":25.0,"turns":6.0},{"damage":10.0,"enemies":"Snake Plant","floor":27.0,"turns":4.0},{"damage":17.0,"enemies":"Chosen and Byrds","floor":29.0,"turns":5.0},{"damage":6.0,"enemies":"Snecko","floor":31.0,"turns":3.0},{"damage":65.0,"enemies":"Collector","floor":33.0,"turns":8.0},{"damage":39.0,"enemies":"3 Shapes","floor":35.0,"turns":4.0},{"damage":24.0,"enemies":"Orb Walker","floor":37.0,"turns":3.0},{"damage":36.0,"enemies":"Spire Growth","floor":39.0,"turns":4.0},{"damage":16.0,"enemies":"Transient","floor":41.0,"turns":5.0},{"damage":32,"enemies":"Writhing Mass","floor":45,"turns":2}],"seed_played":"4528560345137317156","potions_obtained":[{"floor":2.0,"key":"SpeedPotion"},{"floor":10.0,"key":"Block Potion"},{"floor":14.0,"key":"Fire Potion"},{"floor":16.0,"key":"Block Potion"},{"floor":18.0,"key":"Block Potion"},{"floor":23.0,"key":"Weak Potion"},{"floor":27.0,"key":"Strength Potion"},{"floor":39.0,"key":"Dexterity Potion"}],"is_trial":false,"path_per_floor":["M","M","M","M","M","E","$","?","T","M","?","R","M","M","R","B",null,"M","M","$","?","M","E","R","M","T","M","R","M","R","M","R","B",null,"M","?","M","$","M","R","M","?","T","?","M"],"character_chosen":"IRONCLAD","items_purchased":["Dual Wield","Lantern","Burning Pact","FearPotion","Warcry","Bag of Preparation"],"campfire_rested":4,"item_purchase_floors":[7,20,20,20,38,38],"current_hp_per_floor":[80,72,77,53,57,34,34,27,27,29,29,29,13,9,33,14,80,58,62,62,62,51,52,52,21,21,19,19,10,36,38,64,7,87,54,54,38,38,10,36,28,28,28,28,0],"gold":104,"neow_bonus":"RANDOM_COMMON_RELIC","is_prod":false,"is_daily":false,"chose_seed":false,"campfire_upgraded":3,"win_rate":0,"timestamp":1562739736,"path_taken":["M","M","M","M","M","E","$","?","T","M","?","R","M","M","R","BOSS","M","M","$","?","M","E","R","?","T","M","R","M","R","M","R","BOSS","M","?","M","$","M","R","M","?","T","?","M"],"build_version":"2019-07-05","purchased_purges":2,"victory":false,"max_hp_per_floor":[80,80,80,80,80,80,80,80,80,80,80,80,80,80,80,80,80,80,80,80,80,80,87,87,87,87,87,87,87,87,87,87,87,87,87,87,87,87,87,87,87,87,87,87,87],"card_choices":[{"not_picked":["Twin Strike","Clash"],"picked":"Iron Wave","floor":1.0},{"not_picked":["Warcry","Intimidate"],"picked":"Anger","floor":2.0},{"not_picked":["Iron Wave","Dropkick"],"picked":"Evolve","floor":3.0},{"not_picked":["Seeing Red","Armaments"],"picked":"Rage","floor":4.0},{"not_picked":["Flex","Armaments"],"picked":"Burning Pact","floor":5.0},{"not_picked":["Perfected Strike","Thunderclap"],"picked":"Battle Trance","floor":6.0},{"not_picked":["Cleave","Shockwave"],"picked":"Anger","floor":10.0},{"not_picked":["Heavy Blade","Fiend Fire","Twin Strike"],"picked":"SKIP","floor":13.0},{"not_picked":["Evolve","Sword Boomerang"],"picked":"Shrug It Off","floor":14.0},{"not_picked":["Fiend Fire","Feed"],"picked":"Bludgeon","floor":16.0},{"not_picked":["Flex","Perfected Strike"],"picked":"Clash+1","floor":18.0},{"not_picked":["Perfected Strike","Pummel","Clash"],"picked":"SKIP","floor":19.0},{"not_picked":["Fire Breathing+1","Perfected Strike+1"],"picked":"Shrug It Off","floor":22.0},{"not_picked":["Body Slam","Twin Strike"],"picked":"Brutality","floor":23.0},{"not_picked":["Body Slam+1","Spot Weakness"],"picked":"Fire Breathing","floor":25.0},{"not_picked":["Entrench","Ghostly Armor+1"],"picked":"Flex","floor":27.0},{"not_picked":["Metallicize","Headbutt"],"picked":"Inflame","floor":29.0},{"not_picked":["Flame Barrier+1","Twin Strike"],"picked":"Infernal Blade","floor":31.0},{"not_picked":["Berserk","Barricade"],"picked":"Limit Break","floor":33.0},{"not_picked":["Second Wind","Entrench"],"picked":"Pommel Strike+1","floor":35.0},{"not_picked":["Flame Barrier","Corruption","Iron Wave"],"picked":"SKIP","floor":37.0},{"not_picked":["Heavy Blade","Sever Soul+1","Whirlwind+1"],"picked":"SKIP","floor":39.0},{"not_picked":["Clothesline","Body Slam"],"picked":"Warcry","floor":41.0}],"player_experience":25558,"relics_obtained":[{"floor":6.0,"key":"Shovel"},{"floor":9.0,"key":"Orichalcum"},{"floor":23.0,"key":"Blood Vial"},{"floor":23.0,"key":"Strawberry"},{"floor":26.0,"key":"Mummified Hand"},{"floor":43.0,"key":"Bag of Marbles"}],"event_choices":[{"cards_removed":["Strike_R"],"damage_healed":0.0,"max_hp_gain":0.0,"max_hp_loss":0.0,"gold_gain":0.0,"event_name":"Golden Wing","player_choice":"Card Removal","floor":8.0,"gold_loss":0.0,"damage_taken":7.0},{"damage_healed":0.0,"max_hp_gain":0.0,"max_hp_loss":0.0,"gold_gain":0.0,"event_name":"WeMeetAgain","player_choice":"Gave Potion","floor":11.0,"gold_loss":0.0,"damage_taken":0.0,"relics_obtained":["MawBank"]},{"damage_healed":0.0,"max_hp_gain":0.0,"max_hp_loss":0.0,"gold_gain":0.0,"event_name":"Duplicator","player_choice":"Copied","floor":21.0,"gold_loss":0.0,"damage_taken":0.0,"cards_obtained":["Dual Wield"]},{"damage_healed":0.0,"max_hp_gain":0.0,"max_hp_loss":0.0,"gold_gain":0.0,"event_name":"SensoryStone","player_choice":"Memory 1","floor":36.0,"gold_loss":0.0,"damage_taken":0.0},{"damage_healed":0.0,"max_hp_gain":0.0,"max_hp_loss":0.0,"gold_gain":0.0,"event_name":"Mysterious Sphere","player_choice":"Ignored","floor":42.0,"gold_loss":0.0,"damage_taken":0.0},{"cards_removed":["Fire Breathing"],"damage_healed":0.0,"max_hp_gain":0.0,"max_hp_loss":0.0,"gold_gain":0.0,"event_name":"Falling","player_choice":"Removed Power","floor":44.0,"gold_loss":0.0,"damage_taken":0.0}],"is_beta":false,"boss_relics":[{"not_picked":["Velvet Choker","Eternal Feather"],"picked":"Black Star"},{"not_picked":["Mark of Pain","Coffee Dripper"],"picked":"Empty Cage"}],"items_purged_floors":[7,20],"is_endless":false,"potions_floor_spawned":[2,10,14,16,18,23,27,39],"killed_by":"Writhing Mass","ascension_level":2}