{"gold_per_floor":[117,85,35,35,53,53,99,99,99,99,99,110,125,137,137,233,233,251,251,100,100,118,118,149,149,179,179,179,179],"floor_reached":29,"playtime":780,"items_purged":[],"score":328,"play_id":"5a1d2d92-6f17-4028-9442-274e756f9bb8","local_time":"20190626234422","is_ascension_mode":true,"campfire_choices":[{"data":"Armaments","floor":6,"key":"SMITH"},{"data":"Bash","floor":10,"key":"SMITH"},{"data":"Flame Barrier","floor":15,"key":"SMITH"},{"data":"Evolve","floor":23,"key":"SMITH"},{"floor":27,"key":"REST"}],"neow_cost":"NONE","seed_source_timestamp":98347320086616,"circlet_count":0,"master_deck":["Defend_R","Defend_R","Defend_R","Defend_R","Bash+1","Cleave","Armaments+1","Pommel Strike","Flame Barrier+1","Headbutt","Exhume","Evolve+1","Bite","Bite","Bite","Bite","Bite","Iron Wave+1"],"relics":["Burning Blood","Juzu Bracelet","Sundial","Black Star","Strawberry","Red Mask","Tiny Chest"],"potions_floor_usage":[24,24],"damage_taken":[{"damage":6,"enemies":"Jaw Worm","floor":1,"turns":5},{"damage":4,"enemies":"2 Louse","floor":5,"turns":2},{"damage":1,"enemies":"Cultist","floor":12,"turns":3},{"damage":16,"enemies":"Blue Slaver","floor":13,"turns":4},{"damage":3,"enemies":"Large Slime","floor":14,"turns":6},{"damage":38,"enemies":"Slime Boss","floor":16,"turns":11},{"damage":41,"enemies":"Spheric Guardian","floor":18,"turns":8},{"damage":40,"enemies":"Shell Parasite","floor":22,"turns":13},{"damage":52,"enemies":"Masked Bandits","floor":24,"turns":5},{"damage":36,"enemies":"Snecko","floor":29,"turns":5}],"seed_played":"139439018244183648","potions_obtained":[{"floor":13,"key":"Poison Potion"},{"floor":16,"key":"Strength Potion"},{"floor":18,"key":"SteroidPotion"}],"is_trial":false,"path_per_floor":["M","?","?","?","M","R","T","?","T","R","?","M","M","M","R","B",null,"M","?","$","?","M","R","?","?","T","R","?","M"],"character_chosen":"IRONCLAD","items_purchased":["Strawberry"],"campfire_rested":1,"item_purchase_floors":[20],"current_hp_per_floor":[72,72,72,72,74,74,74,74,74,74,74,79,69,72,72,40,70,35,35,42,63,59,59,21,21,21,39,28,0],"gold":179,"neow_bonus":"REMOVE_CARD","is_prod":false,"is_daily":false,"chose_seed":false,"campfire_upgraded":4,"win_rate":0,"timestamp":1561563862,"path_taken":["M","?","?","?","M","R","?","?","T","R","?","M","M","M","R","BOSS","M","?","$","?","M","R","?","?","T","R","?","M"],"build_version":"2019-01-23","purchased_purges":0,"victory":false,"max_hp_per_floor":[80,80,80,80,80,80,80,80,80,80,80,80,80,80,80,80,80,80,56,63,63,63,63,63,63,63,63,68,68],"card_choices":[{"not_picked":["True Grit","Headbutt"],"picked":"Cleave","floor":1},{"not_picked":["Power Through","Ghostly Armor"],"picked":"Armaments","floor":5},{"not_picked":["Perfected Strike","Dual Wield"],"picked":"Pommel Strike","floor":12},{"not_picked":["Reckless Charge","Perfected Strike"],"picked":"Flame Barrier","floor":13},{"not_picked":["Fire Breathing","Havoc"],"picked":"Headbutt","floor":14},{"not_picked":["Limit Break","Dark Embrace"],"picked":"Exhume","floor":16},{"not_picked":["Power Through","Cleave+1"],"picked":"Evolve","floor":18},{"not_picked":["Havoc","Clothesline"],"picked":"Iron Wave+1","floor":22}],"player_experience":1012140,"relics_obtained":[{"floor":7,"key":"Juzu Bracelet"},{"floor":9,"key":"Sundial"},{"floor":24,"key":"Red Mask"},{"floor":26,"key":"Tiny Chest"}],"event_choices":[{"damage_healed":0,"gold_gain":0,"player_choice":"Left Gold","damage_taken":0,"max_hp_gain":0,"max_hp_loss":0,"event_name":"World of Goop","floor":2,"gold_loss":32},{"cards_removed":["Strike_R"],"damage_healed":0,"gold_gain":0,"player_choice":"Card Removal","damage_taken":0,"max_hp_gain":0,"max_hp_loss":0,"event_name":"The Cleric","floor":3,"gold_loss":50},{"damage_healed":0,"gold_gain":0,"player_choice":"Fled","damage_taken":0,"max_hp_gain":0,"max_hp_loss":0,"event_name":"Scrap Ooze","floor":4,"gold_loss":0},{"damage_healed":0,"gold_gain":0,"player_choice":"Ignored","damage_taken":0,"max_hp_gain":0,"max_hp_loss":0,"event_name":"Golden Idol","floor":8,"gold_loss":0},{"damage_healed":0,"gold_gain":0,"player_choice":"Ignored","damage_taken":0,"max_hp_gain":0,"max_hp_loss":0,"event_name":"Liars Game","floor":11,"gold_loss":0},{"damage_healed":0,"gold_gain":0,"player_choice":"Became a vampire","damage_taken":0,"max_hp_gain":0,"max_hp_loss":24,"event_name":"Vampires","floor":19,"gold_loss":0,"cards_obtained":["Bite","Bite","Bite","Bite","Bite"]},{"damage_healed":21,"gold_gain":0,"player_choice":"Heal","damage_taken":0,"max_hp_gain":0,"max_hp_loss":0,"event_name":"The Library","floor":21,"gold_loss":0},{"damage_healed":0,"gold_gain":0,"player_choice":"Fought Bandits","damage_taken":0,"max_hp_gain":0,"max_hp_loss":0,"event_name":"Masked Bandits","floor":24,"gold_loss":0},{"damage_healed":0,"gold_gain":0,"player_choice":"Ignored","damage_taken":0,"max_hp_gain":0,"max_hp_loss":0,"event_name":"Ghosts","floor":25,"gold_loss":0},{"damage_healed":0,"gold_gain":0,"player_choice":"Shed Blood","damage_taken":16,"max_hp_gain":5,"max_hp_loss":0,"event_name":"Forgotten Altar","floor":28,"gold_loss":0}],"is_beta":false,"boss_relics":[{"not_picked":["Coffee Dripper","Calling Bell"],"picked":"Black Star"}],"items_purged_floors":[],"is_endless":false,"potions_floor_spawned":[13,16,18,22],"killed_by":"Snecko","ascension_level":9}