{"gold_per_floor":[11,86,15,31,7,38,38,63,88,108,108,108,122,142,142,237,237,204,219,236,151,163,194,194,194,194,206,239,239,239,252,252,356,386,399,399,399,444,444,444,444,666,666,312,331,341,341],"floor_reached":47,"playtime":3393,"items_purged":[],"score":628,"play_id":"e8a2dae0-cc06-4989-85be-bcde83c846bb","local_time":"20180702213216","is_ascension_mode":false,"campfire_choices":[{"floor":7,"key":"REST"},{"data":"Loop","floor":11,"key":"SMITH"},{"floor":15,"key":"REST"},{"floor":24,"key":"REST"},{"floor":30,"key":"REST"},{"floor":32,"key":"REST"},{"floor":40,"key":"REST"}],"neow_cost":"NO_GOLD","seed_source_timestamp":5476747614806172,"circlet_count":0,"master_deck":["Strike_B","Strike_B","Strike_B","Strike_B","Defend_B","Defend_B","Defend_B","Defend_B","Zap","Dualcast","Sweeping Beam","Static Discharge+1","Loop+1","Go for the Eyes","Glacier","Hello World","Steam","Zap","Leap","Go for the Eyes","Echo Form","Clumsy","Decay","Pain","Reinforced Body","Loop+1","Ball Lightning","Glacier+1","Storm+1","Coolheaded","FTL","Ball Lightning","Auto Shields","Leap+1","Mind Blast","Stack","Beam Cell+1","Hologram+1","Leap+1","Loop+1","FTL"],"relics":["Cracked Core","Turnip","Anchor","Gremlin Horn","Juzu Bracelet","Calling Bell","Blood Vial","Bird Faced Urn","Happy Flower","Meat on the Bone","Bottled Lightning","Red Mask","Nloth\u0027s Gift","Tiny House","Thread and Needle","Ice Cream","Pantograph","Lantern","Toxic Egg 2"],"potions_floor_usage":[],"damage_taken":[{"damage":0,"enemies":"2 Louse","floor":1,"turns":2},{"damage":6,"enemies":"Jaw Worm","floor":4,"turns":5},{"damage":32,"enemies":"Gremlin Nob","floor":6,"turns":5},{"damage":12,"enemies":"3 Sentries","floor":8,"turns":6},{"damage":0,"enemies":"Cultist","floor":10,"turns":3},{"damage":0,"enemies":"Exordium Thugs","floor":13,"turns":4},{"damage":0,"enemies":"3 Louse","floor":14,"turns":3},{"damage":25,"enemies":"Slime Boss","floor":16,"turns":10},{"damage":10,"enemies":"2 Thieves","floor":18,"turns":5},{"damage":6,"enemies":"Chosen","floor":19,"turns":5},{"damage":26,"enemies":"Centurion and Healer","floor":20,"turns":9},{"damage":21,"enemies":"Snake Plant","floor":22,"turns":6},{"damage":41,"enemies":"Slavers","floor":23,"turns":8},{"damage":22,"enemies":"Chosen and Byrds","floor":27,"turns":6},{"damage":22,"floor":28,"turns":5},{"damage":40,"enemies":"3 Cultists","floor":31,"turns":7},{"damage":52,"enemies":"Champ","floor":33,"turns":14},{"damage":45,"enemies":"3 Darklings","floor":35,"turns":5},{"damage":11,"floor":37,"turns":10},{"damage":17,"floor":38,"turns":6},{"damage":0,"enemies":"3 Shapes","floor":45,"turns":4},{"damage":1,"enemies":"Maw","floor":46,"turns":8},{"damage":108,"enemies":"Giant Head","floor":47,"turns":12}],"seed_played":"-3550085064389823121","potions_obtained":[{"floor":4,"key":"EssenceOfSteel"},{"floor":8,"key":"Fire Potion"},{"floor":14,"key":"FearPotion"},{"floor":27,"key":"Regen Potion"}],"is_trial":false,"path_per_floor":["M","?","$","M","$","E","R","E","T","M","R","?","M","M","R","B",null,"M","M","M","?","M","E","R","?","T","M","?","?","R","M","R","B",null,"M","?","?","?","T","R","?","?","T","$","M","M"],"character_chosen":"DEFECT","items_purchased":["Static Discharge","Go for the Eyes","Toxic Egg 2","Hologram","Leap"],"campfire_rested":6,"item_purchase_floors":[3,5,44,44,44],"current_hp_per_floor":[75,64,64,58,58,26,48,36,36,36,36,36,36,36,58,33,75,69,75,54,54,49,16,38,38,38,38,38,38,60,42,64,42,80,47,47,48,43,43,67,67,67,67,67,75,79,0],"gold":341,"neow_bonus":"ONE_RARE_RELIC","is_prod":false,"is_daily":false,"chose_seed":false,"campfire_upgraded":1,"win_rate":0,"timestamp":1530581536,"path_taken":["M","?","$","M","$","E","R","E","T","M","R","?","M","M","R","BOSS","M","M","M","?","M","E","R","?","T","M","?","?","R","M","R","BOSS","M","?","?","?","?","R","?","?","T","$","M","M","E"],"build_version":"2018-06-28","purchased_purges":0,"victory":false,"max_hp_per_floor":[75,75,75,75,75,75,75,75,75,75,75,75,75,75,75,75,75,75,75,75,75,75,75,75,75,75,75,75,75,75,75,75,75,80,80,80,80,80,80,80,80,80,80,80,80,80,80],"card_choices":[{"not_picked":["Gash","Streamline"],"picked":"Sweeping Beam","floor":1},{"not_picked":["Rebound","Redo"],"picked":"Loop","floor":4},{"not_picked":["Turbo","Doom and Gloom"],"picked":"Lockon","floor":6},{"not_picked":["Chaos","Gash"],"picked":"Glacier","floor":8},{"not_picked":["Gash","BootSequence"],"picked":"Hello World","floor":10},{"not_picked":["Gash","Heatsinks"],"picked":"Leap","floor":13},{"not_picked":["Steam","Beam Cell"],"picked":"Go for the Eyes","floor":14},{"not_picked":["Creative AI","Reboot"],"picked":"Echo Form","floor":16},{"not_picked":["Recycle","Doom and Gloom"],"picked":"Reinforced Body","floor":18},{"not_picked":["Stack","Glacier"],"picked":"Loop+1","floor":19},{"not_picked":["Redo+1","Turbo+1"],"picked":"Ball Lightning","floor":20},{"not_picked":["Leap","Turbo+1"],"picked":"Glacier+1","floor":22},{"not_picked":["Steam","Go for the Eyes+1"],"picked":"Storm+1","floor":23},{"not_picked":["BootSequence+1","Redo"],"picked":"Coolheaded","floor":27},{"not_picked":["Turbo","Consume"],"picked":"FTL","floor":28},{"not_picked":["Doom and Gloom","Thunder Strike"],"picked":"Ball Lightning","floor":31},{"not_picked":["Doom and Gloom","Gash"],"picked":"Auto Shields","floor":34},{"not_picked":["Stack+1","Cold Snap+1"],"picked":"Leap+1","floor":35},{"not_picked":["Enlightenment","Master of Strategy"],"picked":"Mind Blast","floor":36},{"not_picked":["Rip and Tear","Steam Power"],"picked":"Stack","floor":37},{"not_picked":["Redo+1","Core Surge"],"picked":"Beam Cell+1","floor":38},{"not_picked":["Beam Cell","Stack+1"],"picked":"Loop+1","floor":45},{"not_picked":["Heatsinks","Compile Driver+1"],"picked":"FTL","floor":46}],"player_experience":47954,"relics_obtained":[{"floor":6,"key":"Anchor"},{"floor":8,"key":"Gremlin Horn"},{"floor":9,"key":"Juzu Bracelet"},{"floor":17,"key":"Blood Vial"},{"floor":17,"key":"Letter Opener"},{"floor":17,"key":"Bird Faced Urn"},{"floor":23,"key":"Meat on the Bone"},{"floor":26,"key":"Bottled Lightning"},{"floor":28,"key":"Red Mask"},{"floor":37,"key":"Thread and Needle"},{"floor":38,"key":"Ice Cream"},{"floor":39,"key":"Pantograph"},{"floor":43,"key":"Lantern"}],"event_choices":[{"event_name":"World of Goop","player_choice":"Gather Gold","floor":2,"damage_taken":0},{"event_name":"Match and Keep!","player_choice":"2 cards matched","floor":12,"damage_taken":0},{"event_name":"Addict","player_choice":"Obtained Relic","floor":21,"damage_taken":0},{"event_name":"Ghosts","player_choice":"Ignored","floor":25,"damage_taken":0},{"event_name":"Masked Bandits","player_choice":"Fought over 206 gold","floor":28,"damage_taken":0},{"event_name":"N\u0027loth","player_choice":"Traded a Letter Opener","floor":29,"damage_taken":0},{"event_name":"SensoryStone","player_choice":"Memory 1","floor":36,"damage_taken":0},{"event_name":"MindBloom","player_choice":"Fight","floor":37,"damage_taken":0},{"event_name":"Mysterious Sphere","player_choice":"Fight","floor":38,"damage_taken":0},{"event_name":"Falling","player_choice":"Removed Attack","floor":41,"damage_taken":0},{"event_name":"Tomb of Lord Red Mask","player_choice":"Wore Mask","floor":42,"damage_taken":0}],"boss_relics":[{"not_picked":["Philosopher\u0027s Stone","Lizard Tail"],"picked":"Calling Bell"},{"not_picked":["Fusion Hammer","White Beast Statue"],"picked":"Tiny House"}],"items_purged_floors":[],"is_endless":false,"potions_floor_spawned":[4,8,14,16,27,28,31,33,45],"killed_by":"Giant Head","ascension_level":0}