{"gold_per_floor":[114,129,60,75,90,90,120,120,120,135,115,115,130,145,145,245,245,260,275,179,194,209,209,209,209,209,239,254,269,33,48,48,148,148,163,163,13,288,303,303,318,333,333,333,348,363,363,378,378,378],"floor_reached":50,"playtime":1719,"items_purged":[],"score":847,"play_id":"f3d7f830-e435-40ba-998a-77db7d2871dd","local_time":"20190120184252","daily_mods":["Shiny","Hoarder","Binary"],"is_ascension_mode":false,"campfire_choices":[{"data":"Demon Form","floor":6,"key":"SMITH"},{"floor":8,"key":"DIG"},{"floor":12,"key":"DIG"},{"floor":15,"key":"DIG"},{"floor":23,"key":"REST"},{"floor":25,"key":"DIG"},{"floor":32,"key":"REST"},{"floor":40,"key":"DIG"},{"floor":44,"key":"REST"},{"floor":47,"key":"REST"},{"floor":49,"key":"REST"}],"neow_cost":"","seed_source_timestamp":0,"circlet_count":0,"master_deck":["Double Tap","Demon Form+1","Bludgeon+1","Feed","Limit Break","Barricade","Fiend Fire","Dark Embrace","Berserk","Impervious","Juggernaut","Brutality","Reaper","Exhume","Offering","Immolate","True Grit","True Grit","True Grit","Immolate","Immolate","Immolate","Corruption","Corruption","Corruption","Shrug It Off","Shrug It Off","Shrug It Off","Ghostly Armor","Ghostly Armor","Ghostly Armor","Shrug It Off+1","Shrug It Off+1","Shrug It Off+1","Pummel","Pummel","Pummel","Whirlwind","Whirlwind","Whirlwind","Spot Weakness+1","Spot Weakness+1","Spot Weakness+1","Dramatic Entrance","Dramatic Entrance","Dramatic Entrance","Heavy Blade","Heavy Blade","Heavy Blade","Entrench+1","Entrench+1","Entrench+1","Normality","Normality","Normality","Wild Strike","Wild Strike","Wild Strike","Body Slam+1","Body Slam","Body Slam","Feel No Pain+1","Feel No Pain+1","Feel No Pain+1","Rage+1","Rage+1","Rage+1","Havoc+1","Havoc+1","Havoc+1","Chrysalis+1","Chrysalis+1","Chrysalis+1","Regret","Regret","Regret","Armaments+1","Armaments+1","Armaments+1","True Grit+1","True Grit+1","True Grit+1","True Grit+1","True Grit+1","True Grit+1","Impervious+1","Impervious+1","Impervious+1"],"special_seed":17917,"relics":["Black Blood","Shovel","Kunai","Toxic Egg 2","Turnip","Sundial","Fusion Hammer","Potion Belt","Mango","Frozen Egg 2","Brimstone","Whetstone","Bronze Scales","Calipers"],"potions_floor_usage":[21,28,29,33,33,33,46,46,50],"damage_taken":[{"damage":6,"enemies":"Small Slimes","floor":1,"turns":1},{"damage":9,"enemies":"Cultist","floor":2,"turns":3},{"damage":0,"enemies":"2 Louse","floor":4,"turns":1},{"damage":6,"enemies":"Gremlin Gang","floor":5,"turns":3},{"damage":9,"enemies":"3 Sentries","floor":7,"turns":4},{"damage":11,"enemies":"Looter","floor":10,"turns":2},{"damage":0,"enemies":"3 Louse","floor":13,"turns":1},{"damage":25,"enemies":"Red Slaver","floor":14,"turns":4},{"damage":20,"enemies":"Slime Boss","floor":16,"turns":8},{"damage":16,"enemies":"3 Byrds","floor":18,"turns":4},{"damage":6,"enemies":"Chosen","floor":19,"turns":5},{"damage":12,"enemies":"Centurion and Healer","floor":21,"turns":2},{"damage":40,"enemies":"Snake Plant","floor":22,"turns":6},{"damage":35,"enemies":"Gremlin Leader","floor":27,"turns":6},{"damage":10,"enemies":"Cultist and Chosen","floor":28,"turns":3},{"damage":39,"enemies":"Shelled Parasite and Fungi","floor":29,"turns":6},{"damage":17,"enemies":"Snecko","floor":31,"turns":3},{"damage":6,"enemies":"Champ","floor":33,"turns":5},{"damage":17,"enemies":"Orb Walker","floor":35,"turns":3},{"damage":10,"enemies":"3 Shapes","floor":39,"turns":2},{"damage":44,"enemies":"Transient","floor":41,"turns":5},{"damage":52,"enemies":"Sphere and 2 Shapes","floor":42,"turns":3},{"damage":12,"enemies":"Jaw Worm Horde","floor":45,"turns":2},{"damage":37,"enemies":"Transient","floor":46,"turns":5},{"damage":18,"enemies":"3 Darklings","floor":48,"turns":2},{"damage":94,"enemies":"Time Eater","floor":50,"turns":6}],"seed_played":"8847064133434649062","potions_obtained":[{"floor":4,"key":"Energy Potion"},{"floor":7,"key":"Fire Potion"},{"floor":11,"key":"Regen Potion"},{"floor":22,"key":"Fire Potion"},{"floor":28,"key":"Swift Potion"},{"floor":29,"key":"SkillPotion"},{"floor":31,"key":"Poison Potion"},{"floor":33,"key":"LiquidBronze"},{"floor":42,"key":"GamblersBrew"},{"floor":46,"key":"Energy Potion"},{"floor":48,"key":"Energy Potion"}],"is_trial":false,"path_per_floor":["M","M","$","M","M","R","E","R","T","M","?","R","M","M","R","B",null,"M","M","$","M","M","R","?","R","T","E","M","M","$","M","R","B",null,"M","?","$","?","M","R","M","M","T","R","M","M","R","M","R","B"],"character_chosen":"IRONCLAD","items_purchased":["Immolate","Dramatic Entrance","Brimstone","Rage+1","Whetstone"],"campfire_rested":5,"item_purchase_floors":[3,20,30,30,37],"current_hp_per_floor":[83,80,80,86,86,86,86,86,86,81,81,81,86,80,80,66,86,76,80,80,74,44,69,69,69,83,54,59,26,26,15,45,45,100,95,95,95,95,95,95,61,19,19,49,47,20,50,42,72,0],"gold":378,"neow_bonus":"","is_prod":false,"is_daily":true,"chose_seed":false,"campfire_upgraded":1,"win_rate":0,"timestamp":1548038572,"path_taken":["M","M","$","M","M","R","E","R","T","M","?","R","?","M","R","BOSS","M","M","$","M","M","R","?","R","T","E","?","M","$","M","R","BOSS","M","?","$","?","M","R","?","M","T","R","M","M","R","M","R","BOSS"],"build_version":"2019-01-17v2","purchased_purges":0,"victory":false,"max_hp_per_floor":[83,83,83,86,86,86,86,86,86,86,86,86,86,86,86,86,86,86,86,86,86,86,86,86,86,100,100,100,100,100,100,100,100,100,100,100,100,100,100,100,100,100,100,100,100,100,100,100,100,100],"card_choices":[{"not_picked":["Armaments","Sword Boomerang"],"picked":"SKIP","floor":1},{"not_picked":["Armaments","Sword Boomerang"],"picked":"SKIP","floor":1},{"not_picked":["Cleave"],"picked":"True Grit","floor":2},{"not_picked":["Clothesline"],"picked":"Corruption","floor":4},{"not_picked":["Headbutt"],"picked":"Shrug It Off","floor":5},{"not_picked":["Clash"],"picked":"Ghostly Armor","floor":7},{"not_picked":["Second Wind+1","Fiend Fire"],"picked":"SKIP","floor":10},{"not_picked":["Anger"],"picked":"Shrug It Off+1","floor":13},{"not_picked":["Body Slam"],"picked":"Pummel","floor":14},{"not_picked":["Shrug It Off+1"],"picked":"Whirlwind","floor":18},{"not_picked":["Iron Wave"],"picked":"Spot Weakness+1","floor":19},{"not_picked":["Immolate"],"picked":"Heavy Blade","floor":21},{"not_picked":["Headbutt"],"picked":"Entrench+1","floor":22},{"not_picked":["Brutality"],"picked":"Body Slam","floor":27},{"not_picked":["Headbutt","Battle Trance+1"],"picked":"SKIP","floor":28},{"not_picked":["Sentinel+1"],"picked":"Feel No Pain+1","floor":29},{"not_picked":["Reckless Charge","Body Slam"],"picked":"SKIP","floor":31},{"not_picked":["Carnage"],"picked":"Havoc+1","floor":35},{"not_picked":["Secret Technique+1"],"picked":"Chrysalis+1","floor":36},{"not_picked":["True Grit+1"],"picked":"Armaments+1","floor":39},{"not_picked":["Warcry+1"],"picked":"True Grit+1","floor":41},{"not_picked":["Clothesline+1","Clash+1"],"picked":"SKIP","floor":42},{"not_picked":["Battle Trance+1","Bloodletting+1"],"picked":"SKIP","floor":45},{"not_picked":["Shrug It Off+1"],"picked":"True Grit+1","floor":46},{"not_picked":["Sword Boomerang+1"],"picked":"Impervious+1","floor":48}],"player_experience":145377,"relics_obtained":[{"floor":7,"key":"Shovel"},{"floor":8,"key":"Kunai"},{"floor":9,"key":"Toxic Egg 2"},{"floor":12,"key":"Turnip"},{"floor":15,"key":"Sundial"},{"floor":25,"key":"Potion Belt"},{"floor":26,"key":"Mango"},{"floor":27,"key":"Frozen Egg 2"},{"floor":40,"key":"Bronze Scales"},{"floor":43,"key":"Calipers"}],"event_choices":[{"damage_healed":0,"gold_gain":0,"player_choice":"Bought 1 Potion","damage_taken":0,"max_hp_gain":0,"max_hp_loss":0,"event_name":"The Woman in Blue","floor":11,"gold_loss":0},{"damage_healed":0,"gold_gain":0,"player_choice":"2 cards matched","damage_taken":0,"max_hp_gain":0,"max_hp_loss":0,"event_name":"Match and Keep!","floor":24,"gold_loss":0,"cards_obtained":["Normality","Wild Strike"]},{"damage_healed":0,"gold_gain":0,"player_choice":"Memory 1","damage_taken":0,"max_hp_gain":0,"max_hp_loss":0,"event_name":"SensoryStone","floor":36,"gold_loss":0},{"damage_healed":0,"gold_gain":275,"player_choice":"Desecrate","damage_taken":0,"max_hp_gain":0,"max_hp_loss":0,"event_name":"Golden Shrine","floor":38,"gold_loss":0,"cards_obtained":["Regret"]}],"is_beta":false,"boss_relics":[{"not_picked":["Cursed Key","Sozu"],"picked":"Fusion Hammer"},{"not_picked":["Runic Dome","White Beast Statue"],"picked":"Black Blood"}],"items_purged_floors":[],"is_endless":false,"potions_floor_spawned":[4,7,13,18,22,28,29,31,33,42,46,48],"killed_by":"Time Eater","ascension_level":0}