{"gold_per_floor":[119,194,212,173,191,191,210,239,239,239,268,50,50],"floor_reached":13,"playtime":360,"items_purged":[],"score":186,"play_id":"8c249a6b-4237-480d-87ca-08adb6efb378","local_time":"20190516185619","is_ascension_mode":true,"campfire_choices":[{"data":"Noxious Fumes","floor":6,"key":"SMITH"},{"floor":10,"key":"REST"}],"neow_cost":"NONE","seed_source_timestamp":1666103042695279,"circlet_count":0,"master_deck":["AscendersBane","Defend_G","Defend_G","Defend_G","Defend_G","Defend_G","Strike_G","Strike_G","Strike_G","Strike_G","Strike_G","Survivor+1","Neutralize","Dash","Dagger Spray","Noxious Fumes+1","Dodge and Roll+1","Skewer","Infinite Blades","Cloak And Dagger","Corpse Explosion","Caltrops","Flying Knee"],"relics":["Ring of the Snake","Art of War","War Paint","Pantograph"],"potions_floor_usage":[8,11],"damage_taken":[{"damage":0,"enemies":"Small Slimes","floor":1,"turns":3},{"damage":0,"enemies":"2 Louse","floor":3,"turns":3},{"damage":0,"enemies":"Jaw Worm","floor":5,"turns":5},{"damage":2,"enemies":"Exordium Thugs","floor":7,"turns":5},{"damage":40,"enemies":"Gremlin Nob","floor":8,"turns":5},{"damage":19,"enemies":"3 Sentries","floor":11,"turns":8},{"damage":23,"enemies":"Gremlin Gang","floor":13,"turns":2}],"seed_played":"-6081578726252976380","potions_obtained":[{"floor":7,"key":"GamblersBrew"},{"floor":8,"key":"Regen Potion"}],"is_trial":false,"path_per_floor":["M","?","M","$","M","R","M","E","T","R","E","$","M"],"character_chosen":"THE_SILENT","items_purchased":["Noxious Fumes","Corpse Explosion","Caltrops","Flying Knee"],"campfire_rested":1,"item_purchase_floors":[4,12,12,12],"current_hp_per_floor":[59,48,48,48,48,48,46,6,6,25,21,21,0],"gold":50,"neow_bonus":"THREE_CARDS","is_prod":false,"is_daily":false,"chose_seed":false,"campfire_upgraded":1,"win_rate":0,"timestamp":1558047379,"path_taken":["M","?","M","$","M","R","M","E","T","R","E","$","M"],"build_version":"2019-01-23","purchased_purges":0,"victory":false,"max_hp_per_floor":[66,66,66,66,66,66,66,66,66,66,66,66,66],"card_choices":[{"not_picked":["Escape Plan","Dagger Spray"],"picked":"Dash","floor":0},{"not_picked":["Dagger Throw","Dodge and Roll"],"picked":"Dagger Spray","floor":1},{"not_picked":["Accuracy","PiercingWail","Slice"],"picked":"SKIP","floor":3},{"not_picked":["Blade Dance","Deflect"],"picked":"Dodge and Roll","floor":5},{"not_picked":["Accuracy","Quick Slash"],"picked":"Skewer","floor":7},{"not_picked":["Noxious Fumes","Venomology"],"picked":"Infinite Blades","floor":8},{"not_picked":["Well Laid Plans","Endless Agony"],"picked":"Cloak And Dagger","floor":11}],"player_experience":688920,"relics_obtained":[{"floor":8,"key":"Art of War"},{"floor":9,"key":"War Paint"},{"floor":11,"key":"Pantograph"}],"event_choices":[{"damage_healed":0,"gold_gain":75,"player_choice":"Gather Gold","damage_taken":11,"max_hp_gain":0,"max_hp_loss":0,"event_name":"World of Goop","floor":2,"gold_loss":0}],"is_beta":false,"boss_relics":[],"items_purged_floors":[],"is_endless":false,"potions_floor_spawned":[7,8],"killed_by":"Gremlin Gang","ascension_level":20}