{"gold_per_floor":[114,129,129,146,146,146,166,179,179,179,48,48,48,76,76,178,178,188,287,306,319,97,47,47,66,66,66,83,83,103,134,134,235,235,245,257,309,324,8,8,33,33,87,87,87,104,124,399,399,399],"floor_reached":51,"playtime":2244,"items_purged":["Defend_G"],"score":1103,"play_id":"8b198962-b809-494e-8055-ca21f224fdc7","local_time":"20180907232111","is_ascension_mode":true,"campfire_choices":[{"data":"Neutralize","floor":6,"key":"SMITH"},{"data":"Dodge and Roll","floor":10,"key":"SMITH"},{"data":"Noxious Fumes","floor":15,"key":"SMITH"},{"floor":24,"key":"REST"},{"data":"Envenom","floor":27,"key":"SMITH"},{"data":"Cloak And Dagger","floor":29,"key":"SMITH"},{"floor":32,"key":"REST"},{"floor":40,"key":"REST"},{"floor":42,"key":"REST"},{"floor":49,"key":"REST"}],"neow_cost":"","seed_source_timestamp":94213309911808,"circlet_count":0,"master_deck":["Defend_G+1","Defend_G+1","Defend_G+1","Defend_G+1","Strike_G+1","Strike_G+1","Strike_G+1","Strike_G+1","Survivor+1","Neutralize+1","AscendersBane","Quick Slash+1","Dodge and Roll+1","Backstab+1","Dash+1","Dash+1","Noxious Fumes+1","Cloak And Dagger+1","Backflip+1","Envenom+1","Footwork+1","Cloak And Dagger+1","Riddle With Holes+1","Cloak And Dagger+1","Sucker Punch+1","Envenom+1","Well Laid Plans+1","Backflip+1","Footwork+1","Cloak And Dagger+1","Caltrops+1"],"special_seed":0,"relics":["Ring of the Snake","Oddly Smooth Stone","Gremlin Horn","Ornamental Fan","White Beast Statue","Regal Pillow","Frozen Egg 2","Pantograph","Fusion Hammer","Turnip","Shuriken","Strawberry","Omamori","Mark of the Bloom"],"potions_floor_usage":[14,20,25,25,28,31,31,33,37,38,41,50,50],"damage_taken":[{"damage":9,"enemies":"Jaw Worm","floor":1,"turns":7},{"damage":0,"enemies":"2 Louse","floor":2,"turns":3},{"damage":0,"enemies":"Small Slimes","floor":4,"turns":5},{"damage":0,"enemies":"2 Fungi Beasts","floor":7,"turns":3},{"damage":0,"enemies":"3 Louse","floor":8,"turns":3},{"damage":1,"enemies":"3 Sentries","floor":14,"turns":6},{"damage":16,"enemies":"Hexaghost","floor":16,"turns":12},{"damage":23,"enemies":"Spheric Guardian","floor":18,"turns":8},{"damage":4,"enemies":"Chosen","floor":20,"turns":5},{"damage":3,"enemies":"Centurion and Healer","floor":21,"turns":12},{"damage":7,"enemies":"3 Cultists","floor":25,"turns":7},{"damage":11,"enemies":"Snake Plant","floor":28,"turns":6},{"damage":2,"enemies":"Shelled Parasite and Fungi","floor":30,"turns":10},{"damage":33,"enemies":"Slavers","floor":31,"turns":8},{"damage":74,"enemies":"Collector","floor":33,"turns":14},{"damage":0,"enemies":"Orb Walker","floor":35,"turns":5},{"damage":1,"enemies":"3 Darklings","floor":36,"turns":7},{"damage":21,"enemies":"Mysterious Sphere","floor":37,"turns":7},{"damage":9,"enemies":"4 Shapes","floor":38,"turns":8},{"damage":24,"enemies":"Nemesis","floor":41,"turns":7},{"damage":0,"enemies":"Maw","floor":46,"turns":7},{"damage":0,"enemies":"Spire Growth","floor":47,"turns":5},{"damage":15,"enemies":"Donu and Deca","floor":50,"turns":10}],"seed_played":"-4652720061903648477","potions_obtained":[{"floor":1,"key":"PowerPotion"},{"floor":4,"key":"FearPotion"},{"floor":16,"key":"FearPotion"},{"floor":18,"key":"Explosive Potion"},{"floor":20,"key":"SteroidPotion"},{"floor":21,"key":"Energy Potion"},{"floor":25,"key":"PowerPotion"},{"floor":28,"key":"Block Potion"},{"floor":30,"key":"Ancient Potion"},{"floor":31,"key":"Poison Potion"},{"floor":33,"key":"AttackPotion"},{"floor":35,"key":"GhostInAJar"},{"floor":37,"key":"Energy Potion"},{"floor":38,"key":"Explosive Potion"},{"floor":41,"key":"LiquidBronze"}],"is_trial":false,"path_per_floor":["M","M","?","M","?","R","M","M","T","R","$","?","?","E","R","B",null,"M","?","M","M","$","?","R","M","T","R","M","R","M","E","R","B",null,"M","M","?","M","$","R","E","R","T","$","?","M","M","?","R","B"],"character_chosen":"THE_SILENT","items_purchased":["Noxious Fumes","Cloak And Dagger","Regal Pillow","Shuriken","Footwork+1"],"campfire_rested":5,"item_purchase_floors":[11,11,22,39,39],"current_hp_per_floor":[54,54,47,47,44,44,44,44,44,44,44,44,49,48,48,32,64,41,41,37,34,34,34,71,64,64,64,53,53,51,18,55,1,57,57,56,35,26,26,63,46,82,82,82,82,82,82,82,82,67],"gold":399,"neow_bonus":"","is_prod":false,"is_daily":false,"chose_seed":false,"campfire_upgraded":5,"win_rate":0,"timestamp":1536376871,"path_taken":["M","M","?","M","?","R","M","M","T","R","$","?","?","E","R","BOSS","M","?","?","M","$","?","R","M","T","R","M","R","?","E","R","BOSS","M","?","?","M","$","R","E","R","T","$","?","?","M","?","R","BOSS"],"build_version":"2018-09-06","purchased_purges":1,"victory":true,"max_hp_per_floor":[70,70,70,70,70,70,70,70,70,70,70,70,75,75,75,75,75,75,75,75,75,75,75,75,75,75,75,75,75,75,75,75,75,75,75,75,75,75,75,75,82,82,82,82,82,82,82,82,82,82],"card_choices":[{"not_picked":["Terror","Prepared"],"picked":"Quick Slash","floor":1},{"not_picked":["Concentrate","Setup"],"picked":"Dodge and Roll","floor":2},{"not_picked":["Flying Knee","Setup"],"picked":"Backstab","floor":4},{"not_picked":["Footwork","Skewer"],"picked":"Dash","floor":7},{"not_picked":["Finisher","Dagger Spray"],"picked":"Dash","floor":8},{"not_picked":["Blur","PiercingWail"],"picked":"Backflip","floor":14},{"not_picked":["Night Terror","Burst"],"picked":"Envenom","floor":16},{"not_picked":["Underhanded Strike","Bane"],"picked":"Footwork+1","floor":18},{"not_picked":["Expertise","Tactician"],"picked":"Cloak And Dagger","floor":20},{"not_picked":["Backstab","Finisher+1"],"picked":"Riddle With Holes","floor":21},{"not_picked":["Tactician","Slice","Backstab"],"picked":"SKIP","floor":25},{"not_picked":["Bane","PiercingWail"],"picked":"Cloak And Dagger","floor":28},{"not_picked":["Dodge and Roll","PiercingWail+1"],"picked":"Sucker Punch","floor":30},{"not_picked":["Storm of Steel","Flechettes","PiercingWail"],"picked":"SKIP","floor":31},{"not_picked":["Die Die Die","Tools of the Trade+1"],"picked":"Envenom+1","floor":33},{"not_picked":["Reflex+1","Masterful Stab","Concentrate+1"],"picked":"SKIP","floor":35},{"not_picked":["Poisoned Stab+1","Flying Knee"],"picked":"Well Laid Plans+1","floor":36},{"not_picked":["Eviscerate","Dagger Throw"],"picked":"Backflip","floor":37},{"not_picked":["Bouncing Flask+1","Acrobatics+1","Deflect"],"picked":"SKIP","floor":38},{"not_picked":["Flechettes+1","Endless Agony"],"picked":"Cloak And Dagger","floor":41},{"not_picked":["Acrobatics+1","Storm of Steel"],"picked":"Caltrops+1","floor":46},{"not_picked":["Calculated Gamble","Acrobatics+1","Bouncing Flask+1"],"picked":"SKIP","floor":47}],"player_experience":330581,"relics_obtained":[{"floor":9,"key":"Gremlin Horn"},{"floor":14,"key":"Ornamental Fan"},{"floor":26,"key":"Frozen Egg 2"},{"floor":31,"key":"Pantograph"},{"floor":37,"key":"Turnip"},{"floor":41,"key":"Strawberry"},{"floor":43,"key":"Omamori"}],"event_choices":[{"event_name":"Golden Wing","player_choice":"Card Removal","floor":3,"damage_taken":0},{"event_name":"Scrap Ooze","player_choice":"success","floor":5,"damage_taken":3},{"event_name":"Liars Game","player_choice":"disagreed","floor":12,"damage_taken":0},{"event_name":"Big Fish","player_choice":"Donut","floor":13,"damage_taken":0},{"event_name":"Nest","player_choice":"Stole From Cult","floor":19,"damage_taken":0},{"event_name":"The Joust","player_choice":"Bet on Owner","floor":23,"damage_taken":0},{"event_name":"Mysterious Sphere","player_choice":"Fight","floor":37,"damage_taken":0},{"event_name":"MindBloom","player_choice":"Upgrade","floor":45,"damage_taken":0},{"event_name":"Golden Shrine","player_choice":"Desecrate","floor":48,"damage_taken":0}],"is_beta":false,"boss_relics":[{"not_picked":["Philosopher\u0027s Stone","Velvet Choker"],"picked":"White Beast Statue"},{"not_picked":["Pandora\u0027s Box","Runic Dome"],"picked":"Fusion Hammer"}],"items_purged_floors":[22],"is_endless":false,"potions_floor_spawned":[1,4,7,16,18,20,21,25,28,30,31,33,35,36,37,38,41,46,47],"ascension_level":11}