{"gold_per_floor":[109,109,126,138,88,88,88,98,123,143,318,64,94,130,130,250,250,292,292,310,210,252,252,296,296,296,296,296,338,397,442,442,569,619,660,677,717,627,667,667,677,677,701,740,201,201,213,258,258,283],"floor_reached":50,"playtime":8692,"items_purged":["Doubt","Strike_G","Strike_G"],"score":467,"play_id":"7003116f-f6d1-45aa-9cd6-5740477529f0","local_time":"20190709154527","is_ascension_mode":false,"campfire_choices":[{"data":"Die Die Die","floor":6,"key":"SMITH"},{"data":"HandOfGreed","floor":15,"key":"SMITH"},{"floor":23,"key":"REST"},{"data":"Doppelganger","floor":25,"key":"SMITH"},{"data":"Adrenaline","floor":28,"key":"SMITH"},{"data":"Tactician","floor":32,"key":"SMITH"},{"floor":40,"key":"REST"},{"data":"Burst","floor":42,"key":"SMITH"},{"floor":46,"key":"REST"},{"floor":49,"key":"REST"}],"neow_cost":"NONE","seed_source_timestamp":328469099026921,"circlet_count":0,"master_deck":["Defend_G","Defend_G","Defend_G","Defend_G","Survivor","Neutralize","Quick Slash","Flying Knee","Die Die Die+1","Backflip","Blur","HandOfGreed+1","Doppelganger+1","Infinite Blades","Adrenaline+1","Dagger Throw+1","Acrobatics+1","Endless Agony+1","Caltrops","Tactician+1","Unload","Flying Knee","Burst+1","Heel Hook","Blade Dance+1","Adrenaline","Choke+1","Backstab+1","Footwork+1","Noxious Fumes+1","Heel Hook","Underhanded Strike"],"relics":["Ring of the Snake","Bag of Marbles","Regal Pillow","Philosopher\u0027s Stone","Question Card","Red Mask","Tiny House","Blood Vial","Bottled Lightning","Snake Skull"],"potions_floor_usage":[16,16,16,33,33,33,41,50,50],"damage_taken":[{"damage":0,"enemies":"Small Slimes","floor":1,"turns":5},{"damage":0,"enemies":"Cultist","floor":3,"turns":3},{"damage":0,"enemies":"Jaw Worm","floor":4,"turns":3},{"damage":4,"enemies":"Blue Slaver","floor":8,"turns":2},{"damage":1,"enemies":"Red Slaver","floor":10,"turns":2},{"damage":0,"enemies":"Large Slime","floor":13,"turns":6},{"damage":0,"enemies":"Blue Slaver","floor":14,"turns":2},{"damage":48,"enemies":"Hexaghost","floor":16,"turns":14},{"damage":11,"enemies":"Spheric Guardian","floor":18,"turns":3},{"damage":3,"enemies":"Chosen","floor":20,"turns":3},{"damage":28,"enemies":"Snake Plant","floor":22,"turns":5},{"damage":0,"enemies":"Centurion and Healer","floor":24,"turns":3},{"damage":3,"enemies":"Shelled Parasite and Fungi","floor":29,"turns":5},{"damage":0,"enemies":"Masked Bandits","floor":30,"turns":2},{"damage":8,"enemies":"Snake Plant","floor":31,"turns":4},{"damage":60,"enemies":"Automaton","floor":33,"turns":12},{"damage":0,"enemies":"Orb Walker","floor":35,"turns":2},{"damage":19,"enemies":"3 Darklings","floor":36,"turns":3},{"damage":3,"enemies":"Jaw Worm Horde","floor":37,"turns":3},{"damage":25,"enemies":"Spire Growth","floor":39,"turns":5},{"damage":30,"enemies":"Transient","floor":41,"turns":5},{"damage":31,"enemies":"4 Shapes","floor":44,"turns":4},{"damage":2,"enemies":"Spire Growth","floor":47,"turns":4},{"damage":0,"enemies":"Sphere and 2 Shapes","floor":48,"turns":3},{"damage":84,"enemies":"Awakened One","floor":50,"turns":11}],"seed_played":"1173590766602700846","potions_obtained":[{"floor":4,"key":"Regen Potion"},{"floor":10,"key":"Swift Potion"},{"floor":13,"key":"Energy Potion"},{"floor":14,"key":"Energy Potion"},{"floor":16,"key":"Weak Potion"},{"floor":22,"key":"Block Potion"},{"floor":31,"key":"LiquidBronze"},{"floor":33,"key":"Strength Potion"},{"floor":34,"key":"Weak Potion"},{"floor":36,"key":"Block Potion"},{"floor":41,"key":"Dexterity Potion"}],"is_trial":false,"path_per_floor":["M","?","M","M","?","R","?","M","T","M","?","$","M","M","R","B",null,"M","?","M","$","M","R","M","R","T","?","R","M","?","M","R","B",null,"M","M","M","?","M","R","M","R","T","M","$","R","M","M","R","B"],"character_chosen":"THE_SILENT","items_purchased":["HandOfGreed","Bottled Lightning","Snake Skull"],"campfire_rested":4,"item_purchase_floors":[12,45,45],"current_hp_per_floor":[77,77,77,77,77,77,77,73,73,72,72,72,72,72,72,24,77,66,66,63,63,35,73,73,73,73,73,73,70,70,62,62,2,82,82,63,60,60,35,74,44,44,44,15,15,54,54,56,82,0],"gold":283,"neow_bonus":"TEN_PERCENT_HP_BONUS","is_prod":false,"is_daily":false,"chose_seed":false,"campfire_upgraded":6,"win_rate":0.0,"timestamp":1562701527,"path_taken":["M","?","?","M","?","R","?","?","T","M","?","$","M","M","R","BOSS","M","?","?","$","M","R","M","R","T","?","R","M","?","M","R","BOSS","M","M","M","?","M","R","M","R","T","M","$","R","M","?","R","BOSS"],"build_version":"2019-07-05","purchased_purges":3,"victory":false,"max_hp_per_floor":[77,77,77,77,77,77,77,77,77,77,77,77,77,77,77,77,77,77,77,77,77,77,77,77,77,77,77,77,77,77,77,77,77,82,82,82,82,82,82,82,82,82,82,82,82,82,82,82,82,82],"card_choices":[{"not_picked":["All Out Attack","Blur"],"picked":"Quick Slash","floor":1},{"not_picked":["Dodge and Roll","Slice"],"picked":"Flying Knee","floor":3},{"not_picked":["Prepared","Distraction"],"picked":"Die Die Die","floor":4},{"not_picked":["Flechettes","Dagger Throw"],"picked":"Backflip","floor":8},{"not_picked":["Outmaneuver","Dagger Spray"],"picked":"Blur","floor":10},{"not_picked":["Backflip","Predator"],"picked":"Doppelganger","floor":13},{"not_picked":["Deflect","Blade Dance"],"picked":"Infinite Blades","floor":14},{"not_picked":["Die Die Die","Malaise"],"picked":"Adrenaline","floor":16},{"not_picked":["PiercingWail","Quick Slash"],"picked":"Dagger Throw","floor":18},{"not_picked":["Flechettes+1","Slice+1"],"picked":"Acrobatics+1","floor":20},{"not_picked":["Skewer+1","Backflip+1"],"picked":"Endless Agony","floor":22},{"not_picked":["Expertise","Poisoned Stab"],"picked":"Caltrops","floor":24},{"not_picked":["Blade Dance","Terror+1","Acrobatics"],"picked":"Tactician","floor":29},{"not_picked":["All Out Attack+1","Dagger Throw","Outmaneuver"],"picked":"Unload","floor":30},{"not_picked":["Prepared","Dagger Throw","PiercingWail"],"picked":"Flying Knee","floor":31},{"not_picked":["Night Terror","Envenom","Doppelganger"],"picked":"Burst","floor":33},{"not_picked":["Poisoned Stab","Sucker Punch","Calculated Gamble"],"picked":"Heel Hook","floor":34},{"not_picked":["All Out Attack","Deadly Poison+1","Slice"],"picked":"Blade Dance+1","floor":35},{"not_picked":["Endless Agony+1","Deadly Poison+1","Dash"],"picked":"Adrenaline","floor":36},{"not_picked":["Deadly Poison","Poisoned Stab","Quick Slash+1"],"picked":"Choke+1","floor":37},{"not_picked":["PiercingWail+1","Well Laid Plans+1","Terror+1"],"picked":"Backstab+1","floor":39},{"not_picked":["Outmaneuver+1","Deadly Poison+1","Prepared"],"picked":"Footwork+1","floor":41},{"not_picked":["Poisoned Stab","Footwork","Prepared"],"picked":"Noxious Fumes+1","floor":44},{"not_picked":["Dagger Spray","Prepared","Noxious Fumes"],"picked":"Heel Hook","floor":47},{"not_picked":["Backflip","Reflex+1","Riddle With Holes"],"picked":"Underhanded Strike","floor":48}],"player_experience":8968,"relics_obtained":[{"floor":9,"key":"Regal Pillow"},{"floor":26,"key":"Question Card"},{"floor":30,"key":"Red Mask"},{"floor":43,"key":"Blood Vial"}],"event_choices":[{"cards_removed":["Strike_G"],"damage_healed":0,"gold_gain":0,"player_choice":"Purged","damage_taken":0,"max_hp_gain":0,"max_hp_loss":0,"event_name":"Purifier","floor":2,"gold_loss":0},{"cards_removed":["Defend_G"],"damage_healed":0,"gold_gain":0,"player_choice":"Card Removal","damage_taken":0,"max_hp_gain":0,"max_hp_loss":0,"event_name":"The Cleric","floor":5,"gold_loss":50},{"damage_healed":0,"gold_gain":0,"player_choice":"Gave Potion","damage_taken":0,"relics_obtained":["Bag of Marbles"],"max_hp_gain":0,"max_hp_loss":0,"event_name":"WeMeetAgain","floor":7,"gold_loss":0},{"damage_healed":0,"gold_gain":175,"player_choice":"AGREE","damage_taken":0,"max_hp_gain":0,"max_hp_loss":0,"event_name":"Liars Game","floor":11,"gold_loss":0,"cards_obtained":["Doubt"]},{"cards_removed":["Strike_G"],"damage_healed":0,"gold_gain":0,"player_choice":"Card Removal","damage_taken":0,"max_hp_gain":0,"max_hp_loss":0,"event_name":"Wheel of Change","floor":19,"gold_loss":0},{"damage_healed":0,"gold_gain":0,"player_choice":"Ignored","damage_taken":0,"max_hp_gain":0,"max_hp_loss":0,"event_name":"Ghosts","floor":27,"gold_loss":0},{"damage_healed":0,"gold_gain":0,"player_choice":"Fought Bandits","damage_taken":0,"max_hp_gain":0,"max_hp_loss":0,"event_name":"Masked Bandits","floor":30,"gold_loss":0},{"cards_removed":["Strike_G"],"damage_healed":0,"gold_gain":0,"player_choice":"Upgrade and Remove","damage_taken":0,"max_hp_gain":0,"max_hp_loss":0,"event_name":"Designer","floor":38,"gold_loss":90,"cards_upgraded":["Endless Agony"]}],"is_beta":false,"boss_relics":[{"not_picked":["Eternal Feather","Snecko Eye"],"picked":"Philosopher\u0027s Stone"},{"not_picked":["WristBlade","HoveringKite"],"picked":"Tiny House"}],"items_purged_floors":[12,21,45],"is_endless":false,"potions_floor_spawned":[4,10,13,14,16,22,31,33,36,37,41],"killed_by":"Awakened One","ascension_level":0}