{"gold_per_floor":[114,132,132,22,46,46,77,77,77,77,102,17,53,53,53,151,151,176,176,176,201,247,247,288,288,341,19,57,57,77,98,98,98],"floor_reached":33,"playtime":2135,"items_purged":[],"score":582,"play_id":"b45c50d8-6790-45ef-85ff-e3da0cef8dcb","local_time":"20190626152514","is_ascension_mode":true,"campfire_choices":[{"data":"Sweeping Beam","floor":6,"key":"SMITH"},{"data":"Zap","floor":8,"key":"SMITH"},{"data":"Conserve Battery","floor":10,"key":"SMITH"},{"data":"Doom and Gloom","floor":15,"key":"SMITH"},{"data":"Turbo","floor":23,"key":"SMITH"},{"floor":25,"key":"REST"},{"floor":29,"key":"REST"},{"floor":32,"key":"REST"}],"neow_cost":"NONE","seed_source_timestamp":193616040252900,"circlet_count":0,"master_deck":["AscendersBane","Strike_B","Strike_B","Strike_B","Defend_B","Defend_B","Defend_B","Zap+1","Dualcast","Ball Lightning","Sweeping Beam+1","Conserve Battery+1","Ball Lightning","Glacier","Conserve Battery","Compile Driver","Doom and Gloom","Doom and Gloom+1","Seek","Skim","Genetic Algorithm","Turbo+1","Fission","Apotheosis","Coolheaded","Conserve Battery+1"],"relics":["Empty Cage","Golden Idol","Darkstone Periapt","Omamori","Regal Pillow","Philosopher\u0027s Stone","Turnip","Smiling Mask","Tiny Chest","Membership Card","Centennial Puzzle"],"potions_floor_usage":[13,24,28,30,33,33],"damage_taken":[{"damage":4,"enemies":"Jaw Worm","floor":1,"turns":7},{"damage":7,"enemies":"2 Louse","floor":2,"turns":4},{"damage":0,"enemies":"Cultist","floor":5,"turns":3},{"damage":13,"enemies":"3 Sentries","floor":7,"turns":5},{"damage":0,"enemies":"Large Slime","floor":11,"turns":5},{"damage":16,"enemies":"Gremlin Nob","floor":13,"turns":4},{"damage":16,"enemies":"Slime Boss","floor":16,"turns":7},{"damage":0,"enemies":"Chosen","floor":18,"turns":3},{"damage":22,"enemies":"2 Thieves","floor":21,"turns":3},{"damage":24,"enemies":"Gremlin Leader","floor":24,"turns":5},{"damage":35,"enemies":"Slavers","floor":28,"turns":5},{"damage":21,"enemies":"Cultist and Chosen","floor":30,"turns":4},{"damage":18,"enemies":"Snake Plant","floor":31,"turns":3},{"damage":81,"enemies":"Automaton","floor":33,"turns":10}],"seed_played":"-2945104604776575276","potions_obtained":[{"floor":1,"key":"Dexterity Potion"},{"floor":11,"key":"Ancient Potion"},{"floor":18,"key":"SteroidPotion"},{"floor":28,"key":"AttackPotion"},{"floor":30,"key":"Regen Potion"},{"floor":31,"key":"Strength Potion"}],"is_trial":false,"path_per_floor":["M","M","?","$","M","R","E","R","T","R","M","$","E","?","R","B",null,"M","T","?","M","T","R","E","R","T","$","E","R","M","M","R","B"],"character_chosen":"DEFECT","items_purchased":["Conserve Battery","Ball Lightning","Doom and Gloom","Membership Card","Apotheosis"],"campfire_rested":3,"item_purchase_floors":[4,4,12,27,27],"current_hp_per_floor":[60,53,53,53,53,53,40,40,40,40,40,40,24,64,64,48,60,60,60,60,38,38,38,14,48,48,48,13,47,26,8,42,0],"gold":98,"neow_bonus":"BOSS_RELIC","is_prod":false,"is_daily":false,"chose_seed":false,"campfire_upgraded":5,"win_rate":0,"timestamp":1561577114,"path_taken":["M","M","?","$","M","R","E","R","T","R","M","$","E","?","R","BOSS","M","?","?","M","?","R","E","R","T","$","E","R","?","M","R","BOSS"],"build_version":"2019-01-23","purchased_purges":0,"victory":false,"max_hp_per_floor":[71,71,64,64,64,64,64,64,64,64,64,64,64,64,64,64,64,64,64,64,64,64,64,64,64,64,64,64,64,64,64,64,64],"card_choices":[{"not_picked":["White Noise","Scrape"],"picked":"Ball Lightning","floor":1},{"not_picked":["Loop","White Noise"],"picked":"Sweeping Beam","floor":2},{"not_picked":["Melter","Steam"],"picked":"Glacier","floor":5},{"not_picked":["Steam","Leap"],"picked":"Conserve Battery","floor":7},{"not_picked":["Blizzard","Double Energy"],"picked":"Compile Driver","floor":11},{"not_picked":["White Noise","Beam Cell"],"picked":"Doom and Gloom","floor":13},{"not_picked":["Reboot","Amplify"],"picked":"Seek","floor":16},{"not_picked":["Reprogram","Compile Driver"],"picked":"Skim","floor":18},{"not_picked":["Ball Lightning","Coolheaded"],"picked":"Turbo","floor":21},{"not_picked":["Ball Lightning","Force Field"],"picked":"Fission","floor":24},{"not_picked":["Streamline+1","Chaos+1","Buffer"],"picked":"SKIP","floor":28},{"not_picked":["Cold Snap","Skim"],"picked":"Coolheaded","floor":30},{"not_picked":["Turbo","Redo"],"picked":"Conserve Battery+1","floor":31}],"player_experience":2169664,"relics_obtained":[{"floor":7,"key":"Darkstone Periapt"},{"floor":9,"key":"Omamori"},{"floor":13,"key":"Regal Pillow"},{"floor":19,"key":"Turnip"},{"floor":24,"key":"Smiling Mask"},{"floor":26,"key":"Tiny Chest"},{"floor":28,"key":"Centennial Puzzle"}],"event_choices":[{"damage_healed":0,"gold_gain":0,"player_choice":"Lose Max HP","damage_taken":0,"relics_obtained":["Golden Idol"],"max_hp_gain":0,"max_hp_loss":7,"event_name":"Golden Idol","floor":3,"gold_loss":0},{"damage_healed":40,"gold_gain":0,"player_choice":"Full Heal","damage_taken":0,"max_hp_gain":0,"max_hp_loss":0,"event_name":"Wheel of Change","floor":14,"gold_loss":0},{"damage_healed":0,"gold_gain":0,"player_choice":"Read","damage_taken":0,"max_hp_gain":0,"max_hp_loss":0,"event_name":"The Library","floor":20,"gold_loss":0,"cards_obtained":["Genetic Algorithm"]}],"is_beta":false,"boss_relics":[{"not_picked":["Runic Dome","Sozu"],"picked":"Philosopher\u0027s Stone"}],"items_purged_floors":[],"is_endless":false,"potions_floor_spawned":[1,11,18,28,30,31],"killed_by":"Automaton","ascension_level":20}