{"gold_per_floor":[118,134,145,163,163,196,196,161,161,194,209,209,223,298,298,392,392,411,411,411,426,426],"floor_reached":22,"playtime":643,"items_purged":[],"score":392,"play_id":"6cfa7903-806a-4410-81de-2bc0ad53c8cc","local_time":"20190710234328","is_ascension_mode":true,"campfire_choices":[{"data":"Sunder","floor":7.0,"key":"SMITH"},{"data":"Zap","floor":12.0,"key":"SMITH"},{"data":"Sweeping Beam","floor":15.0,"key":"SMITH"}],"neow_cost":"NONE","seed_source_timestamp":6434091791527966,"circlet_count":0,"master_deck":["AscendersBane","Strike_B+1","Strike_B+1","Strike_B+1","Strike_B+1","Defend_B+1","Defend_B+1","Defend_B+1","Defend_B+1","Zap+1","Dualcast+1","Sweeping Beam+1","Melter","Conserve Battery","Sunder+1","FTL","Machine Learning","Steam"],"special_seed":0,"relics":["Cracked Core","War Paint","Golden Idol","Bronze Scales","Pear","Nunchaku","Black Star"],"potions_floor_usage":[18,22],"damage_taken":[{"damage":1.0,"enemies":"Cultist","floor":1.0,"turns":4.0},{"damage":0.0,"enemies":"Jaw Worm","floor":2.0,"turns":3.0},{"damage":0.0,"enemies":"Small Slimes","floor":3.0,"turns":3.0},{"damage":2.0,"enemies":"2 Fungi Beasts","floor":4.0,"turns":3.0},{"damage":17.0,"enemies":"Lagavulin","floor":6.0,"turns":6.0},{"damage":21.0,"enemies":"3 Sentries","floor":10.0,"turns":7.0},{"damage":3.0,"enemies":"Looter","floor":11.0,"turns":3.0},{"damage":9.0,"enemies":"Red Slaver","floor":13.0,"turns":3.0},{"damage":26.0,"enemies":"The Guardian","floor":16.0,"turns":11.0},{"damage":28,"enemies":"Chosen","floor":18,"turns":5},{"damage":0,"enemies":"Spheric Guardian","floor":21,"turns":1},{"damage":39,"enemies":"Shelled Parasite and Fungi","floor":22,"turns":3}],"seed_played":"-965382133763837876","potions_obtained":[{"floor":1.0,"key":"FocusPotion"},{"floor":2.0,"key":"Regen Potion"},{"floor":10.0,"key":"GamblersBrew"},{"floor":13.0,"key":"SteroidPotion"},{"floor":18,"key":"Ancient Potion"}],"is_trial":false,"path_per_floor":["M","M","M","M","?","E","R","?","T","E","M","R","M","?","R","B",null,"M","?","?","M","M"],"character_chosen":"DEFECT","items_purchased":[],"campfire_rested":0,"item_purchase_floors":[],"current_hp_per_floor":[63,63,63,61,61,44,44,60,70,59,56,56,47,36,36,10,58,30,30,35,35,0],"gold":426,"neow_bonus":"RANDOM_COMMON_RELIC","is_prod":false,"is_daily":false,"chose_seed":false,"campfire_upgraded":3,"win_rate":0,"timestamp":1562816608,"path_taken":["M","?","M","M","?","E","R","?","T","E","M","R","M","?","R","BOSS","M","?","?","?","M"],"build_version":"2019-07-05","purchased_purges":0,"victory":false,"max_hp_per_floor":[71,71,71,71,64,64,64,64,74,74,74,74,74,74,74,74,74,74,74,74,74,74],"card_choices":[{"not_picked":["Darkness","Redo"],"picked":"Sweeping Beam","floor":1.0},{"not_picked":["Hello World","Stack","Undo"],"picked":"SKIP","floor":2.0},{"not_picked":["Gash","Steam Power"],"picked":"Melter","floor":3.0},{"not_picked":["Leap","Steam"],"picked":"Conserve Battery","floor":4.0},{"not_picked":["Skim","Go for the Eyes"],"picked":"Sunder","floor":6.0},{"not_picked":["Steam","Amplify","Steam Power"],"picked":"SKIP","floor":10.0},{"not_picked":["Leap","Aggregate","Redo"],"picked":"SKIP","floor":11.0},{"not_picked":["Turbo","Beam Cell"],"picked":"FTL","floor":13.0},{"not_picked":["All For One","Fission"],"picked":"Machine Learning","floor":16.0},{"not_picked":["Doom and Gloom","Auto Shields"],"picked":"Hologram","floor":18},{"not_picked":["Rip and Tear","Sweeping Beam"],"picked":"Steam","floor":21}],"player_experience":954265,"relics_obtained":[{"floor":6.0,"key":"Bronze Scales"},{"floor":9.0,"key":"Pear"},{"floor":10.0,"key":"Nunchaku"}],"event_choices":[{"damage_healed":0.0,"max_hp_gain":0.0,"max_hp_loss":7.0,"gold_gain":0.0,"event_name":"Golden Idol","player_choice":"Lose Max HP","floor":5.0,"gold_loss":0.0,"damage_taken":0.0,"relics_obtained":["Golden Idol"]},{"damage_healed":16.0,"max_hp_gain":0.0,"max_hp_loss":0.0,"gold_gain":0.0,"event_name":"The Cleric","player_choice":"Healed","floor":8.0,"gold_loss":35.0,"damage_taken":0.0},{"damage_healed":0.0,"max_hp_gain":0.0,"max_hp_loss":0.0,"gold_gain":75.0,"event_name":"World of Goop","player_choice":"Gather Gold","floor":14.0,"gold_loss":0.0,"damage_taken":11.0},{"damage_healed":0,"gold_gain":0,"player_choice":"Simplicity","damage_taken":0,"max_hp_gain":0,"max_hp_loss":0,"event_name":"Back to Basics","floor":19,"gold_loss":0,"cards_upgraded":["Strike_B","Strike_B","Strike_B","Strike_B","Defend_B","Defend_B","Defend_B"]},{"cards_removed":["Hologram"],"damage_healed":5,"gold_gain":0,"player_choice":"Offered Common","damage_taken":0,"max_hp_gain":0,"max_hp_loss":0,"event_name":"Bonfire Elementals","floor":20,"gold_loss":0},{"cards_removed":["Hologram"],"damage_healed":5,"gold_gain":0,"player_choice":"Offered Special","damage_taken":0,"max_hp_gain":0,"max_hp_loss":0,"event_name":"Bonfire Elementals","floor":20,"gold_loss":0}],"is_beta":false,"boss_relics":[{"not_picked":["Pandora\u0027s Box","FrozenCore"],"picked":"Black Star"}],"items_purged_floors":[],"is_endless":false,"potions_floor_spawned":[1,2,10,13,18],"killed_by":"Shelled Parasite and Fungi","ascension_level":20}