{"gold_per_floor":[118,118,138,151,31,31,31,31,78,94,120,39,50,82,82,183,183,193,43,43,58,58,58,90,90,90,124,136,136,148,175,175,277,277,290,46,60,160,172,172,188,218,218,16,47,61,61,74,74,74],"floor_reached":51,"playtime":2736,"items_purged":["Strike_G","Strike_G"],"score":983,"play_id":"6be1e87a-ac79-4297-8192-40bce4e81369","local_time":"20190710205301","is_ascension_mode":true,"campfire_choices":[{"data":"Cloak And Dagger","floor":6,"key":"SMITH"},{"data":"Accuracy","floor":8,"key":"SMITH"},{"data":"Crippling Poison","floor":15,"key":"SMITH"},{"data":"Footwork","floor":23,"key":"SMITH"},{"data":"Cloak And Dagger","floor":25,"key":"SMITH"},{"data":"After Image","floor":29,"key":"SMITH"},{"data":"Footwork","floor":32,"key":"SMITH"},{"data":"Footwork","floor":40,"key":"SMITH"},{"data":"Strike_G","floor":47,"key":"PURGE"},{"floor":49,"key":"REST"}],"neow_cost":"NONE","seed_source_timestamp":92780582577502,"circlet_count":0,"master_deck":["Strike_G+1","Strike_G+1","Defend_G","Defend_G","Defend_G","Defend_G","Defend_G","Survivor","Neutralize","Crippling Poison+1","Flying Knee","Backflip+1","Accuracy+1","Cloak And Dagger+1","Calculated Gamble","Crippling Poison+1","Well Laid Plans","Cloak And Dagger+1","After Image+1","Footwork+1","Infinite Blades","Footwork+1","Terror","Accuracy","PiercingWail","Night Terror","Noxious Fumes+1","Cloak And Dagger","PiercingWail","Infinite Blades","Footwork+1","Predator","Deflect+1","Catalyst+1","Cloak And Dagger+1"],"relics":["Ring of the Snake","Bronze Scales","Strawberry","Whetstone","Happy Flower","Cursed Key","Enchiridion","Letter Opener","Centennial Puzzle","Gremlin Horn","Orrery","Blood Vial","ClockworkSouvenir","Peace Pipe"],"potions_floor_usage":[11,37,42,50],"damage_taken":[{"damage":2,"enemies":"2 Louse","floor":1,"turns":3},{"damage":3,"enemies":"Jaw Worm","floor":3,"turns":5},{"damage":0,"enemies":"Cultist","floor":4,"turns":3},{"damage":0,"enemies":"Blue Slaver","floor":10,"turns":3},{"damage":16,"enemies":"Gremlin Nob","floor":11,"turns":4},{"damage":0,"enemies":"Exordium Thugs","floor":13,"turns":4},{"damage":3,"enemies":"Lagavulin","floor":14,"turns":5},{"damage":7,"enemies":"Hexaghost","floor":16,"turns":9},{"damage":12,"enemies":"Spheric Guardian","floor":18,"turns":5},{"damage":3,"enemies":"Shell Parasite","floor":21,"turns":4},{"damage":0,"enemies":"Book of Stabbing","floor":24,"turns":5},{"damage":0,"enemies":"Slavers","floor":27,"turns":4},{"damage":2,"enemies":"Centurion and Healer","floor":28,"turns":5},{"damage":5,"enemies":"Chosen and Byrds","floor":30,"turns":4},{"damage":0,"enemies":"Book of Stabbing","floor":31,"turns":4},{"damage":25,"enemies":"Collector","floor":33,"turns":9},{"damage":1,"enemies":"Orb Walker","floor":35,"turns":4},{"damage":2,"enemies":"3 Shapes","floor":37,"turns":5},{"damage":7,"enemies":"Maw","floor":39,"turns":7},{"damage":15,"enemies":"Transient","floor":41,"turns":5},{"damage":11,"enemies":"Reptomancer","floor":42,"turns":6},{"damage":0,"enemies":"Nemesis","floor":45,"turns":9},{"damage":0,"enemies":"3 Darklings","floor":46,"turns":5},{"damage":7,"enemies":"Sphere and 2 Shapes","floor":48,"turns":6},{"damage":21,"enemies":"Time Eater","floor":50,"turns":9}],"seed_played":"-3420939602645177676","potions_obtained":[{"floor":3,"key":"Ancient Potion"},{"floor":4,"key":"Strength Potion"},{"floor":13,"key":"GamblersBrew"},{"floor":16,"key":"SneckoOil"},{"floor":18,"key":"Fire Potion"},{"floor":39,"key":"GamblersBrew"},{"floor":42,"key":"SpeedPotion"}],"is_trial":false,"path_per_floor":["M","?","M","M","$","R","?","R","T","M","E","$","M","E","R","B",null,"M","$","?","M","?","R","E","R","T","E","M","R","M","E","R","B",null,"M","$","M","?","M","R","M","E","T","$","E","M","R","M","R","B",null],"character_chosen":"THE_SILENT","items_purchased":["Accuracy","Cloak And Dagger","Well Laid Plans","Footwork","Footwork","Predator","ClockworkSouvenir"],"campfire_rested":1,"item_purchase_floors":[5,5,12,19,36,36,44],"current_hp_per_floor":[75,68,65,65,65,65,50,50,57,57,41,41,41,38,38,31,84,72,72,56,53,53,53,53,53,53,53,51,51,46,46,46,21,84,83,83,81,81,74,74,59,48,48,48,50,52,52,47,72,53],"gold":74,"neow_bonus":"TEN_PERCENT_HP_BONUS","is_prod":false,"is_daily":false,"chose_seed":false,"campfire_upgraded":8,"win_rate":0,"timestamp":1562784781,"path_taken":["M","?","M","M","$","R","?","R","T","M","E","?","M","E","R","BOSS","M","$","?","M","?","R","E","R","T","E","M","R","M","E","R","BOSS","M","$","M","?","M","R","M","E","T","$","E","M","R","M","R","BOSS"],"build_version":"2019-07-05","purchased_purges":2,"victory":true,"max_hp_per_floor":[77,77,77,77,77,77,77,77,84,84,84,84,84,84,84,84,84,84,84,84,84,84,84,84,84,84,84,84,84,84,84,84,84,84,84,84,84,84,84,84,84,84,84,84,84,84,84,84,84,84],"card_choices":[{"not_picked":["Backflip","Bane"],"picked":"Crippling Poison","floor":1},{"not_picked":["Leg Sweep","Blade Dance"],"picked":"Flying Knee","floor":3},{"not_picked":["Dodge and Roll","Poisoned Stab"],"picked":"Backflip","floor":4},{"not_picked":["Leg Sweep","Deadly Poison"],"picked":"Calculated Gamble","floor":10},{"not_picked":["Backflip","Outmaneuver"],"picked":"Crippling Poison","floor":11},{"not_picked":["Quick Slash","Bane"],"picked":"Cloak And Dagger","floor":13},{"not_picked":["Deadly Poison","Riddle With Holes","Dash"],"picked":"SKIP","floor":14},{"not_picked":["Storm of Steel","Unload"],"picked":"After Image","floor":16},{"not_picked":["Masterful Stab","Poisoned Stab","Acrobatics"],"picked":"SKIP","floor":18},{"not_picked":["Dagger Throw","Leg Sweep","Flying Knee+1"],"picked":"SKIP","floor":21},{"not_picked":["Sucker Punch+1","Choke"],"picked":"Infinite Blades","floor":24},{"not_picked":["Predator","Outmaneuver"],"picked":"Footwork","floor":27},{"not_picked":["Outmaneuver","Phantasmal Killer"],"picked":"Terror","floor":28},{"not_picked":["Slice","Outmaneuver+1"],"picked":"Accuracy","floor":30},{"not_picked":["Backflip","Bane"],"picked":"PiercingWail","floor":31},{"not_picked":["Doppelganger","Unload"],"picked":"Night Terror","floor":33},{"not_picked":["Acrobatics","Deadly Poison"],"picked":"Noxious Fumes+1","floor":34},{"not_picked":["Bouncing Flask+1","Flechettes"],"picked":"Cloak And Dagger","floor":34},{"not_picked":["Night Terror","Bane"],"picked":"PiercingWail","floor":34},{"not_picked":["Endless Agony+1","Dagger Spray"],"picked":"Infinite Blades","floor":35},{"not_picked":["Underhanded Strike+1","Dagger Throw+1"],"picked":"Deflect+1","floor":37},{"not_picked":["Underhanded Strike","All Out Attack","Reflex+1"],"picked":"SKIP","floor":39},{"not_picked":["Blade Dance","Phantasmal Killer","Poisoned Stab"],"picked":"SKIP","floor":41},{"not_picked":["Heel Hook+1","Quick Slash","Underhanded Strike"],"picked":"SKIP","floor":42},{"not_picked":["Heel Hook","Sucker Punch","Terror+1"],"picked":"SKIP","floor":45},{"not_picked":["Dash","Backflip"],"picked":"Catalyst+1","floor":46},{"not_picked":["Blade Dance","Backflip+1"],"picked":"Cloak And Dagger+1","floor":48}],"player_experience":65087,"relics_obtained":[{"floor":9,"key":"Strawberry"},{"floor":11,"key":"Whetstone"},{"floor":14,"key":"Happy Flower"},{"floor":20,"key":"Enchiridion"},{"floor":24,"key":"Letter Opener"},{"floor":27,"key":"Centennial Puzzle"},{"floor":31,"key":"Gremlin Horn"},{"floor":42,"key":"Blood Vial"},{"floor":45,"key":"Peace Pipe"}],"event_choices":[{"damage_healed":0,"gold_gain":0,"player_choice":"Success","damage_taken":7,"relics_obtained":["Bronze Scales"],"max_hp_gain":0,"max_hp_loss":0,"event_name":"Scrap Ooze","floor":2,"gold_loss":0},{"damage_healed":0,"gold_gain":0,"player_choice":"Entered Light","damage_taken":15,"max_hp_gain":0,"max_hp_loss":0,"event_name":"Shining Light","floor":7,"gold_loss":0,"cards_upgraded":["Backflip","Crippling Poison"]},{"damage_healed":0,"gold_gain":0,"player_choice":"Obtained Book","damage_taken":16,"max_hp_gain":0,"max_hp_loss":0,"event_name":"Cursed Tome","floor":20,"gold_loss":0},{"damage_healed":0,"gold_gain":0,"player_choice":"0 cards matched","damage_taken":0,"max_hp_gain":0,"max_hp_loss":0,"event_name":"Match and Keep!","floor":22,"gold_loss":0,"cards_obtained":[]},{"damage_healed":0,"gold_gain":100,"player_choice":"Pray","damage_taken":0,"max_hp_gain":0,"max_hp_loss":0,"event_name":"Golden Shrine","floor":38,"gold_loss":0}],"is_beta":false,"boss_relics":[{"not_picked":["Philosopher\u0027s Stone","Fusion Hammer"],"picked":"Cursed Key"},{"not_picked":["Busted Crown","Tiny House"],"picked":"Orrery"}],"items_purged_floors":[19,36],"is_endless":false,"potions_floor_spawned":[3,4,13,16,18,24,31,35,39,42,46],"ascension_level":2}