{"gold_per_floor":[113,129,129,148,148,148,148,148,148,148,178,193,193,227,227,300,300,311,322,346,361,286,286,286,304,304,76,94,94,104,130,130,204,204,219,234,234,24,24,24,51,51,74,74,93,112,0,0,0,0],"floor_reached":50,"playtime":2282,"items_purged":[],"score":1101,"play_id":"52a0e293-5885-4aa8-8640-c322bb4f0214","local_time":"20190510183153","is_ascension_mode":true,"campfire_choices":[{"data":"Neutralize","floor":6.0,"key":"SMITH"},{"data":"Glass Knife","floor":10.0,"key":"SMITH"},{"floor":15.0,"key":"REST"},{"floor":23.0,"key":"REST"},{"floor":29.0,"key":"REST"},{"floor":32.0,"key":"REST"},{"floor":40.0,"key":"RECALL"},{"floor":44.0,"key":"REST"},{"floor":49.0,"key":"REST"}],"neow_cost":"NONE","seed_source_timestamp":0,"circlet_count":0,"master_deck":["AscendersBane","Defend_G","Defend_G","Defend_G","Defend_G","Defend_G","Strike_G","Strike_G","Strike_G","Survivor","Neutralize+1","Finesse","Dagger Spray","Glass Knife+1","Backflip","Prepared","Footwork+1","Corpse Explosion","Well Laid Plans+1","Noxious Fumes+1","Sucker Punch","Dodge and Roll","Infinite Blades+1","Sadistic Nature+1","Cloak And Dagger+1","Noxious Fumes+1","Adrenaline","Noxious Fumes+1","Trip","Cold Snap","Sword Boomerang","Writhe"],"special_seed":0,"relics":["Ring of the Snake","Frozen Egg 2","Du-Vu Doll","Shuriken","Odd Mushroom","Kunai","Philosopher\u0027s Stone","Anchor","MutagenicStrength","Thread and Needle","Art of War","Velvet Choker","PrismaticShard","Shovel","Red Mask"],"potions_floor_usage":[50],"damage_taken":[{"damage":2.0,"enemies":"Cultist","floor":1.0,"turns":5.0},{"damage":1.0,"enemies":"Small Slimes","floor":2.0,"turns":4.0},{"damage":0.0,"enemies":"Jaw Worm","floor":4.0,"turns":5.0},{"damage":2.0,"enemies":"The Mushroom Lair","floor":11.0,"turns":2.0},{"damage":0.0,"enemies":"Looter","floor":12.0,"turns":1.0},{"damage":18.0,"enemies":"Lagavulin","floor":14.0,"turns":5.0},{"damage":22.0,"enemies":"Slime Boss","floor":16.0,"turns":12.0},{"damage":17.0,"enemies":"Shell Parasite","floor":18.0,"turns":5.0},{"damage":0.0,"enemies":"Chosen","floor":19.0,"turns":5.0},{"damage":26.0,"enemies":"Shelled Parasite and Fungi","floor":21.0,"turns":6.0},{"damage":5.0,"enemies":"Snecko","floor":25.0,"turns":5.0},{"damage":0.0,"enemies":"Centurion and Healer","floor":28.0,"turns":5.0},{"damage":0.0,"enemies":"Cultist and Chosen","floor":30.0,"turns":5.0},{"damage":27.0,"enemies":"Book of Stabbing","floor":31.0,"turns":5.0},{"damage":0.0,"enemies":"Champ","floor":33.0,"turns":13.0},{"damage":0.0,"enemies":"3 Darklings","floor":35.0,"turns":2.0},{"damage":0.0,"enemies":"Orb Walker","floor":36.0,"turns":2.0},{"damage":31.0,"enemies":"Reptomancer","floor":41.0,"turns":8.0},{"damage":16.0,"enemies":"Jaw Worm Horde","floor":45.0,"turns":3.0},{"damage":21.0,"enemies":"Sphere and 2 Shapes","floor":46.0,"turns":6.0},{"damage":67,"enemies":"Time Eater","floor":50,"turns":14}],"seed_played":"-5195259049687777422","potions_obtained":[{"floor":2.0,"key":"Explosive Potion"},{"floor":4.0,"key":"SneckoOil"},{"floor":14.0,"key":"Dexterity Potion"},{"floor":19.0,"key":"Explosive Potion"},{"floor":28.0,"key":"Fruit Juice"},{"floor":36.0,"key":"Explosive Potion"},{"floor":45.0,"key":"SpeedPotion"}],"is_trial":false,"path_per_floor":["M","M","T","M","$","R","?","$","T","R","?","M","?","E","R","B",null,"M","M","T","M","?","R","?","M","T","$","M","R","M","E","R","B",null,"M","M","?","$","?","R","E","?","T","R","M","M","?","?","R","B"],"character_chosen":"THE_SILENT","items_purchased":["Infinite Blades+1","Sadistic Nature+1","PrismaticShard"],"campfire_rested":6,"item_purchase_floors":[27,27,38],"current_hp_per_floor":[57,56,56,56,56,56,38,38,38,38,36,36,36,18,37,15,53,36,36,36,10,10,29,29,24,24,24,29,50,50,23,44,44,64,64,64,64,64,64,64,33,33,33,54,38,17,17,31,52,0],"gold":0,"neow_bonus":"RANDOM_COLORLESS","is_prod":false,"is_daily":false,"chose_seed":false,"campfire_upgraded":2,"win_rate":0,"timestamp":1557527513,"path_taken":["M","M","?","M","$","R","?","?","T","R","?","M","?","E","R","BOSS","M","M","?","?","?","R","?","M","T","?","M","R","M","E","R","BOSS","M","M","?","$","?","R","E","?","T","R","M","?","?","?","R","BOSS"],"build_version":"2019-01-23","purchased_purges":0,"victory":false,"max_hp_per_floor":[66,66,66,66,66,66,66,66,66,66,66,66,66,66,66,66,66,66,66,66,66,66,66,66,66,66,66,71,71,71,71,71,71,71,71,71,71,71,71,71,71,71,71,71,71,71,71,71,71,71],"card_choices":[{"not_picked":["Concentrate","Dodge and Roll"],"picked":"Flying Knee","floor":1.0},{"not_picked":["Backflip","Underhanded Strike"],"picked":"Dagger Spray","floor":2.0},{"not_picked":["Dodge and Roll","Deflect"],"picked":"Glass Knife","floor":4.0},{"not_picked":["Masterful Stab","Calculated Gamble"],"picked":"Backflip","floor":11.0},{"not_picked":["Prepared","Calculated Gamble","Bane"],"picked":"SKIP","floor":12.0},{"not_picked":["Quick Slash","Dagger Throw"],"picked":"Footwork+1","floor":14.0},{"not_picked":["After Image+1","Glass Knife"],"picked":"Corpse Explosion","floor":16.0},{"not_picked":["Heel Hook","Outmaneuver"],"picked":"Well Laid Plans+1","floor":18.0},{"not_picked":["Eviscerate+1","Concentrate"],"picked":"Noxious Fumes+1","floor":19.0},{"not_picked":["Dagger Spray","Slice"],"picked":"Sucker Punch","floor":21.0},{"not_picked":["Acrobatics","Distraction"],"picked":"Dodge and Roll","floor":25.0},{"not_picked":["Eviscerate","Choke+1","Storm of Steel"],"picked":"SKIP","floor":28.0},{"not_picked":["Quick Slash","Escape Plan"],"picked":"Cloak And Dagger+1","floor":30.0},{"not_picked":["Slice+1","Storm of Steel"],"picked":"Noxious Fumes+1","floor":31.0},{"not_picked":["Glass Knife","Venomology"],"picked":"Adrenaline","floor":33.0},{"not_picked":["Underhanded Strike","Concentrate","Acrobatics+1"],"picked":"SKIP","floor":35.0},{"not_picked":["Flying Knee","Dodge and Roll"],"picked":"Noxious Fumes+1","floor":36.0},{"not_picked":["Good Instincts","Metamorphosis"],"picked":"Trip","floor":39.0},{"not_picked":["Reckless Charge","Anger+1"],"picked":"Cold Snap","floor":41.0},{"not_picked":["Coolheaded","Backflip+1"],"picked":"Sword Boomerang","floor":45.0},{"not_picked":["Blizzard","Well Laid Plans+1","Madness"],"picked":"SKIP","floor":46.0}],"player_experience":678434,"relics_obtained":[{"floor":3.0,"key":"Frozen Egg 2"},{"floor":9.0,"key":"Shuriken"},{"floor":11.0,"key":"Odd Mushroom"},{"floor":14.0,"key":"Kunai"},{"floor":20.0,"key":"Anchor"},{"floor":26.0,"key":"Thread and Needle"},{"floor":31.0,"key":"Art of War"},{"floor":41.0,"key":"Shovel"}],"event_choices":[{"damage_healed":0.0,"max_hp_gain":0.0,"max_hp_loss":0.0,"gold_gain":0.0,"event_name":"Scrap Ooze","player_choice":"Success","floor":7.0,"gold_loss":0.0,"damage_taken":18.0,"relics_obtained":["Du-Vu Doll"]},{"damage_healed":0.0,"max_hp_gain":0.0,"max_hp_loss":0.0,"gold_gain":0.0,"event_name":"Mushrooms","player_choice":"Fought Mushrooms","floor":11.0,"gold_loss":0.0,"damage_taken":0.0},{"damage_healed":0.0,"max_hp_gain":0.0,"max_hp_loss":0.0,"gold_gain":0.0,"cards_transformed":["Strike_G"],"event_name":"Transmorgrifier","player_choice":"Transformed","floor":13.0,"gold_loss":0.0,"damage_taken":0.0,"cards_obtained":["Prepared"]},{"cards_removed":["Strike_G"],"damage_healed":0.0,"max_hp_gain":0.0,"max_hp_loss":0.0,"gold_gain":0.0,"event_name":"Beggar","player_choice":"Gave Gold","floor":22.0,"gold_loss":75.0,"damage_taken":0.0},{"damage_healed":0.0,"max_hp_gain":0.0,"max_hp_loss":0.0,"gold_gain":0.0,"event_name":"Drug Dealer","player_choice":"Inject Mutagens","floor":24.0,"gold_loss":0.0,"damage_taken":0.0,"relics_obtained":["MutagenicStrength"]},{"cards_removed":["Flying Knee"],"damage_healed":0.0,"max_hp_gain":0.0,"max_hp_loss":0.0,"gold_gain":0.0,"event_name":"Falling","player_choice":"Removed Attack","floor":37.0,"gold_loss":0.0,"damage_taken":0.0},{"damage_healed":0.0,"max_hp_gain":0.0,"max_hp_loss":0.0,"gold_gain":0.0,"event_name":"SensoryStone","player_choice":"Memory 1","floor":39.0,"gold_loss":0.0,"damage_taken":0.0},{"damage_healed":0.0,"max_hp_gain":0.0,"max_hp_loss":0.0,"gold_gain":0.0,"event_name":"Mysterious Sphere","player_choice":"Ignored","floor":42.0,"gold_loss":0.0,"damage_taken":0.0},{"damage_healed":0.0,"max_hp_gain":0.0,"max_hp_loss":0.0,"gold_gain":0.0,"event_name":"Tomb of Lord Red Mask","player_choice":"Paid","floor":47.0,"gold_loss":112.0,"damage_taken":0.0,"relics_obtained":["Red Mask"]},{"damage_healed":14.0,"max_hp_gain":0.0,"max_hp_loss":0.0,"gold_gain":0.0,"event_name":"Winding Halls","player_choice":"Writhe","floor":48.0,"gold_loss":0.0,"damage_taken":0.0,"cards_obtained":["Writhe"]}],"is_beta":false,"boss_relics":[{"not_picked":["Orrery","Snecko Eye"],"picked":"Philosopher\u0027s Stone"},{"not_picked":["Calling Bell","HoveringKite"],"picked":"Velvet Choker"}],"items_purged_floors":[],"is_endless":false,"potions_floor_spawned":[2,4,14,19,21,28,36,45],"killed_by":"Time Eater","ascension_level":20}