{"gold_per_floor":[113,126,137,137,161,161,180,180,180,180,180],"floor_reached":11,"playtime":254,"items_purged":[],"score":130,"play_id":"25a34fb7-4a51-448d-90f3-346f454f937a","local_time":"20190418233552","is_ascension_mode":true,"campfire_choices":[{"floor":6.0,"key":"REST"}],"neow_cost":"TEN_PERCENT_HP_LOSS","seed_source_timestamp":732558452994400,"circlet_count":0,"master_deck":["AscendersBane","Strike_B","Strike_B","Strike_B","Defend_B","Defend_B","Zap","Dualcast","Ball Lightning","Cold Snap","Go for the Eyes","Conserve Battery","Conserve Battery"],"special_seed":0,"relics":["Cracked Core","Golden Idol","Ornamental Fan"],"potions_floor_usage":[],"damage_taken":[{"damage":7.0,"enemies":"Small Slimes","floor":1.0,"turns":3.0},{"damage":0.0,"enemies":"Cultist","floor":2.0,"turns":3.0},{"damage":2.0,"enemies":"Jaw Worm","floor":3.0,"turns":3.0},{"damage":10.0,"enemies":"Large Slime","floor":5.0,"turns":5.0},{"damage":22.0,"enemies":"Exordium Wildlife","floor":7.0,"turns":4.0},{"damage":26,"enemies":"Exordium Thugs","floor":11,"turns":4}],"seed_played":"-4660185599336538964","potions_obtained":[{"floor":1.0,"key":"FearPotion"}],"is_trial":false,"path_per_floor":["M","M","M","?","M","R","M","?","T","?","M"],"character_chosen":"DEFECT","items_purchased":[],"campfire_rested":1,"item_purchase_floors":[],"current_hp_per_floor":[57,57,55,33,23,42,20,20,20,20,0],"gold":180,"neow_bonus":"REMOVE_TWO","is_prod":false,"is_daily":false,"chose_seed":false,"campfire_upgraded":0,"win_rate":0,"timestamp":1555626952,"path_taken":["M","M","M","?","M","R","M","?","T","?","?"],"build_version":"2019-01-23","purchased_purges":0,"victory":false,"max_hp_per_floor":[64,64,64,64,64,64,64,64,64,64,64],"card_choices":[{"not_picked":["Consume","Go for the Eyes"],"picked":"Ball Lightning","floor":1.0},{"not_picked":["Beam Cell","BootSequence"],"picked":"Cold Snap","floor":2.0},{"not_picked":["Skim","Coolheaded"],"picked":"Go for the Eyes","floor":3.0},{"not_picked":["Rebound","Stack"],"picked":"Conserve Battery","floor":5.0},{"not_picked":["Barrage","Redo"],"picked":"Conserve Battery","floor":7.0}],"player_experience":1298268,"relics_obtained":[{"floor":9.0,"key":"Ornamental Fan"}],"event_choices":[{"damage_healed":0.0,"max_hp_gain":0.0,"max_hp_loss":0.0,"gold_gain":0.0,"event_name":"Golden Idol","player_choice":"Take Damage","floor":4.0,"gold_loss":0.0,"damage_taken":22.0,"relics_obtained":["Golden Idol"]},{"cards_removed":["Defend_B"],"damage_healed":0.0,"max_hp_gain":0.0,"max_hp_loss":0.0,"gold_gain":0.0,"event_name":"Living Wall","player_choice":"Forget","floor":8.0,"gold_loss":0.0,"damage_taken":0.0},{"damage_healed":0,"gold_gain":0,"player_choice":"Leave","damage_taken":0,"max_hp_gain":0,"max_hp_loss":0,"event_name":"FaceTrader","floor":10,"gold_loss":0}],"is_beta":false,"boss_relics":[],"items_purged_floors":[],"is_endless":false,"potions_floor_spawned":[1],"killed_by":"Exordium Thugs","ascension_level":20}