{"gold_per_floor":[114,114,114,114,129,159,159,189,264,364,394,394,409,424,424,524,524,539,39,54,69,69,99,99,129,154,154,154,154,169,199,199,299,299,314,14,14,14,29,29,0,0,25,25,40,70,85,85,85,85],"floor_reached":50,"playtime":1908,"items_purged":[],"score":619,"play_id":"b6e75f0b-b33a-4420-98d5-fb99d1c5e6b8","local_time":"20190114210847","daily_mods":["Insanity","Time Dilation","Elite Swarm"],"is_ascension_mode":false,"campfire_choices":[{"floor":7,"key":"REST"},{"data":"Genetic Algorithm","floor":12,"key":"SMITH"},{"floor":15,"key":"REST"},{"floor":24,"key":"REST"},{"floor":27,"key":"REST"},{"floor":29,"key":"REST"},{"floor":32,"key":"REST"},{"floor":40,"key":"DIG"},{"floor":44,"key":"DIG"},{"floor":49,"key":"REST"}],"neow_cost":"","seed_source_timestamp":0,"circlet_count":0,"master_deck":["Gash","Rebound","Streamline","Consume","Hello World","Beam Cell","Gash","Coolheaded","Compile Driver","Steam","Cold Snap","Beam Cell","Stack","Recycle","Genetic Algorithm+1","Sweeping Beam","Rebound","BootSequence","Steam Power","Recycle","Sweeping Beam","Glacier","Steam+1","Beam Cell","Steam","Recycle","Ball Lightning","Gash","Redo","Hologram","Ball Lightning","Lockon","Ball Lightning","Stack","Fusion","Darkness","Doom and Gloom","Reinforced Body","Reprogram+1","Darkness","Redo","Leap","Fusion","Redo","Cold Snap","Leap","Lockon","Rainbow","Meteor Strike","Amplify","Double Energy","Creative AI","Chaos","Steam","Melter","Echo Form","Writhe","Meteor Strike","Echo Form","Melter+1","Sunder","Apotheosis","Chaos+1","Go for the Eyes+1","Echo Form","Streamline+1","Compile Driver"],"special_seed":17911,"relics":["Cracked Core","Bottled Lightning","Happy Flower","Mummified Hand","Kunai","Sozu","HandDrill","Ginger","Mango","Ancient Tea Set","Juzu Bracelet","Ice Cream","Nunchaku","Lizard Tail","Shovel","Prayer Wheel","Red Mask","Blood Vial","War Paint","Bronze Scales"],"potions_floor_usage":[16,16,23,23],"damage_taken":[{"damage":2,"enemies":"2 Louse","floor":1,"turns":2},{"damage":0,"enemies":"Cultist","floor":5,"turns":3},{"damage":17,"enemies":"3 Sentries","floor":6,"turns":5},{"damage":4,"enemies":"Lagavulin","floor":8,"turns":7},{"damage":4,"enemies":"Gremlin Nob","floor":11,"turns":4},{"damage":0,"enemies":"Jaw Worm","floor":13,"turns":2},{"damage":0,"enemies":"Gremlin Gang","floor":14,"turns":5},{"damage":12,"enemies":"Slime Boss","floor":16,"turns":6},{"damage":3,"enemies":"3 Byrds","floor":18,"turns":4},{"damage":6,"enemies":"Spheric Guardian","floor":20,"turns":4},{"damage":14,"enemies":"Centurion and Healer","floor":21,"turns":6},{"damage":40,"enemies":"Gremlin Leader","floor":23,"turns":10},{"damage":16,"enemies":"Book of Stabbing","floor":25,"turns":4},{"damage":2,"enemies":"3 Cultists","floor":30,"turns":5},{"damage":34,"enemies":"Slavers","floor":31,"turns":4},{"damage":3,"enemies":"Automaton","floor":33,"turns":6},{"damage":9,"enemies":"3 Shapes","floor":35,"turns":3},{"damage":10,"enemies":"Orb Walker","floor":39,"turns":4},{"damage":36,"enemies":"Jaw Worm Horde","floor":45,"turns":3},{"damage":51,"enemies":"Reptomancer","floor":46,"turns":7},{"damage":24,"enemies":"Spire Growth","floor":47,"turns":6},{"damage":41,"enemies":"Donu and Deca","floor":50,"turns":5}],"seed_played":"-1374087961846543557","potions_obtained":[{"floor":3,"key":"PowerPotion"},{"floor":3,"key":"Fire Potion"},{"floor":3,"key":"Weak Potion"},{"floor":16,"key":"AttackPotion"}],"is_trial":false,"path_per_floor":["M","$","?","$","M","E","R","E","T","?","E","R","M","M","R","B",null,"M","$","M","M","?","E","R","E","T","R","?","R","M","E","R","B",null,"M","$","?","?","M","R","?","?","T","R","M","E","M","?","R","B"],"character_chosen":"DEFECT","items_purchased":["HandDrill","Ginger","Shovel"],"campfire_rested":7,"item_purchase_floors":[19,19,36],"current_hp_per_floor":[73,73,73,73,73,56,75,71,71,71,67,67,67,67,75,63,75,72,72,66,52,57,31,57,41,41,67,67,89,87,53,79,76,89,80,80,80,80,70,70,70,70,70,70,36,33,11,11,37,0],"gold":85,"neow_bonus":"","is_prod":false,"is_daily":true,"chose_seed":false,"campfire_upgraded":1,"win_rate":0,"timestamp":1547528927,"path_taken":["M","$","?","$","?","E","R","E","T","?","E","R","M","?","R","BOSS","M","$","M","M","?","E","R","E","T","R","?","R","M","E","R","BOSS","M","$","?","?","M","R","?","?","T","R","M","E","M","?","R","BOSS"],"build_version":"2019-01-10","purchased_purges":0,"victory":false,"max_hp_per_floor":[75,75,75,75,75,75,75,75,75,75,75,75,75,75,75,75,75,75,75,75,75,75,89,89,89,89,89,89,89,89,89,89,89,89,89,89,89,89,89,89,89,89,89,89,89,89,89,89,89,89],"card_choices":[{"not_picked":["Steam","Hologram","Turbo"],"picked":"SKIP","floor":1},{"not_picked":["Auto Shields","Steam","Sweeping Beam"],"picked":"SKIP","floor":5},{"not_picked":["Biased Cognition","Machine Learning"],"picked":"Rainbow","floor":6},{"not_picked":["Biased Cognition","Amplify"],"picked":"Meteor Strike","floor":8},{"not_picked":["Machine Learning","Biased Cognition"],"picked":"Amplify","floor":11},{"not_picked":["Go for the Eyes","Coolheaded","Cold Snap"],"picked":"SKIP","floor":13},{"not_picked":["Coolheaded","Gash"],"picked":"Double Energy","floor":14},{"not_picked":["Multi-Cast","Rainbow"],"picked":"Creative AI","floor":16},{"not_picked":["Static Discharge","Streamline"],"picked":"Chaos","floor":18},{"not_picked":["Leap","Redo"],"picked":"Steam","floor":20},{"not_picked":["Stack","Scrape"],"picked":"Melter","floor":21},{"not_picked":["Machine Learning","Rainbow"],"picked":"Echo Form","floor":23},{"not_picked":["Multi-Cast","Amplify","Hyperbeam"],"picked":"SKIP","floor":25},{"not_picked":["Reprogram","Chill","Steam+1"],"picked":"SKIP","floor":30},{"not_picked":["Machine Learning","Reboot"],"picked":"Meteor Strike","floor":31},{"not_picked":["Machine Learning","Multi-Cast"],"picked":"Echo Form","floor":33},{"not_picked":["Ball Lightning+1","Coolheaded"],"picked":"Melter+1","floor":35},{"not_picked":["Go for the Eyes","Melter"],"picked":"Sunder","floor":39},{"not_picked":["Finesse","Mayhem"],"picked":"Apotheosis","floor":42},{"not_picked":["Barrage+1","Conserve Battery"],"picked":"Chaos+1","floor":45},{"not_picked":["Cold Snap","Coolheaded"],"picked":"Go for the Eyes+1","floor":45},{"not_picked":["Rainbow","Thunder Strike"],"picked":"Echo Form","floor":46},{"not_picked":["Go for the Eyes","Steam+1"],"picked":"Streamline+1","floor":47},{"not_picked":["FTL","Barrage","Redo"],"picked":"SKIP","floor":47}],"player_experience":130504,"relics_obtained":[{"floor":6,"key":"Bottled Lightning"},{"floor":8,"key":"Happy Flower"},{"floor":9,"key":"Mummified Hand"},{"floor":11,"key":"Kunai"},{"floor":23,"key":"Mango"},{"floor":25,"key":"Ancient Tea Set"},{"floor":26,"key":"Juzu Bracelet"},{"floor":31,"key":"Nunchaku"},{"floor":40,"key":"Prayer Wheel"},{"floor":43,"key":"Blood Vial"},{"floor":44,"key":"War Paint"},{"floor":46,"key":"Bronze Scales"}],"event_choices":[{"damage_healed":0,"gold_gain":0,"player_choice":"Got Potions","damage_taken":0,"max_hp_gain":0,"max_hp_loss":0,"event_name":"Lab","floor":3,"gold_loss":0},{"damage_healed":0,"gold_gain":100,"player_choice":"Pray","damage_taken":0,"max_hp_gain":0,"max_hp_loss":0,"event_name":"Golden Shrine","floor":10,"gold_loss":0},{"cards_removed":["Barrage"],"damage_healed":5,"gold_gain":0,"player_choice":"Offered Common","damage_taken":0,"max_hp_gain":0,"max_hp_loss":0,"event_name":"Bonfire Elementals","floor":22,"gold_loss":0},{"cards_removed":["Barrage"],"damage_healed":5,"gold_gain":0,"player_choice":"Offered Special","damage_taken":0,"max_hp_gain":0,"max_hp_loss":0,"event_name":"Bonfire Elementals","floor":22,"gold_loss":0},{"damage_healed":0,"gold_gain":0,"player_choice":"Opened","damage_taken":0,"relics_obtained":["Ice Cream"],"max_hp_gain":0,"max_hp_loss":0,"event_name":"The Mausoleum","floor":28,"gold_loss":0,"cards_obtained":["Writhe"]},{"damage_healed":0,"gold_gain":0,"player_choice":"Ignored","damage_taken":0,"max_hp_gain":0,"max_hp_loss":0,"event_name":"Mysterious Sphere","floor":37,"gold_loss":0},{"cards_removed":["Go for the Eyes"],"damage_healed":0,"gold_gain":0,"player_choice":"Removed Attack","damage_taken":0,"max_hp_gain":0,"max_hp_loss":0,"event_name":"Falling","floor":38,"gold_loss":0},{"damage_healed":0,"gold_gain":0,"player_choice":"Paid","damage_taken":0,"relics_obtained":["Red Mask"],"max_hp_gain":0,"max_hp_loss":0,"event_name":"Tomb of Lord Red Mask","floor":41,"gold_loss":29},{"damage_healed":0,"gold_gain":0,"player_choice":"Memory 1","damage_taken":0,"max_hp_gain":0,"max_hp_loss":0,"event_name":"SensoryStone","floor":42,"gold_loss":0},{"damage_healed":0,"gold_gain":0,"cards_transformed":["Sunder"],"player_choice":"Transformed","damage_taken":0,"max_hp_gain":0,"max_hp_loss":0,"event_name":"Transmorgrifier","floor":48,"gold_loss":0,"cards_obtained":["Compile Driver"]}],"is_beta":false,"boss_relics":[{"not_picked":["Calling Bell","Astrolabe"],"picked":"Sozu"},{"not_picked":["Tiny House","Empty Cage"],"picked":"Lizard Tail"}],"items_purged_floors":[],"is_endless":false,"potions_floor_spawned":[6,13,14,16,18,23,25,45],"killed_by":"Donu and Deca","ascension_level":0}