{"gold_per_floor":[114,129,199,149,149,179,194,194,219,219,238,276,295,314,314,439,439,458,458,508,508,527,565,584,584,584,603,641,31,69,69,69,69],"floor_reached":33,"playtime":1086,"items_purged":[],"score":415,"play_id":"d13e5564-a2e6-409d-88b6-fe6abbcf0cba","local_time":"20190127115659","daily_mods":["Insanity","ControlledChaos","Elite Swarm"],"is_ascension_mode":false,"campfire_choices":[{"floor":8,"key":"REST"},{"floor":15,"key":"REST"},{"floor":32,"key":"REST"}],"neow_cost":"","seed_source_timestamp":0,"circlet_count":0,"master_deck":["Entrench","Thunderclap","Pummel","Iron Wave","Anger","Twin Strike","Headbutt","Heavy Blade","Wild Strike","Warcry","Sever Soul","Power Through","Burning Pact","Pommel Strike","Thunderclap","True Grit","Shrug It Off","Armaments","Warcry","Flex","Bloodletting","Intimidate","Cleave","Iron Wave","Clothesline","Armaments","Twin Strike","Bloodletting","Cleave","Reckless Charge","Body Slam","Havoc","Anger","Clothesline","Wild Strike","Warcry","Battle Trance","Pummel","Heavy Blade","Combust","Corruption","Flex","Heavy Blade","Heavy Blade+1","Clash","Flex","True Grit","Fire Breathing","Shockwave","Flex","Immolate+1","Heavy Blade","Evolve","Demon Form","Heavy Blade","Ghostly Armor","Barricade","Entrench+1","True Grit+1","Feed","Ghostly Armor","Shrug It Off+1","Limit Break","Pummel","Shrug It Off","Whirlwind","Double Tap"],"special_seed":17923,"relics":["Burning Blood","Frozen Eye","Mummified Hand","Art of War","Golden Idol","Dodecahedron","Philosopher\u0027s Stone","Oddly Smooth Stone","Charon\u0027s Ashes","The Courier","Question Card","Chemical X","Mercury Hourglass","Whetstone","Bottled Tornado"],"potions_floor_usage":[16,16,23,28,28,33],"damage_taken":[{"damage":11,"enemies":"Jaw Worm","floor":1,"turns":2},{"damage":2,"enemies":"2 Louse","floor":2,"turns":3},{"damage":37,"enemies":"Lagavulin","floor":6,"turns":7},{"damage":0,"enemies":"Small Slimes","floor":7,"turns":3},{"damage":0,"enemies":"2 Fungi Beasts","floor":11,"turns":2},{"damage":9,"enemies":"3 Sentries","floor":12,"turns":3},{"damage":5,"enemies":"Looter","floor":13,"turns":2},{"damage":25,"enemies":"Exordium Thugs","floor":14,"turns":4},{"damage":12,"enemies":"The Guardian","floor":16,"turns":7},{"damage":8,"enemies":"Chosen","floor":18,"turns":3},{"damage":7,"enemies":"Shell Parasite","floor":22,"turns":3},{"damage":39,"enemies":"Gremlin Leader","floor":23,"turns":6},{"damage":27,"enemies":"Chosen and Byrds","floor":24,"turns":4},{"damage":6,"enemies":"Snecko","floor":27,"turns":4},{"damage":27,"enemies":"Slavers","floor":28,"turns":5},{"damage":18,"enemies":"Gremlin Leader","floor":30,"turns":5},{"damage":56,"enemies":"Champ","floor":33,"turns":6}],"seed_played":"-4277099179774056171","potions_obtained":[{"floor":1,"key":"Explosive Potion"},{"floor":2,"key":"Block Potion"},{"floor":13,"key":"Dexterity Potion"},{"floor":16,"key":"Poison Potion"},{"floor":23,"key":"SpeedPotion"},{"floor":27,"key":"Explosive Potion"},{"floor":28,"key":"Ancient Potion"},{"floor":30,"key":"Explosive Potion"}],"is_trial":false,"path_per_floor":["M","M","?","?","$","E","M","R","T","?","M","E","M","M","R","B",null,"M","?","T","?","M","E","M","?","T","M","E","$","E","$","R","B"],"character_chosen":"IRONCLAD","items_purchased":["Pummel","Shrug It Off","Whirlwind","Chemical X","Mercury Hourglass","Whetstone"],"campfire_rested":3,"item_purchase_floors":[29,29,29,29,29,29],"current_hp_per_floor":[75,79,79,79,79,48,54,78,78,58,64,61,62,43,67,61,80,78,78,78,78,77,44,23,49,49,49,28,28,16,16,40,0],"gold":69,"neow_bonus":"","is_prod":false,"is_daily":true,"chose_seed":false,"campfire_upgraded":0,"win_rate":0,"timestamp":1548619019,"path_taken":["M","M","?","?","$","E","M","R","T","?","M","E","M","?","R","BOSS","M","?","?","?","M","E","M","?","T","M","E","$","E","?","R","BOSS"],"build_version":"2019-01-23","purchased_purges":0,"victory":false,"max_hp_per_floor":[80,80,80,80,80,80,80,80,80,80,80,80,80,80,80,80,80,80,80,80,80,80,80,80,80,80,80,80,80,80,80,80,80],"card_choices":[{"not_picked":["Shrug It Off","Iron Wave"],"picked":"Shockwave","floor":1},{"not_picked":["Clash","Warcry"],"picked":"Flex","floor":2},{"not_picked":["Brutality","Bludgeon"],"picked":"Immolate","floor":6},{"not_picked":["Anger","Fire Breathing"],"picked":"Heavy Blade","floor":7},{"not_picked":["Anger","Sword Boomerang"],"picked":"Evolve","floor":11},{"not_picked":["Exhume","Impervious"],"picked":"Demon Form","floor":12},{"not_picked":["Evolve","Sentinel"],"picked":"Heavy Blade","floor":13},{"not_picked":["Warcry","Searing Blow"],"picked":"Ghostly Armor","floor":14},{"not_picked":["Impervious","Offering"],"picked":"Barricade","floor":16},{"not_picked":["Power Through","Searing Blow"],"picked":"Entrench+1","floor":18},{"not_picked":["Iron Wave","Clothesline"],"picked":"True Grit+1","floor":22},{"not_picked":["Immolate","Impervious"],"picked":"Feed","floor":23},{"not_picked":["Seeing Red","Pommel Strike+1"],"picked":"Ghostly Armor","floor":24},{"not_picked":["Shockwave+1","Fire Breathing+1"],"picked":"Shrug It Off+1","floor":27},{"not_picked":["Feed","Offering"],"picked":"Limit Break","floor":28},{"not_picked":["Offering","Fiend Fire","Juggernaut"],"picked":"Double Tap","floor":30}],"player_experience":169901,"relics_obtained":[{"floor":6,"key":"Mummified Hand"},{"floor":9,"key":"Art of War"},{"floor":12,"key":"Dodecahedron"},{"floor":20,"key":"Oddly Smooth Stone"},{"floor":23,"key":"Charon\u0027s Ashes"},{"floor":26,"key":"The Courier"},{"floor":28,"key":"Question Card"},{"floor":30,"key":"Bottled Tornado"}],"event_choices":[{"damage_healed":0,"gold_gain":70,"player_choice":"Gained Gold","damage_taken":0,"max_hp_gain":0,"max_hp_loss":0,"event_name":"Golden Wing","floor":3,"gold_loss":0},{"cards_removed":["Entrench"],"damage_healed":0,"gold_gain":0,"player_choice":"Card Removal","damage_taken":0,"max_hp_gain":0,"max_hp_loss":0,"event_name":"The Cleric","floor":4,"gold_loss":50},{"damage_healed":0,"gold_gain":0,"player_choice":"Take Damage","damage_taken":20,"relics_obtained":["Golden Idol"],"max_hp_gain":0,"max_hp_loss":0,"event_name":"Golden Idol","floor":10,"gold_loss":0},{"cards_removed":["Flame Barrier"],"damage_healed":0,"gold_gain":0,"player_choice":"Elegance","damage_taken":0,"max_hp_gain":0,"max_hp_loss":0,"event_name":"Back to Basics","floor":19,"gold_loss":0},{"damage_healed":0,"gold_gain":0,"player_choice":"Ignored","damage_taken":0,"max_hp_gain":0,"max_hp_loss":0,"event_name":"Ghosts","floor":21,"gold_loss":0},{"damage_healed":26,"gold_gain":0,"player_choice":"Heal","damage_taken":0,"max_hp_gain":0,"max_hp_loss":0,"event_name":"The Library","floor":25,"gold_loss":0}],"is_beta":false,"boss_relics":[{"not_picked":["Black Star","Coffee Dripper"],"picked":"Philosopher\u0027s Stone"}],"items_purged_floors":[],"is_endless":false,"potions_floor_spawned":[1,2,13,14,16,23,27,28,30],"killed_by":"Champ","ascension_level":0}