{"gold_per_floor":[116,116,116,131,206,206,119,133,133,143,163,163,68,82,82,82],"floor_reached":16,"playtime":368,"items_purged":[],"score":184,"play_id":"0970c55d-23a7-4a21-b170-72eb75337320","local_time":"20190517180748","is_ascension_mode":true,"campfire_choices":[{"data":"Zap","floor":6,"key":"SMITH"},{"data":"Loop","floor":12,"key":"SMITH"},{"data":"Loop","floor":15,"key":"SMITH"}],"neow_cost":"NONE","seed_source_timestamp":1749558839430640,"circlet_count":0,"master_deck":["AscendersBane","Strike_B","Strike_B","Strike_B","Strike_B","Defend_B","Defend_B","Defend_B","Defend_B","Zap+1","Dualcast","All For One","Genetic Algorithm","Loop+1","All For One","Conserve Battery","FTL","Loop+1","Ball Lightning","Ball Lightning"],"relics":["Cracked Core","Letter Opener"],"potions_floor_usage":[16],"damage_taken":[{"damage":0,"enemies":"2 Louse","floor":1,"turns":2},{"damage":24,"enemies":"Small Slimes","floor":4,"turns":4},{"damage":2,"enemies":"Jaw Worm","floor":8,"turns":3},{"damage":11,"enemies":"Blue Slaver","floor":10,"turns":4},{"damage":0,"enemies":"2 Fungi Beasts","floor":11,"turns":2},{"damage":5,"enemies":"Large Slime","floor":14,"turns":5},{"damage":23,"enemies":"Hexaghost","floor":16,"turns":7}],"seed_played":"575264605683631805","potions_obtained":[{"floor":1,"key":"Ancient Potion"},{"floor":8,"key":"LiquidBronze"}],"is_trial":false,"path_per_floor":["M","?","?","M","?","R","$","M","T","M","M","R","$","M","R","B"],"character_chosen":"DEFECT","items_purchased":["All For One","Loop","Ball Lightning"],"campfire_rested":0,"item_purchase_floors":[7,13,13],"current_hp_per_floor":[64,64,64,40,40,40,40,38,38,27,27,27,27,22,22,0],"gold":82,"neow_bonus":"ONE_RANDOM_RARE_CARD","is_prod":false,"is_daily":false,"chose_seed":false,"campfire_upgraded":3,"win_rate":0,"timestamp":1558130868,"path_taken":["M","?","?","M","?","R","?","M","T","?","M","R","$","M","R","BOSS"],"build_version":"2019-01-23","purchased_purges":0,"victory":false,"max_hp_per_floor":[71,71,71,71,71,71,71,71,71,71,71,71,71,71,71,71],"card_choices":[{"not_picked":["Gash","Leap"],"picked":"Genetic Algorithm","floor":1},{"not_picked":["Steam","Redo"],"picked":"Loop","floor":4},{"not_picked":["Compile Driver","Skim","Sweeping Beam"],"picked":"SKIP","floor":8},{"not_picked":["Barrage","Leap"],"picked":"Conserve Battery","floor":10},{"not_picked":["Reinforced Body","Coolheaded"],"picked":"FTL","floor":11},{"not_picked":["Sweeping Beam","Multi-Cast"],"picked":"Ball Lightning","floor":14}],"player_experience":691822,"relics_obtained":[{"floor":9,"key":"Letter Opener"}],"event_choices":[{"damage_healed":0,"gold_gain":0,"player_choice":"Ignored","damage_taken":0,"max_hp_gain":0,"max_hp_loss":0,"event_name":"Golden Idol","floor":2,"gold_loss":0},{"damage_healed":0,"gold_gain":0,"player_choice":"Ignored","damage_taken":0,"max_hp_gain":0,"max_hp_loss":0,"event_name":"Liars Game","floor":3,"gold_loss":0},{"damage_healed":0,"gold_gain":75,"player_choice":"Gained Gold","damage_taken":0,"max_hp_gain":0,"max_hp_loss":0,"event_name":"Golden Wing","floor":5,"gold_loss":0}],"is_beta":false,"boss_relics":[],"items_purged_floors":[],"is_endless":false,"potions_floor_spawned":[1,8,14],"killed_by":"Hexaghost","ascension_level":20}