{"gold_per_floor":[362,362,362,372,5,32,32,32,32,32,49,49,80,96,96,168,168,188,113,113,113,128,128,144,144,224,224,11,26,45,64,64,137,137,157,157,157,171,189,189,209,227,227,227],"floor_reached":44,"playtime":1897,"items_purged":[],"score":840,"play_id":"ef2e4d54-fbaf-4244-b099-8975544865dc","local_time":"20190429161442","is_ascension_mode":true,"campfire_choices":[{"floor":7.0,"key":"REST"},{"floor":10.0,"key":"REST"},{"data":"Sadistic Nature","floor":12.0,"key":"SMITH"},{"data":"Poisoned Stab","floor":15.0,"key":"SMITH"},{"data":"Dodge and Roll","floor":23.0,"key":"SMITH"},{"data":"Sucker Punch","floor":27.0,"key":"SMITH"},{"floor":32.0,"key":"REST"},{"floor":40.0,"key":"RECALL"}],"neow_cost":"TEN_PERCENT_HP_LOSS","seed_source_timestamp":0,"circlet_count":0,"master_deck":["AscendersBane","Defend_G","Defend_G","Defend_G","Defend_G","Defend_G","Strike_G","Strike_G","Survivor","Neutralize+1","Poisoned Stab+1","Dodge and Roll+1","Sadistic Nature+1","Sucker Punch+1","Crippling Poison","Footwork+1","A Thousand Cuts+1","PiercingWail","Footwork+1","Infinite Blades+1","Accuracy+1","Envenom+1","Dagger Spray","Backflip","Die Die Die","Dodge and Roll+1","Sucker Punch+1","Leg Sweep"],"special_seed":0,"relics":["Ring of the Snake","Vajra","Frozen Egg 2","Paper Crane","Pear","Velvet Choker","Kunai","MealTicket","Sozu","Gremlin Horn"],"potions_floor_usage":[],"damage_taken":[{"damage":1.0,"enemies":"Small Slimes","floor":1.0,"turns":5.0},{"damage":6.0,"enemies":"Cultist","floor":4.0,"turns":4.0},{"damage":42.0,"enemies":"Gremlin Nob","floor":6.0,"turns":6.0},{"damage":0.0,"enemies":"Jaw Worm","floor":11.0,"turns":4.0},{"damage":6.0,"enemies":"3 Sentries","floor":13.0,"turns":9.0},{"damage":13.0,"enemies":"Exordium Wildlife","floor":14.0,"turns":4.0},{"damage":17.0,"enemies":"The Guardian","floor":16.0,"turns":15.0},{"damage":9.0,"enemies":"Spheric Guardian","floor":18.0,"turns":6.0},{"damage":0.0,"enemies":"2 Thieves","floor":22.0,"turns":5.0},{"damage":3.0,"enemies":"Cultist and Chosen","floor":24.0,"turns":7.0},{"damage":0.0,"enemies":"Snecko","floor":29.0,"turns":9.0},{"damage":11.0,"enemies":"Chosen and Byrds","floor":30.0,"turns":9.0},{"damage":0.0,"enemies":"Centurion and Healer","floor":31.0,"turns":5.0},{"damage":23.0,"enemies":"Champ","floor":33.0,"turns":20.0},{"damage":2.0,"enemies":"Orb Walker","floor":35.0,"turns":4.0},{"damage":0.0,"enemies":"3 Shapes","floor":38.0,"turns":5.0},{"damage":14.0,"enemies":"Spire Growth","floor":39.0,"turns":6.0},{"damage":35.0,"enemies":"Writhing Mass","floor":41.0,"turns":6.0},{"damage":14.0,"enemies":"Sphere and 2 Shapes","floor":42.0,"turns":6.0},{"damage":5,"enemies":"3 Darklings","floor":44,"turns":2}],"seed_played":"-7793617533082680161","potions_obtained":[{"floor":6.0,"key":"Dexterity Potion"},{"floor":11.0,"key":"Fire Potion"},{"floor":13.0,"key":"Swift Potion"},{"floor":14.0,"key":"Weak Potion"},{"floor":18.0,"key":"Fruit Juice"},{"floor":22.0,"key":"Block Potion"},{"floor":30.0,"key":"LiquidBronze"},{"floor":31.0,"key":"Ancient Potion"},{"floor":33.0,"key":"AttackPotion"}],"is_trial":false,"path_per_floor":["M","?","$","M","$","E","R","?","T","R","M","R","E","M","R","B",null,"M","?","?","?","M","R","M","T","T","R","$","M","M","M","R","B",null,"M","?","?","M","M","R","M","M","T","M"],"character_chosen":"THE_SILENT","items_purchased":["Vajra","Sadistic Nature","MealTicket"],"campfire_rested":3,"item_purchase_floors":[5,5,28],"current_hp_per_floor":[58,58,58,52,52,10,28,21,21,39,39,39,43,30,30,13,56,52,52,52,52,52,52,49,49,49,49,49,49,38,38,60,37,66,64,64,64,64,50,50,15,1,1,0],"gold":227,"neow_bonus":"TWO_FIFTY_GOLD","is_prod":false,"is_daily":false,"chose_seed":false,"campfire_upgraded":4,"win_rate":0,"timestamp":1556568882,"path_taken":["M","?","$","?","$","E","R","?","T","R","M","R","E","M","R","BOSS","M","?","?","?","M","R","M","?","T","R","$","M","M","M","R","BOSS","M","?","?","M","?","R","M","M","T","M"],"build_version":"2019-01-23","purchased_purges":0,"victory":false,"max_hp_per_floor":[60,60,60,60,60,60,60,60,60,60,60,60,70,70,70,70,70,75,75,75,75,75,75,75,75,75,75,75,75,75,75,75,75,75,75,75,75,75,75,75,75,75,75,75],"card_choices":[{"not_picked":["Deflect","Dodge and Roll"],"picked":"Poisoned Stab","floor":1.0},{"not_picked":["Prepared","Blade Dance"],"picked":"Dodge and Roll","floor":4.0},{"not_picked":["Riddle With Holes","Calculated Gamble"],"picked":"Sucker Punch","floor":6.0},{"not_picked":["Prepared","Acrobatics","Expertise"],"picked":"SKIP","floor":11.0},{"not_picked":["Eviscerate","Prepared"],"picked":"Crippling Poison","floor":13.0},{"not_picked":["Distraction","Dodge and Roll"],"picked":"Footwork+1","floor":14.0},{"not_picked":["Adrenaline","Die Die Die"],"picked":"A Thousand Cuts+1","floor":16.0},{"not_picked":["Calculated Gamble+1","Dagger Spray"],"picked":"PiercingWail","floor":18.0},{"not_picked":["Acrobatics","Slice","Cloak And Dagger"],"picked":"SKIP","floor":22.0},{"not_picked":["Prepared","Flechettes","Bane"],"picked":"SKIP","floor":24.0},{"not_picked":["Tactician","Outmaneuver","Slice"],"picked":"SKIP","floor":29.0},{"not_picked":["Tactician","Outmaneuver","Slice"],"picked":"SKIP","floor":29.0},{"not_picked":["Slice","Dodge and Roll"],"picked":"Infinite Blades+1","floor":30.0},{"not_picked":["Cloak And Dagger","Expertise"],"picked":"Accuracy+1","floor":31.0},{"not_picked":["Grand Finale","Malaise"],"picked":"Envenom+1","floor":33.0},{"not_picked":["Blade Dance","Poisoned Stab"],"picked":"Dagger Spray","floor":35.0},{"not_picked":["Acrobatics+1","Quick Slash","Flying Knee"],"picked":"SKIP","floor":38.0},{"not_picked":["Backstab","Underhanded Strike"],"picked":"Dodge and Roll+1","floor":39.0},{"not_picked":["Acrobatics","Terror+1"],"picked":"Sucker Punch+1","floor":41.0},{"not_picked":["Bouncing Flask","Heel Hook"],"picked":"Leg Sweep","floor":42.0}],"player_experience":665259,"relics_obtained":[{"floor":6.0,"key":"Frozen Egg 2"},{"floor":9.0,"key":"Paper Crane"},{"floor":13.0,"key":"Pear"},{"floor":25.0,"key":"Kunai"},{"floor":43.0,"key":"Gremlin Horn"}],"event_choices":[{"damage_healed":0.0,"max_hp_gain":0.0,"max_hp_loss":0.0,"gold_gain":0.0,"event_name":"Upgrade Shrine","player_choice":"Upgraded","floor":2.0,"gold_loss":0.0,"damage_taken":0.0,"cards_upgraded":["Neutralize"]},{"cards_removed":["Strike_G"],"damage_healed":0.0,"max_hp_gain":0.0,"max_hp_loss":0.0,"gold_gain":0.0,"event_name":"Golden Wing","player_choice":"Card Removal","floor":8.0,"gold_loss":0.0,"damage_taken":7.0},{"cards_removed":["Strike_G"],"damage_healed":0.0,"max_hp_gain":0.0,"max_hp_loss":0.0,"gold_gain":0.0,"event_name":"Beggar","player_choice":"Gave Gold","floor":19.0,"gold_loss":75.0,"damage_taken":0.0},{"damage_healed":0.0,"max_hp_gain":0.0,"max_hp_loss":0.0,"gold_gain":0.0,"event_name":"The Library","player_choice":"Read","floor":20.0,"gold_loss":0.0,"damage_taken":0.0,"cards_obtained":["Footwork"]},{"damage_healed":0.0,"max_hp_gain":0.0,"max_hp_loss":0.0,"gold_gain":0.0,"event_name":"Ghosts","player_choice":"Ignored","floor":21.0,"gold_loss":0.0,"damage_taken":0.0},{"cards_removed":["Strike_G"],"damage_healed":0.0,"max_hp_gain":0.0,"max_hp_loss":0.0,"gold_gain":0.0,"event_name":"Falling","player_choice":"Removed Attack","floor":36.0,"gold_loss":0.0,"damage_taken":0.0},{"damage_healed":0.0,"max_hp_gain":0.0,"max_hp_loss":0.0,"gold_gain":0.0,"event_name":"Match and Keep!","player_choice":"2 cards matched","floor":37.0,"gold_loss":0.0,"damage_taken":0.0,"cards_obtained":["Backflip","Die Die Die"]}],"is_beta":false,"boss_relics":[{"not_picked":["Snecko Eye","Busted Crown"],"picked":"Velvet Choker"},{"not_picked":["Pandora\u0027s Box","HoveringKite"],"picked":"Sozu"}],"items_purged_floors":[],"is_endless":false,"potions_floor_spawned":[6,11,13,14,18,22,30,31,33,39,41],"killed_by":"3 Darklings","ascension_level":20}