{"gold_per_floor":[118,63,63,63,26,56,56,71,71,71,89,89,89,141,141,141],"floor_reached":16,"playtime":177,"items_purged":[],"score":242,"play_id":"a114793a-1793-40b6-9f60-470996434046","local_time":"20190703151556","is_ascension_mode":true,"campfire_choices":[{"data":"Finisher","floor":7.0,"key":"SMITH"},{"data":"Dagger Spray","floor":10.0,"key":"SMITH"},{"data":"Neutralize","floor":13.0,"key":"SMITH"},{"data":"Footwork","floor":15.0,"key":"SMITH"}],"neow_cost":"NONE","seed_source_timestamp":5799422221196461,"circlet_count":0,"master_deck":["AscendersBane","Strike_G","Strike_G","Strike_G+1","Strike_G","Strike_G","Defend_G","Defend_G+1","Defend_G+1","Defend_G","Defend_G","Survivor","Neutralize+1","Deadly Poison+1","Sucker Punch","Finisher+1","Quick Slash","Dagger Spray+1","Footwork+1"],"special_seed":0,"relics":["Ring of the Snake","NeowsBlessing","Bag of Preparation","War Paint","Snake Skull"],"potions_floor_usage":[],"damage_taken":[{"damage":0.0,"enemies":"Cultist","floor":1.0,"turns":1.0},{"damage":0.0,"enemies":"Gremlin Nob","floor":6.0,"turns":1.0},{"damage":0.0,"enemies":"2 Louse","floor":8.0,"turns":1.0},{"damage":0.0,"enemies":"Jaw Worm","floor":11.0,"turns":1.0},{"damage":48,"enemies":"Slime Boss","floor":16,"turns":8}],"seed_played":"-662146306469822216","potions_obtained":[{"floor":8.0,"key":"Ancient Potion"}],"is_trial":false,"path_per_floor":["M","$","?","?","$","E","R","M","T","R","M","?","R","T","R","B"],"character_chosen":"THE_SILENT","items_purchased":["Sucker Punch","Finisher"],"campfire_rested":0,"item_purchase_floors":[2,5],"current_hp_per_floor":[59,59,59,64,64,64,64,64,64,64,64,43,43,43,43,0],"gold":141,"neow_bonus":"THREE_ENEMY_KILL","is_prod":false,"is_daily":false,"chose_seed":false,"campfire_upgraded":4,"win_rate":0,"timestamp":1562181356,"path_taken":["M","?","?","?","?","E","R","M","T","R","M","?","R","?","R","BOSS"],"build_version":"2019-07-01","purchased_purges":0,"victory":false,"max_hp_per_floor":[66,66,66,71,71,71,71,71,71,71,71,71,71,71,71,71],"card_choices":[{"not_picked":["Prepared","Acrobatics"],"picked":"Deadly Poison","floor":1.0},{"not_picked":["Prepared","Bane"],"picked":"Quick Slash","floor":6.0},{"not_picked":["Sucker Punch","Quick Slash"],"picked":"Dagger Spray","floor":8.0},{"not_picked":["Prepared","Flechettes"],"picked":"Footwork","floor":11.0}],"player_experience":847599,"relics_obtained":[{"floor":6.0,"key":"Bag of Preparation"},{"floor":9.0,"key":"War Paint"},{"floor":14.0,"key":"Snake Skull"}],"event_choices":[{"damage_healed":0.0,"max_hp_gain":0.0,"max_hp_loss":0.0,"gold_gain":0.0,"event_name":"The Cleric","player_choice":"Leave","floor":3.0,"gold_loss":0.0,"damage_taken":0.0},{"damage_healed":0.0,"max_hp_gain":5.0,"max_hp_loss":0.0,"gold_gain":0.0,"event_name":"Big Fish","player_choice":"Donut","floor":4.0,"gold_loss":0.0,"damage_taken":0.0},{"damage_healed":0.0,"max_hp_gain":0.0,"max_hp_loss":0.0,"gold_gain":0.0,"event_name":"Shining Light","player_choice":"Entered Light","floor":12.0,"gold_loss":0.0,"damage_taken":21.0,"cards_upgraded":["Strike_G","Defend_G"]}],"is_beta":false,"boss_relics":[],"items_purged_floors":[],"is_endless":false,"potions_floor_spawned":[8],"killed_by":"Slime Boss","ascension_level":20}