{"gold_per_floor":[363,378,307,326,345,345,379,379,405,425,445,125,189,189,189,284,284,299,318,60,71,82,82,107,127,181,197,197,53,53,53,53,53],"floor_reached":33,"playtime":885,"items_purged":[],"score":415,"play_id":"c5ebd1a1-0964-4ee1-b6a1-5480788642ed","local_time":"20180811121449","is_ascension_mode":true,"campfire_choices":[{"data":"Neutralize","floor":6.0,"key":"SMITH"},{"floor":15.0,"key":"REST"},{"floor":23,"key":"REST"},{"data":"Leg Sweep","floor":28,"key":"SMITH"},{"floor":32,"key":"REST"}],"neow_cost":"PERCENT_DAMAGE","seed_source_timestamp":2993216991189492,"circlet_count":0,"master_deck":["Defend_G","Defend_G","Defend_G","Defend_G","Defend_G","Strike_G","Strike_G","Strike_G","Strike_G","Strike_G","Survivor","Neutralize+1","Flying Knee","Leg Sweep+1","Backstab","Flying Knee","Poisoned Stab","Heel Hook","Dagger Throw","Terror","Deadly Poison","Corpse Explosion","Flying Knee","Backflip+1","Dodge and Roll","Crippling Poison+1"],"special_seed":0,"relics":["Ring of the Snake","Ancient Tea Set","Snake Skull","Bag of Marbles","Calipers","Busted Crown","Shuriken","Bag of Preparation","Orichalcum","Vajra","The Courier"],"potions_floor_usage":[21,24,24,33,33],"damage_taken":[{"damage":0.0,"enemies":"Cultist","floor":1.0,"turns":4.0},{"damage":2.0,"enemies":"Jaw Worm","floor":2.0,"turns":4.0},{"damage":1.0,"enemies":"Small Slimes","floor":4.0,"turns":3.0},{"damage":0.0,"enemies":"Blue Slaver","floor":5.0,"turns":3.0},{"damage":7.0,"enemies":"Lagavulin","floor":7.0,"turns":6.0},{"damage":0.0,"enemies":"Large Slime","floor":10.0,"turns":4.0},{"damage":0.0,"enemies":"Looter","floor":11.0,"turns":2.0},{"damage":0.0,"enemies":"Hexaghost","floor":16.0,"turns":7.0},{"damage":14,"enemies":"2 Thieves","floor":18,"turns":2},{"damage":0,"enemies":"3 Byrds","floor":19,"turns":2},{"damage":7,"enemies":"Snecko","floor":21,"turns":4},{"damage":5,"enemies":"Snake Plant","floor":22,"turns":3},{"damage":6,"enemies":"Book of Stabbing","floor":24,"turns":4},{"damage":10,"enemies":"Cultist and Chosen","floor":25,"turns":6},{"damage":8,"enemies":"Snecko","floor":27,"turns":5},{"damage":58,"enemies":"Champ","floor":33,"turns":10}],"seed_played":"-1625473777913446992","potions_obtained":[{"floor":1.0,"key":"Fire Potion"},{"floor":4.0,"key":"Block Potion"},{"floor":5.0,"key":"Dexterity Potion"},{"floor":16.0,"key":"Strength Potion"},{"floor":18,"key":"Block Potion"},{"floor":21,"key":"Strength Potion"},{"floor":24,"key":"Poison Potion"}],"is_trial":false,"path_per_floor":["M","M","$","M","M","R","E","?","T","M","M","$","?","?","R","B",null,"M","M","$","M","M","R","E","M","T","M","R","$","?","?","R"],"character_chosen":"THE_SILENT","items_purchased":["Backstab","Calipers","Deadly Poison","Shuriken","Vajra"],"campfire_rested":3,"item_purchase_floors":[3,12,12,20,29],"current_hp_per_floor":[45,43,43,42,42,42,35,2,2,2,2,2,2,7,29,29,64,50,50,50,43,38,60,54,44,44,36,36,36,36,36,58,0],"gold":53,"neow_bonus":"TWO_FIFTY_GOLD","is_prod":false,"is_daily":false,"chose_seed":false,"campfire_upgraded":2,"win_rate":0,"timestamp":1534004089,"path_taken":["M","M","$","M","?","R","E","?","T","M","M","$","?","?","R","BOSS","M","M","$","M","M","R","E","M","T","M","R","$","?","?","R","BOSS"],"build_version":"2018-08-09","purchased_purges":0,"victory":false,"max_hp_per_floor":[70,70,70,70,70,70,70,70,70,70,70,70,70,75,75,75,75,75,75,75,75,75,75,75,75,75,75,75,75,75,75,75,75],"card_choices":[{"not_picked":["Masterful Stab","Endless Agony"],"picked":"Flying Knee","floor":1.0},{"not_picked":["Masterful Stab","Deflect"],"picked":"Leg Sweep","floor":2.0},{"not_picked":["Acrobatics","Bane"],"picked":"Flying Knee","floor":4.0},{"not_picked":["Endless Agony","Slice"],"picked":"Poisoned Stab","floor":5.0},{"not_picked":["Unload","Underhanded Strike"],"picked":"Heel Hook","floor":7.0},{"not_picked":["Sucker Punch","Masterful Stab"],"picked":"Dagger Throw","floor":10.0},{"not_picked":["Acrobatics","Deflect"],"picked":"Terror","floor":11.0},{"not_picked":["Venomology","Glass Knife"],"picked":"Corpse Explosion","floor":16.0},{"not_picked":["Setup"],"picked":"SKIP","floor":18},{"not_picked":["Deflect+1"],"picked":"SKIP","floor":19},{"not_picked":[],"picked":"Flying Knee","floor":21},{"not_picked":[],"picked":"Backflip+1","floor":22},{"not_picked":["Setup+1"],"picked":"SKIP","floor":24},{"not_picked":[],"picked":"Dodge and Roll","floor":25},{"not_picked":[],"picked":"Crippling Poison+1","floor":27}],"player_experience":249009,"relics_obtained":[{"floor":7.0,"key":"Ancient Tea Set"},{"floor":9.0,"key":"Bag of Marbles"},{"floor":24,"key":"Bag of Preparation"},{"floor":26,"key":"Orichalcum"}],"event_choices":[{"event_name":"Scrap Ooze","player_choice":"success","floor":8.0,"damage_taken":33.0},{"event_name":"Golden Wing","player_choice":"Gained Gold","floor":13.0,"damage_taken":0.0},{"event_name":"Big Fish","player_choice":"Donut","floor":14.0,"damage_taken":0.0},{"event_name":"The Mausoleum","player_choice":"Yes","floor":30,"damage_taken":0},{"event_name":"Addict","player_choice":"Ignored","floor":31,"damage_taken":0}],"is_beta":false,"boss_relics":[{"not_picked":["Runic Pyramid","Velvet Choker"],"picked":"Busted Crown"}],"items_purged_floors":[],"is_endless":false,"potions_floor_spawned":[1,4,5,16,18,19,21,24],"killed_by":"Champ","ascension_level":6}