{"gold_per_floor":[119,119,133,133,133,133,196,210,235,215,228,246,274,285,285,361,361,317,317],"floor_reached":19,"playtime":883,"items_purged":[],"score":358,"play_id":"9e5657d2-dff4-402d-82b2-fcd63ec52d97","local_time":"20190616095141","is_ascension_mode":true,"campfire_choices":[{"data":"Dash","floor":6.0,"key":"SMITH"},{"floor":15,"key":"REST"}],"neow_cost":"NONE","seed_source_timestamp":176788631013300,"circlet_count":0,"master_deck":["AscendersBane","Defend_G","Defend_G","Defend_G","Defend_G","Defend_G","Strike_G","Survivor","Neutralize+1","Footwork","Dash+1","Bouncing Flask","Poisoned Stab","Well Laid Plans","Blur","Deadly Poison","Dodge and Roll","After Image","Bouncing Flask+1","Dash+1","Doppelganger+1","Bane"],"special_seed":0,"relics":["Ring of the Snake","Blood Vial","Tiny Chest","Ancient Tea Set","Regal Pillow","Astrolabe"],"potions_floor_usage":[7,14],"damage_taken":[{"damage":3.0,"enemies":"2 Louse","floor":1.0,"turns":4.0},{"damage":1.0,"enemies":"Small Slimes","floor":3.0,"turns":5.0},{"damage":23,"enemies":"Lagavulin","floor":7,"turns":13},{"damage":1,"enemies":"Cultist","floor":8,"turns":4},{"damage":5,"enemies":"Exordium Wildlife","floor":11,"turns":5},{"damage":4,"enemies":"Looter","floor":12,"turns":3},{"damage":18,"enemies":"3 Sentries","floor":13,"turns":11},{"damage":2,"enemies":"Large Slime","floor":14,"turns":6},{"damage":23,"enemies":"The Guardian","floor":16,"turns":9},{"damage":21,"enemies":"2 Thieves","floor":18,"turns":5},{"damage":24,"enemies":"Colosseum Slavers","floor":19,"turns":5}],"seed_played":"7621785291618337230","potions_obtained":[{"floor":1.0,"key":"Ancient Potion"},{"floor":7,"key":"Poison Potion"},{"floor":10,"key":"FearPotion"},{"floor":16,"key":"Block Potion"}],"is_trial":false,"path_per_floor":["M","?","M","?","?","R","E","M","T","?","M","M","E","M","R","B",null,"M","?"],"character_chosen":"THE_SILENT","items_purchased":[],"campfire_rested":1,"item_purchase_floors":[],"current_hp_per_floor":[58,51,52,52,52,52,31,32,32,32,29,27,11,11,45,24,56,37,15],"gold":317,"neow_bonus":"RANDOM_COMMON_RELIC","is_prod":false,"is_daily":false,"chose_seed":false,"campfire_upgraded":1,"win_rate":0,"timestamp":1560675101,"path_taken":["M","?","M","?","?","R","E","M","T","?","?","M","E","M","R","BOSS","M","?"],"build_version":"2019-01-23","purchased_purges":0,"victory":false,"max_hp_per_floor":[66,66,66,66,66,66,66,66,66,66,66,66,66,66,66,66,66,66,66],"card_choices":[{"not_picked":["Expertise","Deadly Poison"],"picked":"Footwork","floor":1.0},{"not_picked":["Cloak And Dagger","Blade Dance"],"picked":"Dash","floor":3.0},{"not_picked":["Terror","Burst"],"picked":"Bouncing Flask","floor":7},{"not_picked":["Dodge and Roll","Flying Knee"],"picked":"Poisoned Stab","floor":8},{"not_picked":["PiercingWail","Slice"],"picked":"Well Laid Plans","floor":11},{"not_picked":["PiercingWail","Underhanded Strike"],"picked":"Blur","floor":12},{"not_picked":["Expertise","Outmaneuver"],"picked":"Deadly Poison","floor":13},{"not_picked":["PiercingWail","Dagger Spray"],"picked":"Dodge and Roll","floor":14},{"not_picked":["Unload","Doppelganger"],"picked":"After Image","floor":16},{"not_picked":["Dagger Throw","Sucker Punch"],"picked":"Bane","floor":18}],"player_experience":1465964,"relics_obtained":[{"floor":7,"key":"Tiny Chest"},{"floor":9,"key":"Ancient Tea Set"},{"floor":13,"key":"Regal Pillow"}],"event_choices":[{"cards_removed":["Strike_G"],"damage_healed":0.0,"max_hp_gain":0.0,"max_hp_loss":0.0,"gold_gain":0.0,"event_name":"Golden Wing","player_choice":"Card Removal","floor":2.0,"gold_loss":0.0,"damage_taken":7.0},{"damage_healed":0.0,"max_hp_gain":0.0,"max_hp_loss":0.0,"gold_gain":0.0,"event_name":"Liars Game","player_choice":"Ignored","floor":4.0,"gold_loss":0.0,"damage_taken":0.0},{"damage_healed":0.0,"max_hp_gain":0.0,"max_hp_loss":0.0,"gold_gain":0.0,"event_name":"Living Wall","player_choice":"Grow","floor":5.0,"gold_loss":0.0,"damage_taken":0.0,"cards_upgraded":["Neutralize"]},{"damage_healed":0,"gold_gain":0,"player_choice":"Bought 1 Potion","damage_taken":0,"max_hp_gain":0,"max_hp_loss":0,"event_name":"The Woman in Blue","floor":10,"gold_loss":0},{"damage_healed":0,"gold_gain":0,"player_choice":"Fight","damage_taken":0,"max_hp_gain":0,"max_hp_loss":0,"event_name":"Colosseum","floor":19,"gold_loss":0},{"damage_healed":0,"gold_gain":0,"player_choice":"Fled From Nobs","damage_taken":0,"max_hp_gain":0,"max_hp_loss":0,"event_name":"Colosseum","floor":19,"gold_loss":0}],"is_beta":false,"boss_relics":[{"not_picked":["Ectoplasm","Coffee Dripper"],"picked":"Astrolabe"}],"items_purged_floors":[],"is_endless":false,"potions_floor_spawned":[1,7,16],"killed_by":"Colosseum Slavers","ascension_level":20}