{"gold_per_floor":[213,213,14,32,46,74,74,102,102,102,116,116,128,139,139,139],"floor_reached":16,"playtime":483,"items_purged":[],"score":224,"play_id":"d1dc6b0e-ddb0-491f-9605-4785f1fcee93","local_time":"20190624193142","is_ascension_mode":true,"campfire_choices":[{"data":"Combust","floor":7,"key":"SMITH"},{"floor":10,"key":"REST"},{"data":"Uppercut","floor":15,"key":"SMITH"}],"neow_cost":"NONE","seed_source_timestamp":5037033913850866,"circlet_count":0,"master_deck":["AscendersBane","Strike_R","Strike_R","Strike_R","Strike_R","Strike_R","Defend_R","Defend_R","Defend_R","Defend_R","Bash","Iron Wave","Shrug It Off","Cleave","Sword Boomerang","Combust+1","Uppercut+1","Perfected Strike","Headbutt"],"relics":["Burning Blood","Happy Flower","Pear","Regal Pillow","Singing Bowl"],"potions_floor_usage":[6,8,16],"damage_taken":[{"damage":21,"enemies":"Jaw Worm","floor":1,"turns":6},{"damage":0,"enemies":"Small Slimes","floor":4,"turns":6},{"damage":7,"enemies":"Cultist","floor":5,"turns":4},{"damage":27,"enemies":"Gremlin Nob","floor":6,"turns":4},{"damage":42,"enemies":"Lagavulin","floor":8,"turns":8},{"damage":11,"enemies":"Exordium Wildlife","floor":11,"turns":2},{"damage":14,"enemies":"Blue Slaver","floor":13,"turns":5},{"damage":17,"enemies":"Lots of Slimes","floor":14,"turns":3},{"damage":29,"enemies":"Hexaghost","floor":16,"turns":9}],"seed_played":"2775501334821974437","potions_obtained":[{"floor":1,"key":"Strength Potion"},{"floor":4,"key":"Poison Potion"},{"floor":13,"key":"Energy Potion"},{"floor":14,"key":"Energy Potion"}],"is_trial":false,"path_per_floor":["M","?","$","M","M","E","R","E","T","R","M","$","M","M","R","B"],"character_chosen":"IRONCLAD","items_purchased":["Happy Flower","Shrug It Off"],"campfire_rested":1,"item_purchase_floors":[3,3],"current_hp_per_floor":[53,53,53,59,58,47,47,11,11,51,48,48,40,29,29,0],"gold":139,"neow_bonus":"HUNDRED_GOLD","is_prod":false,"is_daily":false,"chose_seed":false,"campfire_upgraded":2,"win_rate":0,"timestamp":1561419102,"path_taken":["M","?","$","M","M","E","R","E","T","R","M","$","M","M","R","BOSS"],"build_version":"2019-06-21","purchased_purges":0,"victory":false,"max_hp_per_floor":[75,75,75,75,75,85,85,85,85,85,87,87,87,87,87,87],"card_choices":[{"not_picked":["Power Through","Wild Strike"],"picked":"Iron Wave","floor":1},{"not_picked":["Pommel Strike","Thunderclap"],"picked":"Cleave","floor":4},{"not_picked":["Flex","Disarm"],"picked":"Sword Boomerang","floor":5},{"not_picked":["Wild Strike","Fiend Fire"],"picked":"Combust","floor":6},{"not_picked":["Body Slam","True Grit"],"picked":"Uppercut","floor":8},{"not_picked":["Uppercut","Warcry","Body Slam"],"picked":"Singing Bowl","floor":11},{"not_picked":["Rage","Heavy Blade"],"picked":"Perfected Strike","floor":13},{"not_picked":["Fire Breathing","Thunderclap"],"picked":"Headbutt","floor":14}],"player_experience":776090,"relics_obtained":[{"floor":6,"key":"Pear"},{"floor":8,"key":"Regal Pillow"},{"floor":9,"key":"Singing Bowl"}],"event_choices":[{"damage_healed":0,"gold_gain":0,"player_choice":"Ignored","damage_taken":0,"max_hp_gain":0,"max_hp_loss":0,"event_name":"Liars Game","floor":2,"gold_loss":0}],"is_beta":true,"boss_relics":[],"items_purged_floors":[],"is_endless":false,"potions_floor_spawned":[1,4,13,14],"killed_by":"Hexaghost","ascension_level":20}