{"gold_per_floor":[112,112,130,146,157,183,203,236,260,279,298,363,373,15,15,119,119,129,148,148,168,178,178,178,178,178,178,42,53,84,98,98,195,195,212,212,226,245,245,272,272,0,0,0,10,10,43,63,63,63],"floor_reached":51,"playtime":2715,"items_purged":[],"score":1299,"play_id":"b9c84ed6-164e-45eb-a2a9-5f033e565ba6","local_time":"20180719201946","is_ascension_mode":true,"campfire_choices":[{"data":"Defragment","floor":15.0,"key":"SMITH"},{"floor":23.0,"key":"REST"},{"floor":25.0,"key":"REST"},{"data":"Coolheaded","floor":27.0,"key":"SMITH"},{"floor":32.0,"key":"REST"},{"floor":41.0,"key":"REST"},{"floor":44.0,"key":"REST"},{"floor":49.0,"key":"REST"}],"neow_cost":"NONE","seed_source_timestamp":1033637959143696,"circlet_count":0,"master_deck":["Zap+1","Dualcast","Conserve Battery","Auto Shields","Coolheaded","Electrodynamics","Ball Lightning","Conserve Battery","Cold Snap","Consume","Defragment+1","Cold Snap","Echo Form","Coolheaded+1","Stack","Chill","Ball Lightning","Gash+1","Gash","Ball Lightning","Ball Lightning","Core Surge","Leap","Stack","Stack","Conserve Battery","Redo+1","Sunder+1","Leap+1","Leap+1","All For One","Coolheaded","Leap","Cold Snap+1","Double Energy+1","Conserve Battery","Reinforced Body","Darkness","Gash+1"],"special_seed":0,"relics":["Cracked Core","DataDisk","Boot","Art of War","Orichalcum","Tiny Chest","Lee\u0027s Waffle","Bronze Scales","Pandora\u0027s Box","Pantograph","Dream Catcher","Astrolabe","Unceasing Top","Lantern","Red Mask","Gremlin Horn","Bag of Marbles"],"potions_floor_usage":[50],"damage_taken":[{"damage":0.0,"enemies":"Small Slimes","floor":1.0,"turns":3.0},{"damage":6.0,"enemies":"Cultist","floor":3.0,"turns":3.0},{"damage":2.0,"enemies":"Jaw Worm","floor":4.0,"turns":2.0},{"damage":0.0,"enemies":"2 Fungi Beasts","floor":5.0,"turns":3.0},{"damage":8.0,"enemies":"3 Sentries","floor":6.0,"turns":9.0},{"damage":0.0,"enemies":"Looter","floor":7.0,"turns":3.0},{"damage":3.0,"enemies":"Lagavulin","floor":8.0,"turns":6.0},{"damage":8.0,"enemies":"Gremlin Gang","floor":10.0,"turns":2.0},{"damage":10.0,"enemies":"Exordium Thugs","floor":11.0,"turns":2.0},{"damage":12.0,"enemies":"Gremlin Nob","floor":12.0,"turns":4.0},{"damage":8.0,"enemies":"Blue Slaver","floor":13.0,"turns":2.0},{"damage":6.0,"enemies":"The Guardian","floor":16.0,"turns":10.0},{"damage":20.0,"enemies":"2 Thieves","floor":18.0,"turns":4.0},{"damage":0.0,"enemies":"3 Byrds","floor":19.0,"turns":2.0},{"damage":26.0,"enemies":"Snake Plant","floor":21.0,"turns":3.0},{"damage":0.0,"enemies":"Chosen and Byrds","floor":22.0,"turns":4.0},{"damage":0.0,"enemies":"Cultist and Chosen","floor":29.0,"turns":5.0},{"damage":37.0,"enemies":"Gremlin Leader","floor":30.0,"turns":5.0},{"damage":18.0,"enemies":"Snecko","floor":31.0,"turns":5.0},{"damage":55.0,"enemies":"Automaton","floor":33.0,"turns":8.0},{"damage":8.0,"enemies":"Orb Walker","floor":35.0,"turns":4.0},{"damage":12.0,"floor":36.0,"turns":7.0},{"damage":6.0,"enemies":"3 Darklings","floor":37.0,"turns":3.0},{"damage":13.0,"enemies":"Sphere and 2 Shapes","floor":38.0,"turns":3.0},{"damage":16.0,"enemies":"2 Orb Walkers","floor":40.0,"turns":4.0},{"damage":24.0,"enemies":"Maw","floor":45.0,"turns":8.0},{"damage":44.0,"enemies":"Giant Head","floor":47.0,"turns":11.0},{"damage":0.0,"enemies":"4 Shapes","floor":48.0,"turns":7.0},{"damage":60,"enemies":"Awakened One","floor":50,"turns":17}],"seed_played":"2601279519778053285","potions_obtained":[{"floor":4.0,"key":"Regen Potion"},{"floor":5.0,"key":"Block Potion"},{"floor":7.0,"key":"Energy Potion"},{"floor":8.0,"key":"Block Potion"},{"floor":16.0,"key":"EssenceOfSteel"},{"floor":22.0,"key":"EssenceOfSteel"},{"floor":31.0,"key":"SpeedPotion"},{"floor":35.0,"key":"FocusPotion"},{"floor":48.0,"key":"FearPotion"}],"is_trial":false,"path_per_floor":["M","?","M","M","M","E","M","E","T","M","M","E","M","$","R","B",null,"M","M","?","M","M","R","?","R","T","R","$","M","E","M","R","B",null,"M","?","M","M","?","E","R","?","T","R","M","$","E","M","R","B"],"character_chosen":"DEFECT","items_purchased":["Lee\u0027s Waffle","Bronze Scales","Core Surge"],"campfire_rested":6,"item_purchase_floors":[14,14,28],"current_hp_per_floor":[68,68,62,60,60,67,67,64,64,56,46,34,26,82,82,76,81,61,61,61,35,35,59,51,75,75,75,75,75,38,20,44,21,67,59,70,64,51,51,35,59,59,59,82,58,58,14,14,38,3],"gold":63,"neow_bonus":"RANDOM_COMMON_RELIC","is_prod":false,"is_daily":false,"chose_seed":false,"campfire_upgraded":2,"win_rate":0,"timestamp":1532045986,"path_taken":["M","?","M","M","M","E","M","E","T","M","M","E","?","$","R","BOSS","M","M","?","M","M","R","?","R","T","R","?","M","E","M","R","BOSS","M","?","M","?","?","E","R","?","T","R","M","$","E","M","R","BOSS"],"build_version":"2018-07-12","purchased_purges":0,"victory":true,"max_hp_per_floor":[75,75,75,75,75,75,75,75,75,75,75,75,75,82,82,82,82,82,82,82,82,82,82,82,82,82,82,82,82,82,82,82,82,82,82,82,82,82,82,82,82,82,82,82,82,82,82,82,82,82],"card_choices":[{"not_picked":["Stack","Tempest"],"picked":"Conserve Battery","floor":1.0},{"not_picked":["Fusion","Stack","White Noise"],"picked":"SKIP","floor":3.0},{"not_picked":["Hologram","Chill"],"picked":"Auto Shields","floor":4.0},{"not_picked":["Redo","Auto Shields"],"picked":"Coolheaded","floor":5.0},{"not_picked":["Hello World","Cold Snap"],"picked":"Electrodynamics","floor":6.0},{"not_picked":["Hologram","Compile Driver"],"picked":"Ball Lightning","floor":7.0},{"not_picked":["Tempest","Biased Cognition"],"picked":"Conserve Battery","floor":8.0},{"not_picked":["Aggregate","Go for the Eyes"],"picked":"Cold Snap","floor":10.0},{"not_picked":["Steam","Hello World"],"picked":"Consume","floor":11.0},{"not_picked":["Stack","Go for the Eyes"],"picked":"Defragment","floor":12.0},{"not_picked":["Sweeping Beam","Steam"],"picked":"Cold Snap","floor":13.0},{"not_picked":["Creative AI","Fission"],"picked":"Echo Form","floor":16.0},{"not_picked":["Cold Snap","Beam Cell"],"picked":"Gash+1","floor":18.0},{"not_picked":["White Noise","Barrage+1"],"picked":"Gash","floor":19.0},{"not_picked":["Hologram","Amplify"],"picked":"Ball Lightning","floor":21.0},{"not_picked":["BootSequence","Redo"],"picked":"Ball Lightning","floor":22.0},{"not_picked":["Streamline","Force Field"],"picked":"Leap","floor":29.0},{"not_picked":["Skim","Ball Lightning"],"picked":"Stack","floor":30.0},{"not_picked":["Blizzard","Redo"],"picked":"Stack","floor":31.0},{"not_picked":["Hologram","Cold Snap"],"picked":"Conserve Battery","floor":32.0},{"not_picked":["Turbo+1","Rebound+1","Compile Driver"],"picked":"SKIP","floor":35.0},{"not_picked":["Undo","Turbo"],"picked":"Leap+1","floor":36.0},{"not_picked":["Compile Driver+1","Streamline+1"],"picked":"All For One","floor":37.0},{"not_picked":["Redo+1","Sweeping Beam+1","Hello World+1"],"picked":"SKIP","floor":38.0},{"not_picked":["Streamline+1","Barrage"],"picked":"Leap","floor":40.0},{"not_picked":["Barrage","Compile Driver"],"picked":"Cold Snap+1","floor":41.0},{"not_picked":["Force Field+1","Redo+1"],"picked":"Double Energy+1","floor":44.0},{"not_picked":["Sweeping Beam+1","Beam Cell+1"],"picked":"Conserve Battery","floor":45.0},{"not_picked":["Conserve Battery","Electrodynamics"],"picked":"Reinforced Body","floor":47.0},{"not_picked":["Coolheaded+1","FTL"],"picked":"Darkness","floor":48.0},{"not_picked":["Sweeping Beam+1","Leap+1"],"picked":"Gash+1","floor":49.0}],"player_experience":132281,"relics_obtained":[{"floor":6.0,"key":"Boot"},{"floor":8.0,"key":"Art of War"},{"floor":9.0,"key":"Orichalcum"},{"floor":12.0,"key":"Tiny Chest"},{"floor":26.0,"key":"Pantograph"},{"floor":30.0,"key":"Dream Catcher"},{"floor":36.0,"key":"Unceasing Top"},{"floor":40.0,"key":"Lantern"},{"floor":43.0,"key":"Gremlin Horn"},{"floor":47.0,"key":"Bag of Marbles"}],"event_choices":[{"event_name":"Accursed Blacksmith","player_choice":"Forge","floor":2.0,"damage_taken":0.0},{"event_name":"Drug Dealer","player_choice":"Ignored","floor":20.0,"damage_taken":0.0},{"event_name":"Knowing Skull","player_choice":"","floor":24.0,"damage_taken":0.0},{"event_name":"MindBloom","player_choice":"Fight","floor":36.0,"damage_taken":0.0},{"event_name":"Transmorgrifier","player_choice":"Transform","floor":39.0,"damage_taken":0.0},{"event_name":"Tomb of Lord Red Mask","player_choice":"Paid","floor":42.0,"damage_taken":0.0}],"boss_relics":[{"not_picked":["Sozu","Runic Dome"],"picked":"Pandora\u0027s Box"},{"not_picked":["Fusion Hammer","Calling Bell"],"picked":"Astrolabe"}],"items_purged_floors":[],"is_endless":false,"potions_floor_spawned":[4,5,7,8,11,16,19,22,31,35,38,48],"ascension_level":6}