{"gold_per_floor":[116,116,128,128,53,80,80,108,156,176,190,24,0,0,0,75,75,94,111,124,124,49,49,68,88,112,146,146,163,188,205,205,278,278,297,397,397,412,105,105,136,146,146,59,0,0,12,12,12,12,12],"floor_reached":52,"playtime":3203,"items_purged":["Strike_R","Pain"],"score":1810,"play_id":"1941beb1-8013-41a2-912c-f68533bce952","local_time":"20190522162052","is_ascension_mode":true,"campfire_choices":[{"floor":7.0,"key":"REST"},{"floor":15.0,"key":"REST"},{"data":"Immolate","floor":23.0,"key":"SMITH"},{"floor":28.0,"key":"REST"},{"data":"Spot Weakness","floor":32.0,"key":"SMITH"},{"data":"Barricade","floor":40.0,"key":"SMITH"},{"floor":49,"key":"REST"}],"neow_cost":"NONE","seed_source_timestamp":75127472513500,"circlet_count":0,"master_deck":["AscendersBane","Strike_R","Strike_R","Defend_R","Defend_R+1","Defend_R","Defend_R+1","Bash+1","Dropkick+1","Flame Barrier+1","Pommel Strike","Battle Trance","Thunderclap","Immolate+1","Spot Weakness+1","Metallicize","Flame Barrier","Impervious","Disarm+1","Barricade+1","Shockwave+1","Metallicize","Master of Strategy","Intimidate+1","Whirlwind+1","Entrench"],"special_seed":0,"relics":["Burning Blood","Red Skull","War Paint","Lantern","Vajra","Velvet Choker","Regal Pillow","Oddly Smooth Stone","Dodecahedron","Philosopher\u0027s Stone","Mango","WarpedTongs","Juzu Bracelet","Mummified Hand","Red Mask"],"potions_floor_usage":[51],"damage_taken":[{"damage":11.0,"enemies":"Jaw Worm","floor":1.0,"turns":5.0},{"damage":8.0,"enemies":"2 Louse","floor":3.0,"turns":3.0},{"damage":31.0,"enemies":"Gremlin Nob","floor":6.0,"turns":4.0},{"damage":25.0,"enemies":"3 Sentries","floor":8.0,"turns":8.0},{"damage":0.0,"enemies":"Small Slimes","floor":10.0,"turns":3.0},{"damage":0.0,"enemies":"Exordium Wildlife","floor":11.0,"turns":2.0},{"damage":32.0,"enemies":"Hexaghost","floor":16.0,"turns":8.0},{"damage":19.0,"enemies":"Shell Parasite","floor":18.0,"turns":4.0},{"damage":0.0,"enemies":"Chosen","floor":19.0,"turns":2.0},{"damage":20.0,"enemies":"Snecko","floor":20.0,"turns":4.0},{"damage":0.0,"enemies":"Centurion and Healer","floor":24.0,"turns":4.0},{"damage":18.0,"enemies":"Shelled Parasite and Fungi","floor":25.0,"turns":6.0},{"damage":7.0,"enemies":"Book of Stabbing","floor":27.0,"turns":3.0},{"damage":7.0,"enemies":"Snake Plant","floor":29.0,"turns":2.0},{"damage":18.0,"enemies":"Gremlin Leader","floor":30.0,"turns":5.0},{"damage":10.0,"enemies":"Centurion and Healer","floor":31.0,"turns":6.0},{"damage":25.0,"enemies":"Champ","floor":33.0,"turns":10.0},{"damage":7.0,"enemies":"3 Darklings","floor":35.0,"turns":5.0},{"damage":0.0,"enemies":"Mind Bloom Boss Battle","floor":36.0,"turns":7.0},{"damage":37.0,"enemies":"3 Shapes","floor":38.0,"turns":5.0},{"damage":22,"enemies":"Giant Head","floor":41,"turns":8},{"damage":0,"enemies":"Maw","floor":42,"turns":7},{"damage":1,"enemies":"Writhing Mass","floor":47,"turns":10},{"damage":13,"enemies":"Time Eater","floor":50,"turns":18},{"damage":76,"enemies":"Donu and Deca","floor":51,"turns":11}],"seed_played":"4585497293720243051","potions_obtained":[{"floor":1.0,"key":"Energy Potion"},{"floor":3.0,"key":"SteroidPotion"},{"floor":8.0,"key":"SteroidPotion"},{"floor":18.0,"key":"GamblersBrew"},{"floor":20.0,"key":"Fire Potion"},{"floor":29.0,"key":"FearPotion"},{"floor":36.0,"key":"LiquidBronze"},{"floor":41,"key":"SmokeBomb"}],"is_trial":false,"path_per_floor":["M","?","M","?","?","E","R","E","T","M","M","$","?","$","R","B",null,"M","M","M","?","$","R","M","M","T","E","R","M","E","M","R","B",null,"M","?","?","M","$","R","E","M","T","$","?","?","M","?","R","B","B",null],"character_chosen":"IRONCLAD","items_purchased":["Vajra","Master of Strategy","Entrench"],"campfire_rested":4,"item_purchase_floors":[12,39,44],"current_hp_per_floor":[63,63,61,38,38,13,35,16,16,22,28,28,28,28,50,24,62,49,55,41,41,41,41,47,35,35,34,71,70,58,54,54,35,65,64,84,84,53,53,53,37,43,43,43,43,43,48,48,89,82,12],"gold":12,"neow_bonus":"UPGRADE_CARD","is_prod":false,"is_daily":false,"chose_seed":false,"campfire_upgraded":3,"win_rate":0,"timestamp":1558538452,"path_taken":["M","?","M","?","?","E","R","E","T","?","?","$","?","?","R","BOSS","M","M","?","?","$","R","M","?","T","E","R","M","E","M","R","BOSS","M","?","?","?","$","R","E","M","T","$","?","?","M","?","R","BOSS","BOSS"],"build_version":"2019-01-23","purchased_purges":2,"victory":true,"max_hp_per_floor":[75,75,75,75,75,75,75,75,75,75,75,75,75,75,75,75,75,75,75,75,75,75,75,75,75,75,75,75,75,75,75,75,75,75,75,89,89,89,89,89,89,89,89,89,89,89,89,89,89,89,89],"card_choices":[{"not_picked":["Second Wind","Shrug It Off"],"picked":"Dropkick","floor":1.0},{"not_picked":["Body Slam","Clash"],"picked":"Flame Barrier","floor":3.0},{"not_picked":["Body Slam","Reckless Charge"],"picked":"Pommel Strike","floor":6.0},{"not_picked":["Power Through","Infernal Blade","Berserk"],"picked":"SKIP","floor":8.0},{"not_picked":["Feel No Pain","Warcry"],"picked":"Battle Trance","floor":10.0},{"not_picked":["Cleave","Battle Trance"],"picked":"Thunderclap","floor":11.0},{"not_picked":["Bludgeon","Impervious"],"picked":"Immolate","floor":16.0},{"not_picked":["Uppercut","Warcry"],"picked":"Spot Weakness","floor":18.0},{"not_picked":["Clash","Headbutt","Perfected Strike"],"picked":"SKIP","floor":19.0},{"not_picked":["Corruption","True Grit"],"picked":"Metallicize","floor":20.0},{"not_picked":["Pommel Strike","Wild Strike"],"picked":"Flame Barrier","floor":24.0},{"not_picked":["Spot Weakness","Second Wind","Clash+1"],"picked":"SKIP","floor":25.0},{"not_picked":["Iron Wave+1","Headbutt"],"picked":"Impervious","floor":27.0},{"not_picked":["Clash","Sword Boomerang"],"picked":"Disarm+1","floor":29.0},{"not_picked":["Ghostly Armor","Dark Embrace","Sentinel"],"picked":"SKIP","floor":30.0},{"not_picked":["Anger","Shockwave","True Grit"],"picked":"SKIP","floor":31.0},{"not_picked":["Bludgeon","Berserk"],"picked":"Barricade","floor":33.0},{"not_picked":["Battle Trance","Anger+1"],"picked":"Shockwave+1","floor":35.0},{"not_picked":["Ghostly Armor","Carnage"],"picked":"Metallicize","floor":36.0},{"not_picked":["Thunderclap","Second Wind","Twin Strike"],"picked":"SKIP","floor":38.0},{"not_picked":["Iron Wave","Rupture+1"],"picked":"Intimidate+1","floor":41},{"not_picked":["Dropkick+1","Shrug It Off+1"],"picked":"Whirlwind+1","floor":42},{"not_picked":["Twin Strike","Headbutt","Cleave+1"],"picked":"SKIP","floor":47}],"player_experience":1379283,"relics_obtained":[{"floor":6.0,"key":"Red Skull"},{"floor":8.0,"key":"War Paint"},{"floor":9.0,"key":"Lantern"},{"floor":26.0,"key":"Regal Pillow"},{"floor":27.0,"key":"Oddly Smooth Stone"},{"floor":30.0,"key":"Dodecahedron"},{"floor":36.0,"key":"Mango"},{"floor":41,"key":"Juzu Bracelet"},{"floor":43,"key":"Mummified Hand"}],"event_choices":[{"damage_healed":0.0,"max_hp_gain":0.0,"max_hp_loss":0.0,"gold_gain":0.0,"event_name":"Liars Game","player_choice":"Ignored","floor":2.0,"gold_loss":0.0,"damage_taken":0.0},{"damage_healed":0.0,"max_hp_gain":0.0,"max_hp_loss":0.0,"gold_gain":0.0,"event_name":"Shining Light","player_choice":"Entered Light","floor":4.0,"gold_loss":0.0,"damage_taken":23.0,"cards_upgraded":["Flame Barrier","Dropkick"]},{"cards_removed":["Strike_R"],"damage_healed":0.0,"max_hp_gain":0.0,"max_hp_loss":0.0,"gold_gain":0.0,"event_name":"The Cleric","player_choice":"Card Removal","floor":5.0,"gold_loss":75.0,"damage_taken":0.0},{"damage_healed":0.0,"max_hp_gain":0.0,"max_hp_loss":0.0,"gold_gain":0.0,"event_name":"World of Goop","player_choice":"Left Gold","floor":13.0,"gold_loss":24.0,"damage_taken":0.0},{"damage_healed":0.0,"max_hp_gain":0.0,"max_hp_loss":0.0,"gold_gain":0.0,"event_name":"N\u0027loth","player_choice":"Ignored","floor":21.0,"gold_loss":0.0,"damage_taken":0.0},{"damage_healed":0.0,"max_hp_gain":0.0,"max_hp_loss":0.0,"gold_gain":0.0,"event_name":"MindBloom","player_choice":"Fight","floor":36.0,"gold_loss":0.0,"damage_taken":0.0},{"damage_healed":0.0,"max_hp_gain":0.0,"max_hp_loss":0.0,"gold_gain":0.0,"event_name":"Accursed Blacksmith","player_choice":"Rummage","floor":37.0,"gold_loss":0.0,"damage_taken":0.0,"relics_obtained":["WarpedTongs"],"cards_obtained":["Pain"]},{"damage_healed":0,"gold_gain":0,"player_choice":"Paid","damage_taken":0,"relics_obtained":["Red Mask"],"max_hp_gain":0,"max_hp_loss":0,"event_name":"Tomb of Lord Red Mask","floor":45,"gold_loss":59},{"damage_healed":0,"gold_gain":0,"player_choice":"Memory 1","damage_taken":0,"max_hp_gain":0,"max_hp_loss":0,"event_name":"SensoryStone","floor":46,"gold_loss":0},{"cards_removed":["Strike_R"],"damage_healed":0,"gold_gain":0,"player_choice":"Card Removal","damage_taken":0,"max_hp_gain":0,"max_hp_loss":0,"event_name":"Wheel of Change","floor":48,"gold_loss":0}],"is_beta":false,"boss_relics":[{"not_picked":["Runic Pyramid","Coffee Dripper"],"picked":"Velvet Choker"},{"not_picked":["Fusion Hammer","Eternal Feather"],"picked":"Philosopher\u0027s Stone"}],"items_purged_floors":[22,39],"is_endless":false,"potions_floor_spawned":[1,3,8,18,20,29,31,36,41,47],"ascension_level":20}