{"gold_per_floor":[112,129,142,167,191,216,91,119,119,119,145,161,173,183,183,257,257,267,267,28,28,45,79,99,124,171,226,226,250,262,274,286,298],"floor_reached":33,"playtime":1233,"items_purged":[],"score":796,"play_id":"60f972c8-97b6-43ba-8f95-1b7c09b6c832","local_time":"20190226061555","is_ascension_mode":true,"campfire_choices":[{"data":"Finisher","floor":10,"key":"SMITH"},{"data":"Poisoned Stab","floor":15,"key":"SMITH"},{"data":"Mind Blast","floor":28,"key":"SMITH"},{"data":"Leg Sweep","floor":30,"key":"SMITH"},{"floor":32,"key":"REST"}],"neow_cost":"NONE","seed_source_timestamp":18613637663400,"circlet_count":0,"master_deck":["AscendersBane","Defend_G","Defend_G","Defend_G","Defend_G","Defend_G","Strike_G","Strike_G","Strike_G","Strike_G+1","Survivor","Neutralize","Backstab+1","Finisher+1","Poisoned Stab+1","Leg Sweep+1","Mind Blast+1","Backflip","Tools of the Trade","Heel Hook","Slice","Adrenaline","All Out Attack","Glass Knife","Escape Plan","Terror","Infinite Blades","Caltrops","Footwork","RitualDagger","Poisoned Stab"],"relics":["Ring of the Snake","NeowsBlessing","PreservedInsect","Vajra","Strawberry","Anchor","Dream Catcher","Black Star","Pen Nib","Happy Flower","Juzu Bracelet","Matryoshka","Smiling Mask","Potion Belt","Whetstone","Gremlin Horn","Tiny Chest","Bottled Lightning","MawBank"],"potions_floor_usage":[8,16,18,24,25],"damage_taken":[{"damage":0,"enemies":"Cultist","floor":1,"turns":1},{"damage":0,"enemies":"Jaw Worm","floor":2,"turns":1},{"damage":0,"enemies":"2 Louse","floor":3,"turns":1},{"damage":8,"enemies":"Gremlin Nob","floor":6,"turns":3},{"damage":5,"enemies":"3 Sentries","floor":8,"turns":4},{"damage":6,"enemies":"Gremlin Nob","floor":11,"turns":3},{"damage":1,"enemies":"Looter","floor":12,"turns":2},{"damage":0,"enemies":"Lots of Slimes","floor":13,"turns":4},{"damage":2,"enemies":"Exordium Thugs","floor":14,"turns":4},{"damage":23,"enemies":"The Guardian","floor":16,"turns":19},{"damage":0,"enemies":"2 Thieves","floor":18,"turns":3},{"damage":8,"enemies":"Shell Parasite","floor":22,"turns":6},{"damage":0,"enemies":"Gremlin Leader","floor":23,"turns":5},{"damage":21,"enemies":"Shelled Parasite and Fungi","floor":24,"turns":4},{"damage":0,"enemies":"Slavers","floor":25,"turns":3},{"damage":0,"enemies":"Gremlin Leader","floor":27,"turns":3},{"damage":67,"enemies":"Automaton","floor":33,"turns":6}],"seed_played":"-7816644330336390216","potions_obtained":[{"floor":3,"key":"SpeedPotion"},{"floor":6,"key":"Explosive Potion"},{"floor":11,"key":"GamblersBrew"},{"floor":14,"key":"PowerPotion"},{"floor":16,"key":"Fire Potion"},{"floor":18,"key":"AttackPotion"},{"floor":24,"key":"EssenceOfSteel"}],"is_trial":false,"path_per_floor":["M","M","M","T","T","E","$","E","T","R","E","M","M","M","R","B",null,"M","?","$","?","M","E","M","E","T","E","R","T","R","?","R","B"],"character_chosen":"THE_SILENT","items_purchased":["Mind Blast","Backflip","Pen Nib","Terror"],"campfire_rested":1,"item_purchase_floors":[7,7,20,20],"current_hp_per_floor":[59,59,59,59,59,51,51,53,53,53,47,46,46,44,44,21,60,60,60,60,60,52,52,31,31,31,31,31,31,31,25,46,0],"gold":298,"neow_bonus":"THREE_ENEMY_KILL","is_prod":false,"is_daily":false,"chose_seed":false,"campfire_upgraded":4,"win_rate":0,"timestamp":1551190555,"path_taken":["M","M","?","?","?","E","?","E","T","R","E","M","M","?","R","BOSS","M","?","$","?","?","E","M","E","T","E","R","?","R","?","R","BOSS"],"build_version":"2019-01-23","purchased_purges":0,"victory":false,"max_hp_per_floor":[66,66,66,66,66,66,66,73,73,73,73,73,73,73,73,73,73,73,73,73,73,73,73,73,73,73,73,73,73,73,73,73,73],"card_choices":[{"not_picked":["Prepared","Well Laid Plans"],"picked":"Backstab","floor":1},{"not_picked":["Leg Sweep","Poisoned Stab"],"picked":"Finisher","floor":2},{"not_picked":["Skewer","Dagger Throw"],"picked":"Poisoned Stab","floor":3},{"not_picked":["Predator","Outmaneuver"],"picked":"Leg Sweep","floor":6},{"not_picked":["Poisoned Stab","Bane"],"picked":"Tools of the Trade","floor":8},{"not_picked":["Sucker Punch","Endless Agony"],"picked":"Heel Hook","floor":11},{"not_picked":["Deadly Poison","Expertise"],"picked":"Slice","floor":12},{"not_picked":["Dagger Throw","Deflect"],"picked":"Adrenaline","floor":13},{"not_picked":["Flechettes","Concentrate"],"picked":"All Out Attack","floor":14},{"not_picked":["After Image","Grand Finale"],"picked":"Glass Knife","floor":16},{"not_picked":["Prepared","Sucker Punch"],"picked":"Escape Plan","floor":18},{"not_picked":["Terror","Acrobatics"],"picked":"Infinite Blades","floor":22},{"not_picked":["Quick Slash","Dagger Spray"],"picked":"Caltrops","floor":23},{"not_picked":["Quick Slash","Slice"],"picked":"Footwork","floor":24},{"not_picked":["Outmaneuver","Flying Knee","Acrobatics"],"picked":"SKIP","floor":25},{"not_picked":["Dodge and Roll","Night Terror","Backflip"],"picked":"SKIP","floor":27},{"not_picked":["Outmaneuver","Terror"],"picked":"Poisoned Stab","floor":32}],"player_experience":1204356,"relics_obtained":[{"floor":5,"key":"PreservedInsect"},{"floor":6,"key":"Vajra"},{"floor":8,"key":"Strawberry"},{"floor":9,"key":"Anchor"},{"floor":11,"key":"Dream Catcher"},{"floor":23,"key":"Happy Flower"},{"floor":23,"key":"Juzu Bracelet"},{"floor":25,"key":"Matryoshka"},{"floor":25,"key":"Smiling Mask"},{"floor":26,"key":"Potion Belt"},{"floor":26,"key":"Whetstone"},{"floor":27,"key":"Gremlin Horn"},{"floor":27,"key":"Tiny Chest"},{"floor":29,"key":"Bottled Lightning"},{"floor":29,"key":"MawBank"}],"event_choices":[{"damage_healed":0,"gold_gain":0,"player_choice":"Ignored","damage_taken":0,"max_hp_gain":0,"max_hp_loss":0,"event_name":"Ghosts","floor":19,"gold_loss":0},{"cards_removed":["Strike_G"],"damage_healed":0,"gold_gain":0,"player_choice":"Purged","damage_taken":0,"max_hp_gain":0,"max_hp_loss":0,"event_name":"Purifier","floor":21,"gold_loss":0},{"damage_healed":0,"gold_gain":0,"player_choice":"Joined the Cult","damage_taken":6,"max_hp_gain":0,"max_hp_loss":0,"event_name":"Nest","floor":31,"gold_loss":0,"cards_obtained":["RitualDagger"]}],"is_beta":false,"boss_relics":[{"not_picked":["Runic Dome","Philosopher\u0027s Stone"],"picked":"Black Star"}],"items_purged_floors":[],"is_endless":false,"potions_floor_spawned":[3,6,11,14,16,18,24],"killed_by":"Automaton","ascension_level":20}