{"gold_per_floor":[218,228,4,0,18,44,44,60,60,77,94,94,126,144,144,220,220,234,159,159,176,190,221,221,221],"floor_reached":25,"playtime":1088,"items_purged":["Slice"],"score":470,"play_id":"42f69579-f791-4c06-8da0-3f5634d30901","local_time":"20190707004411","is_ascension_mode":true,"campfire_choices":[{"data":"Neutralize","floor":7,"key":"SMITH"},{"floor":12,"key":"REST"},{"data":"A Thousand Cuts","floor":15,"key":"SMITH"},{"floor":24,"key":"REST"}],"neow_cost":"NONE","seed_source_timestamp":6091777623489320,"circlet_count":0,"master_deck":["AscendersBane","Strike_G","Strike_G","Strike_G","Strike_G","Strike_G","Defend_G","Defend_G","Defend_G","Defend_G","Defend_G","Survivor","Neutralize+1","Backstab","Cloak And Dagger","Dash","Footwork+1","Skewer","Cloak And Dagger+1","A Thousand Cuts+1","Dodge and Roll+1","Die Die Die","Riddle With Holes","Backflip+1","Dagger Spray"],"relics":["Ring of the Snake","Sling","Toxic Egg 2","Letter Opener","Mummified Hand","Snecko Eye","Boot"],"potions_floor_usage":[6,11,16,23,23],"damage_taken":[{"damage":3,"enemies":"2 Louse","floor":1,"turns":4},{"damage":0,"enemies":"Jaw Worm","floor":2,"turns":6},{"damage":1,"enemies":"Cultist","floor":5,"turns":3},{"damage":28,"enemies":"Lagavulin","floor":6,"turns":7},{"damage":3,"enemies":"Exordium Wildlife","floor":8,"turns":6},{"damage":0,"enemies":"Looter","floor":10,"turns":3},{"damage":6,"enemies":"Gremlin Gang","floor":11,"turns":6},{"damage":18,"enemies":"Gremlin Nob","floor":13,"turns":4},{"damage":0,"enemies":"Exordium Wildlife","floor":14,"turns":2},{"damage":16,"enemies":"Slime Boss","floor":16,"turns":8},{"damage":3,"enemies":"Chosen","floor":18,"turns":5},{"damage":2,"enemies":"3 Byrds","floor":21,"turns":2},{"damage":15,"enemies":"Cultist and Chosen","floor":22,"turns":8},{"damage":21,"enemies":"Book of Stabbing","floor":23,"turns":7},{"damage":38,"enemies":"3 Cultists","floor":25,"turns":5}],"seed_played":"3734795298843565259","potions_obtained":[{"floor":2,"key":"Block Potion"},{"floor":5,"key":"Swift Potion"},{"floor":6,"key":"Weak Potion"},{"floor":13,"key":"FearPotion"},{"floor":22,"key":"FearPotion"}],"is_trial":false,"path_per_floor":["M","M","$","?","M","E","R","M","T","M","M","R","E","M","R","B",null,"M","$","?","M","M","E","R","M"],"character_chosen":"THE_SILENT","items_purchased":["Sling"],"campfire_rested":2,"item_purchase_floors":[3],"current_hp_per_floor":[56,56,56,56,55,27,27,24,24,24,18,37,19,19,19,3,50,47,47,47,45,30,9,28,0],"gold":221,"neow_bonus":"HUNDRED_GOLD","is_prod":false,"is_daily":false,"chose_seed":false,"campfire_upgraded":2,"win_rate":0,"timestamp":1562474651,"path_taken":["M","M","$","?","M","E","R","M","T","M","M","R","E","M","R","BOSS","M","$","?","?","M","E","R","M"],"build_version":"2019-07-05","purchased_purges":1,"victory":false,"max_hp_per_floor":[66,66,66,66,66,66,66,66,66,66,66,66,66,66,66,66,66,66,66,66,66,66,66,66,66],"card_choices":[{"not_picked":["Bane","Infinite Blades"],"picked":"Backstab","floor":1},{"not_picked":["Acrobatics","Heel Hook"],"picked":"Slice","floor":2},{"not_picked":["Underhanded Strike","Backflip"],"picked":"Cloak And Dagger","floor":5},{"not_picked":["Deadly Poison","Sucker Punch"],"picked":"Dash","floor":6},{"not_picked":["Sucker Punch","Outmaneuver+1"],"picked":"Footwork","floor":8},{"not_picked":["Poisoned Stab","Wraith Form v2"],"picked":"Skewer","floor":10},{"not_picked":["Flechettes","All Out Attack"],"picked":"Cloak And Dagger+1","floor":11},{"not_picked":["Leg Sweep+1","Riddle With Holes"],"picked":"A Thousand Cuts","floor":13},{"not_picked":["Expertise+1","Distraction+1"],"picked":"Dodge and Roll+1","floor":14},{"not_picked":["Venomology+1","Storm of Steel+1"],"picked":"Die Die Die","floor":16},{"not_picked":["Dodge and Roll+1","Deflect+1"],"picked":"Riddle With Holes","floor":18},{"not_picked":["Flying Knee","Skewer","Reflex+1"],"picked":"SKIP","floor":21},{"not_picked":["Acrobatics+1","Dodge and Roll+1"],"picked":"Backflip+1","floor":22},{"not_picked":["Die Die Die","Deflect+1","Dagger Spray"],"picked":"SKIP","floor":23},{"not_picked":["Die Die Die","Deflect+1"],"picked":"Dagger Spray","floor":23}],"player_experience":901004,"relics_obtained":[{"floor":6,"key":"Toxic Egg 2"},{"floor":9,"key":"Letter Opener"},{"floor":13,"key":"Mummified Hand"},{"floor":23,"key":"Boot"}],"event_choices":[{"damage_healed":0,"gold_gain":0,"player_choice":"Left Gold","damage_taken":0,"max_hp_gain":0,"max_hp_loss":0,"event_name":"World of Goop","floor":4,"gold_loss":4},{"damage_healed":0,"gold_gain":0,"player_choice":"Forge","damage_taken":0,"max_hp_gain":0,"max_hp_loss":0,"event_name":"Accursed Blacksmith","floor":20,"gold_loss":0,"cards_upgraded":["Footwork"]}],"is_beta":false,"boss_relics":[{"not_picked":["White Beast Statue","Runic Dome"],"picked":"Snecko Eye"}],"items_purged_floors":[19],"is_endless":false,"potions_floor_spawned":[2,5,6,13,22],"killed_by":"3 Cultists","ascension_level":20}