{"gold_per_floor":[118,118,118,134,134,134,160,171,196,196,214,227,256,94,94,167,167,182,182,200,200,200,200,218,218,218,218,236,248,248,268,268,339,339,352,252,265,265],"floor_reached":38,"playtime":2042,"items_purged":["Strike_B","Strike_B"],"score":872,"play_id":"6033caa5-c441-475a-a058-74bb96805956","local_time":"20190524172122","is_ascension_mode":true,"campfire_choices":[{"data":"Defragment","floor":6.0,"key":"SMITH"},{"floor":10.0,"key":"REST"},{"data":"Loop","floor":15.0,"key":"SMITH"},{"floor":23.0,"key":"REST"},{"floor":30.0,"key":"REST"},{"data":"Consume","floor":32.0,"key":"SMITH"}],"neow_cost":"NONE","seed_source_timestamp":2348979882693512,"circlet_count":0,"master_deck":["AscendersBane","Defend_B","Defend_B","Defend_B","Defend_B","Zap","Dualcast","Defragment+1","Ball Lightning","Loop+1","Cold Snap","Coolheaded","Conserve Battery","Cold Snap","Capacitor","Biased Cognition","Loop","Ball Lightning","Sunder","Consume+1","Hologram+1","Darkness+1","Echo Form","FTL","Cold Snap","Leap","Force Field","Glacier","Conserve Battery+1"],"special_seed":0,"relics":["Cracked Core","Happy Flower","Bag of Marbles","DataDisk","Regal Pillow","Inserter","Enchiridion","Du-Vu Doll","Orrery"],"potions_floor_usage":[38],"damage_taken":[{"damage":6.0,"enemies":"2 Louse","floor":1.0,"turns":3.0},{"damage":17.0,"enemies":"Small Slimes","floor":4.0,"turns":5.0},{"damage":20.0,"enemies":"Lagavulin","floor":7.0,"turns":5.0},{"damage":0.0,"enemies":"Cultist","floor":8.0,"turns":3.0},{"damage":7.0,"enemies":"3 Louse","floor":11.0,"turns":3.0},{"damage":6.0,"enemies":"Blue Slaver","floor":12.0,"turns":3.0},{"damage":1.0,"enemies":"3 Sentries","floor":13.0,"turns":7.0},{"damage":26.0,"enemies":"The Guardian","floor":16.0,"turns":11.0},{"damage":23.0,"enemies":"2 Thieves","floor":18.0,"turns":5.0},{"damage":8.0,"enemies":"Spheric Guardian","floor":20.0,"turns":4.0},{"damage":18.0,"enemies":"Shelled Parasite and Fungi","floor":24.0,"turns":6.0},{"damage":8.0,"enemies":"Snake Plant","floor":28.0,"turns":3.0},{"damage":2.0,"enemies":"Cultist and Chosen","floor":29.0,"turns":6.0},{"damage":0.0,"enemies":"Snecko","floor":31.0,"turns":4.0},{"damage":0,"enemies":"Champ","floor":33,"turns":69},{"damage":63,"enemies":"3 Darklings","floor":35,"turns":7},{"damage":8,"enemies":"3 Shapes","floor":37,"turns":8},{"damage":13,"enemies":"Spire Growth","floor":38,"turns":2}],"seed_played":"5430742121969398108","potions_obtained":[{"floor":7.0,"key":"EssenceOfSteel"},{"floor":12.0,"key":"Block Potion"},{"floor":16.0,"key":"Regen Potion"},{"floor":20.0,"key":"Regen Potion"},{"floor":24.0,"key":"FearPotion"},{"floor":29.0,"key":"AttackPotion"},{"floor":35,"key":"Explosive Potion"}],"is_trial":false,"path_per_floor":["M","?","?","M","?","R","E","M","T","R","M","M","E","$","R","B",null,"M","$","M","?","?","R","M","$","T","?","M","M","R","M","R","B",null,"M","$","M","M"],"character_chosen":"DEFECT","items_purchased":["Capacitor"],"campfire_rested":3,"item_purchase_floors":[14],"current_hp_per_floor":[58,63,56,39,39,39,19,19,19,41,34,28,27,27,27,1,57,34,34,35,14,14,51,33,33,33,33,25,38,75,75,75,75,76,13,13,5,0],"gold":265,"neow_bonus":"RANDOM_COMMON_RELIC","is_prod":false,"is_daily":false,"chose_seed":false,"campfire_upgraded":3,"win_rate":0,"timestamp":1558732882,"path_taken":["M","?","?","M","?","R","E","M","T","R","M","M","E","$","R","BOSS","M","$","M","?","?","R","M","?","T","?","M","?","R","M","R","BOSS","M","$","M","M"],"build_version":"2019-01-23","purchased_purges":2,"victory":false,"max_hp_per_floor":[71,76,76,76,76,76,76,76,76,76,76,76,76,76,76,76,76,76,76,76,76,76,76,76,76,76,76,76,76,76,76,76,76,76,76,76,76,76],"card_choices":[{"not_picked":["Steam","Force Field"],"picked":"Defragment","floor":1.0},{"not_picked":["Streamline","Cold Snap"],"picked":"Ball Lightning","floor":4.0},{"not_picked":["Fission","Recycle"],"picked":"Loop","floor":7.0},{"not_picked":["Turbo","Lockon"],"picked":"Cold Snap","floor":8.0},{"not_picked":["Consume","Recycle"],"picked":"Coolheaded","floor":11.0},{"not_picked":["Sweeping Beam","Ball Lightning"],"picked":"Conserve Battery","floor":12.0},{"not_picked":["Coolheaded","Conserve Battery"],"picked":"Cold Snap","floor":13.0},{"not_picked":["Seek","Thunder Strike"],"picked":"Biased Cognition","floor":16.0},{"not_picked":["Rebound","Reprogram"],"picked":"Loop","floor":18.0},{"not_picked":["Redo","Compile Driver"],"picked":"Ball Lightning","floor":20.0},{"not_picked":["Amplify","Chill","Chaos"],"picked":"SKIP","floor":24.0},{"not_picked":["Tempest","Loop"],"picked":"Consume","floor":28.0},{"not_picked":["Redo+1","Leap"],"picked":"Hologram+1","floor":29.0},{"not_picked":["BootSequence","Coolheaded+1"],"picked":"Darkness+1","floor":31.0},{"not_picked":["Hyperbeam","Rainbow"],"picked":"Echo Form","floor":33},{"not_picked":["Turbo","Stack"],"picked":"FTL","floor":34},{"not_picked":["Rebound","Fusion"],"picked":"Cold Snap","floor":34},{"not_picked":["Cold Snap","Undo"],"picked":"Leap","floor":34},{"not_picked":["Gash","Double Energy"],"picked":"Force Field","floor":34},{"not_picked":["Coolheaded+1","Undo"],"picked":"Glacier","floor":34},{"not_picked":["Redo+1","Stack"],"picked":"Conserve Battery+1","floor":35},{"not_picked":["Hello World","Rebound+1","Reboot"],"picked":"SKIP","floor":37}],"player_experience":710501,"relics_obtained":[{"floor":7.0,"key":"Bag of Marbles"},{"floor":9.0,"key":"DataDisk"},{"floor":13.0,"key":"Regal Pillow"},{"floor":21.0,"key":"Enchiridion"},{"floor":26.0,"key":"Du-Vu Doll"}],"event_choices":[{"damage_healed":0.0,"max_hp_gain":5.0,"max_hp_loss":0.0,"gold_gain":0.0,"event_name":"Big Fish","player_choice":"Donut","floor":2.0,"gold_loss":0.0,"damage_taken":0.0},{"cards_removed":["Strike_B"],"damage_healed":0.0,"max_hp_gain":0.0,"max_hp_loss":0.0,"gold_gain":0.0,"event_name":"Golden Wing","player_choice":"Card Removal","floor":3.0,"gold_loss":0.0,"damage_taken":7.0},{"cards_removed":["Strike_B"],"damage_healed":0.0,"max_hp_gain":0.0,"max_hp_loss":0.0,"gold_gain":0.0,"event_name":"Wheel of Change","player_choice":"Card Removal","floor":5.0,"gold_loss":0.0,"damage_taken":0.0},{"damage_healed":0.0,"max_hp_gain":0.0,"max_hp_loss":0.0,"gold_gain":0.0,"event_name":"Cursed Tome","player_choice":"Obtained Book","floor":21.0,"gold_loss":0.0,"damage_taken":21.0},{"damage_healed":0.0,"max_hp_gain":0.0,"max_hp_loss":0.0,"gold_gain":0.0,"event_name":"Vampires","player_choice":"Ignored","floor":22.0,"gold_loss":0.0,"damage_taken":0.0},{"damage_healed":0.0,"max_hp_gain":0.0,"max_hp_loss":0.0,"gold_gain":0.0,"event_name":"Match and Keep!","player_choice":"1 cards matched","floor":27.0,"gold_loss":0.0,"damage_taken":0.0,"cards_obtained":["Sunder"]},{"damage_healed":0.0,"max_hp_gain":0.0,"max_hp_loss":0.0,"gold_gain":0.0,"event_name":"Match and Keep!","player_choice":"1 cards matched","floor":27.0,"gold_loss":0.0,"damage_taken":0.0,"cards_obtained":["Sunder"]}],"is_beta":false,"boss_relics":[{"not_picked":["Pandora\u0027s Box","Calling Bell"],"picked":"Inserter"},{"not_picked":["Black Star","Coffee Dripper"],"picked":"Orrery"}],"items_purged_floors":[14,36],"is_endless":false,"potions_floor_spawned":[7,12,16,20,24,28,29,35],"killed_by":"Spire Growth","ascension_level":20}