{"gold_per_floor":[111,111,111,131,151,151,161,161,161,193,158,175,191,210,210,282,282,292,292,292,305,315,315,315,345,345,345,122,138,173,191,191,266,266,285,300,300,300,400,426,182,182,259,271,0,33,50,69,69,69],"floor_reached":50,"playtime":2304,"items_purged":[],"score":1138,"play_id":"20e82aec-7706-43f3-b501-7743814842e3","local_time":"20190626193648","is_ascension_mode":true,"campfire_choices":[{"data":"Neutralize","floor":6.0,"key":"SMITH"},{"data":"All Out Attack","floor":8.0,"key":"SMITH"},{"data":"Caltrops","floor":15.0,"key":"SMITH"},{"data":"A Thousand Cuts","floor":23.0,"key":"SMITH"},{"data":"Malaise","floor":27.0,"key":"SMITH"},{"floor":32.0,"key":"REST"},{"floor":42.0,"key":"RECALL"},{"floor":49,"key":"REST"}],"neow_cost":"TEN_PERCENT_HP_LOSS","seed_source_timestamp":0,"circlet_count":0,"master_deck":["AscendersBane","Defend_G+1","Defend_G","Defend_G+1","Defend_G","Defend_G","Survivor","Neutralize+1","Skewer","Poisoned Stab","All Out Attack+1","Caltrops+1","Deflect","Cloak And Dagger","Riddle With Holes","Malaise+1","Flying Knee+1","Bite","Bite","Bite","Bite","Bite","A Thousand Cuts+1","Dash","Footwork","Dagger Spray","Blur","Caltrops+1","A Thousand Cuts","Malaise","Flying Knee+1","Madness","Madness","Malaise","Blur","Noxious Fumes","Infinite Blades+1","Bouncing Flask+1","Bane+1"],"special_seed":0,"relics":["Ring of the Snake","Calipers","Matryoshka","Thread and Needle","Sozu","Bronze Scales","StoneCalendar","Oddly Smooth Stone","Anchor","OrangePellets","Blood Vial","Fusion Hammer","Unceasing Top","Bird Faced Urn","Happy Flower","Toxic Egg 2","Red Mask","The Specimen"],"potions_floor_usage":[],"damage_taken":[{"damage":0.0,"enemies":"Small Slimes","floor":1.0,"turns":4.0},{"damage":0.0,"enemies":"2 Louse","floor":4.0,"turns":4.0},{"damage":0.0,"enemies":"Cultist","floor":5.0,"turns":3.0},{"damage":6.0,"enemies":"Gremlin Gang","floor":7.0,"turns":7.0},{"damage":19.0,"enemies":"Gremlin Nob","floor":10.0,"turns":4.0},{"damage":0.0,"enemies":"Exordium Wildlife","floor":12.0,"turns":3.0},{"damage":4.0,"enemies":"Large Slime","floor":13.0,"turns":5.0},{"damage":0.0,"enemies":"Looter","floor":14.0,"turns":3.0},{"damage":21.0,"enemies":"Hexaghost","floor":16.0,"turns":10.0},{"damage":26.0,"enemies":"Chosen","floor":18.0,"turns":6.0},{"damage":18.0,"enemies":"Spheric Guardian","floor":21.0,"turns":6.0},{"damage":11.0,"enemies":"Centurion and Healer","floor":22.0,"turns":16.0},{"damage":22.0,"enemies":"Gremlin Leader","floor":25.0,"turns":9.0},{"damage":0.0,"enemies":"Snake Plant","floor":29.0,"turns":5.0},{"damage":28.0,"enemies":"Slavers","floor":30.0,"turns":6.0},{"damage":0.0,"enemies":"Chosen and Byrds","floor":31.0,"turns":5.0},{"damage":30.0,"enemies":"Collector","floor":33.0,"turns":11.0},{"damage":0.0,"enemies":"3 Shapes","floor":35.0,"turns":7.0},{"damage":1.0,"enemies":"Orb Walker","floor":36.0,"turns":3.0},{"damage":0.0,"enemies":"Mind Bloom Boss Battle","floor":39.0,"turns":9.0},{"damage":19.0,"enemies":"Nemesis","floor":40.0,"turns":13.0},{"damage":9.0,"enemies":"4 Shapes","floor":44.0,"turns":5.0},{"damage":35.0,"enemies":"Reptomancer","floor":46.0,"turns":6.0},{"damage":0.0,"enemies":"Writhing Mass","floor":47.0,"turns":7.0},{"damage":18,"enemies":"Spire Growth","floor":48,"turns":7},{"damage":48,"enemies":"Awakened One","floor":50,"turns":4}],"seed_played":"1241382975755594866","potions_obtained":[{"floor":5.0,"key":"Regen Potion"},{"floor":7.0,"key":"Fire Potion"},{"floor":12.0,"key":"EntropicBrew"},{"floor":16.0,"key":"GamblersBrew"}],"is_trial":false,"path_per_floor":["M","?","?","M","M","R","M","R","T","E","?","M","M","M","R","B",null,"M","?","?","M","M","R","T","E","T","R","$","M","E","M","R","B",null,"M","M","?","?","?","E","$","R","T","M","?","E","M","M","R","B"],"character_chosen":"THE_SILENT","items_purchased":["OrangePellets","Happy Flower","Noxious Fumes"],"campfire_rested":2,"item_purchase_floors":[28,41,41],"current_hp_per_floor":[59,59,41,41,41,41,50,50,50,31,46,46,42,42,42,21,50,24,24,24,18,42,42,42,32,32,32,32,42,16,24,36,28,39,42,42,34,34,42,37,37,37,37,39,39,23,37,36,42,0],"gold":69,"neow_bonus":"ONE_RARE_RELIC","is_prod":false,"is_daily":false,"chose_seed":false,"campfire_upgraded":5,"win_rate":0,"timestamp":1561592208,"path_taken":["M","?","?","M","M","R","M","R","T","E","?","M","M","M","R","BOSS","M","?","?","?","?","R","?","E","T","R","$","M","E","M","R","BOSS","M","M","?","?","?","E","$","R","T","M","?","E","?","M","R","BOSS"],"build_version":"2019-01-23","purchased_purges":0,"victory":false,"max_hp_per_floor":[60,60,60,60,60,60,60,60,60,60,60,60,60,60,60,60,60,60,42,42,42,42,42,42,42,42,42,42,42,42,42,42,42,42,42,42,42,42,42,42,42,42,42,42,42,42,42,42,42,42],"card_choices":[{"not_picked":["Underhanded Strike","PiercingWail","Reflex"],"picked":"SKIP","floor":1.0},{"not_picked":["Underhanded Strike","Cloak And Dagger"],"picked":"Skewer","floor":4.0},{"not_picked":["Reflex","Quick Slash"],"picked":"Poisoned Stab","floor":5.0},{"not_picked":["Storm of Steel","Flying Knee"],"picked":"All Out Attack","floor":7.0},{"not_picked":["Blur","Flying Knee"],"picked":"Caltrops","floor":10.0},{"not_picked":["Deadly Poison","Calculated Gamble"],"picked":"Deflect","floor":12.0},{"not_picked":["Dodge and Roll","Blade Dance"],"picked":"Cloak And Dagger","floor":13.0},{"not_picked":["Deflect","Slice"],"picked":"Riddle With Holes","floor":14.0},{"not_picked":["Grand Finale","Envenom"],"picked":"Malaise","floor":16.0},{"not_picked":["Setup","Underhanded Strike"],"picked":"Flying Knee+1","floor":18.0},{"not_picked":["Deflect+1","Prepared+1"],"picked":"Dash","floor":21.0},{"not_picked":["Setup+1","Escape Plan"],"picked":"Footwork","floor":22.0},{"not_picked":["Tactician+1","Sucker Punch"],"picked":"Dagger Spray","floor":25.0},{"not_picked":["Deadly Poison","Sucker Punch"],"picked":"Blur","floor":29.0},{"not_picked":["Bane","Quick Slash+1"],"picked":"Caltrops+1","floor":30.0},{"not_picked":["Bane","Endless Agony"],"picked":"A Thousand Cuts","floor":31.0},{"not_picked":["A Thousand Cuts","Venomology"],"picked":"Malaise","floor":33.0},{"not_picked":["Slice","Deflect+1"],"picked":"Backflip","floor":35.0},{"not_picked":["Dagger Spray","Bane"],"picked":"Flying Knee+1","floor":36.0},{"not_picked":["Well Laid Plans","Prepared"],"picked":"Malaise","floor":39.0},{"not_picked":["Slice","Caltrops"],"picked":"Blur","floor":40.0},{"not_picked":["Flechettes","Reflex+1"],"picked":"Infinite Blades+1","floor":44.0},{"not_picked":["Deadly Poison+1","Setup+1"],"picked":"Bouncing Flask+1","floor":46.0},{"not_picked":["Deflect+1","Poisoned Stab+1","Flechettes"],"picked":"SKIP","floor":47.0},{"not_picked":["Dagger Throw","Underhanded Strike"],"picked":"Bane+1","floor":48}],"player_experience":786211,"relics_obtained":[{"floor":9.0,"key":"Matryoshka"},{"floor":10.0,"key":"Thread and Needle"},{"floor":24.0,"key":"Bronze Scales"},{"floor":25.0,"key":"StoneCalendar"},{"floor":26.0,"key":"Oddly Smooth Stone"},{"floor":26.0,"key":"Anchor"},{"floor":30.0,"key":"Blood Vial"},{"floor":39.0,"key":"Unceasing Top"},{"floor":40.0,"key":"Bird Faced Urn"},{"floor":43.0,"key":"Toxic Egg 2"},{"floor":46.0,"key":"The Specimen"}],"event_choices":[{"damage_healed":0.0,"max_hp_gain":0.0,"max_hp_loss":0.0,"gold_gain":0.0,"event_name":"Golden Wing","player_choice":"Ignored","floor":2.0,"gold_loss":0.0,"damage_taken":0.0},{"damage_healed":0.0,"max_hp_gain":0.0,"max_hp_loss":0.0,"gold_gain":0.0,"event_name":"Shining Light","player_choice":"Entered Light","floor":3.0,"gold_loss":0.0,"damage_taken":18.0,"cards_upgraded":["Defend_G","Defend_G"]},{"damage_healed":15.0,"max_hp_gain":0.0,"max_hp_loss":0.0,"gold_gain":0.0,"event_name":"The Cleric","player_choice":"Healed","floor":11.0,"gold_loss":35.0,"damage_taken":0.0},{"damage_healed":0.0,"max_hp_gain":0.0,"max_hp_loss":18.0,"gold_gain":0.0,"event_name":"Vampires","player_choice":"Became a vampire","floor":19.0,"gold_loss":0.0,"damage_taken":0.0,"cards_obtained":["Bite","Bite","Bite","Bite","Bite"]},{"damage_healed":0.0,"max_hp_gain":0.0,"max_hp_loss":0.0,"gold_gain":0.0,"event_name":"Match and Keep!","player_choice":"1 cards matched","floor":20.0,"gold_loss":0.0,"damage_taken":0.0,"cards_obtained":["A Thousand Cuts"]},{"damage_healed":0.0,"max_hp_gain":0.0,"max_hp_loss":0.0,"gold_gain":0.0,"event_name":"Winding Halls","player_choice":"Embrace Madness","floor":37.0,"gold_loss":0.0,"damage_taken":8.0,"cards_obtained":["Madness","Madness"]},{"cards_removed":["Backflip"],"damage_healed":0.0,"max_hp_gain":0.0,"max_hp_loss":0.0,"gold_gain":0.0,"event_name":"Falling","player_choice":"Removed Skill","floor":38.0,"gold_loss":0.0,"damage_taken":0.0},{"damage_healed":0.0,"max_hp_gain":0.0,"max_hp_loss":0.0,"gold_gain":0.0,"event_name":"MindBloom","player_choice":"Fight","floor":39.0,"gold_loss":0.0,"damage_taken":0.0},{"damage_healed":0.0,"max_hp_gain":0.0,"max_hp_loss":0.0,"gold_gain":0.0,"event_name":"Tomb of Lord Red Mask","player_choice":"Paid","floor":45.0,"gold_loss":271.0,"damage_taken":0.0,"relics_obtained":["Red Mask"]}],"is_beta":false,"boss_relics":[{"not_picked":["Black Star","Eternal Feather"],"picked":"Sozu"},{"not_picked":["Tiny House","Astrolabe"],"picked":"Fusion Hammer"}],"items_purged_floors":[],"is_endless":false,"potions_floor_spawned":[5,7,12,16,18,25,30,35,40,46,47,48],"killed_by":"Awakened One","ascension_level":20}