{"gold_per_floor":[110,125,140,159,173,173,248,248,248,276,276,296,296,314,314,314],"floor_reached":16,"playtime":525,"items_purged":[],"score":208,"play_id":"58a9b7c8-697c-465a-af4d-ffbbcb9b1b42","local_time":"20190625235657","is_ascension_mode":true,"campfire_choices":[{"data":"Barricade","floor":6,"key":"SMITH"},{"floor":8,"key":"REST"},{"data":"Bash","floor":13,"key":"SMITH"},{"floor":15,"key":"REST"}],"neow_cost":"NONE","seed_source_timestamp":5139290472495409,"circlet_count":0,"master_deck":["AscendersBane","Strike_R","Strike_R","Strike_R","Strike_R","Defend_R","Defend_R","Defend_R","Defend_R","Bash+1","Clothesline","Headbutt","Spot Weakness","Evolve","Barricade+1","Headbutt","Rampage","Shrug It Off"],"relics":["Burning Blood","Smiling Mask","Regal Pillow","Art of War"],"potions_floor_usage":[5,10,16,16],"damage_taken":[{"damage":0,"enemies":"2 Louse","floor":1,"turns":3},{"damage":19,"enemies":"Jaw Worm","floor":2,"turns":5},{"damage":4,"enemies":"Cultist","floor":3,"turns":3},{"damage":28,"enemies":"Exordium Thugs","floor":4,"turns":7},{"damage":7,"enemies":"Looter","floor":5,"turns":4},{"damage":40,"enemies":"3 Sentries","floor":10,"turns":7},{"damage":10,"enemies":"2 Fungi Beasts","floor":12,"turns":3},{"damage":16,"enemies":"3 Louse","floor":14,"turns":4},{"damage":55,"enemies":"The Guardian","floor":16,"turns":16}],"seed_played":"-407780882027190055","potions_obtained":[{"floor":1,"key":"Poison Potion"},{"floor":4,"key":"AttackPotion"},{"floor":5,"key":"Regen Potion"},{"floor":14,"key":"GamblersBrew"}],"is_trial":false,"path_per_floor":["M","M","M","M","M","R","?","R","T","E","?","M","R","M","R","B"],"character_chosen":"IRONCLAD","items_purchased":[],"campfire_rested":2,"item_purchase_floors":[],"current_hp_per_floor":[74,61,63,41,40,40,29,51,51,32,32,28,28,18,55,0],"gold":314,"neow_bonus":"RANDOM_COMMON_RELIC","is_prod":false,"is_daily":false,"chose_seed":false,"campfire_upgraded":2,"win_rate":0,"timestamp":1561521417,"path_taken":["M","M","M","M","M","R","?","R","T","E","?","M","R","M","R","BOSS"],"build_version":"2019-01-23","purchased_purges":0,"victory":false,"max_hp_per_floor":[75,75,75,75,75,75,75,75,75,75,75,75,75,75,75,75],"card_choices":[{"not_picked":["Bloodletting","Dual Wield"],"picked":"Clothesline","floor":1},{"not_picked":["Sword Boomerang","Fire Breathing"],"picked":"Headbutt","floor":2},{"not_picked":["True Grit","Flex"],"picked":"Spot Weakness","floor":3},{"not_picked":["Heavy Blade","Wild Strike"],"picked":"Evolve","floor":4},{"not_picked":["Pommel Strike","Reckless Charge"],"picked":"Barricade","floor":5},{"not_picked":["Warcry","Rampage"],"picked":"Headbutt","floor":10},{"not_picked":["Headbutt","Thunderclap"],"picked":"Rampage","floor":12},{"not_picked":["Thunderclap","Flex"],"picked":"Shrug It Off","floor":14}],"player_experience":780649,"relics_obtained":[{"floor":9,"key":"Regal Pillow"},{"floor":10,"key":"Art of War"}],"event_choices":[{"damage_healed":0,"gold_gain":75,"player_choice":"Gather Gold","damage_taken":11,"max_hp_gain":0,"max_hp_loss":0,"event_name":"World of Goop","floor":7,"gold_loss":0},{"cards_removed":["Strike_R"],"damage_healed":0,"gold_gain":0,"player_choice":"Purged","damage_taken":0,"max_hp_gain":0,"max_hp_loss":0,"event_name":"Purifier","floor":11,"gold_loss":0}],"is_beta":false,"boss_relics":[],"items_purged_floors":[],"is_endless":false,"potions_floor_spawned":[1,4,5,14],"killed_by":"The Guardian","ascension_level":20}