{"path_per_floor":["M","$","?","$","?","M","R","T","T","M","E","$","M","$","R","B",null,"M","M","?","M","?","E","R","M","T","$","M","R","$","?","R"],"character_chosen":"IRONCLAD","items_purchased":["Flex","Whirlwind","Heavy Blade","Limit Break","Dual Wield"],"gold_per_floor":[118,21,21,21,21,36,36,88,165,186,225,46,59,14,14,137,137,153,177,177,195,195,225,225,236,262,68,88,88,47,47,47],"floor_reached":33,"campfire_rested":2,"playtime":1456,"current_hp_per_floor":[80,80,74,74,74,74,74,74,74,74,59,59,65,65,65,28,74,49,49,49,33,33,17,39,30,35,35,42,64,64,64,64],"items_purged":["Strike_R","Bash","Strike_R"],"gold":47,"play_id":"ab252dca-b624-4389-9798-0a8f4c112e6e","is_prod":false,"is_daily":false,"is_ascension_mode":false,"campfire_upgraded":3,"path_taken":["M","$","?","$","?","?","R","?","T","M","E","$","M","?","R","BOSS","M","M","?","?","?","E","R","M","T","$","M","R","$","?","R","BOSS"],"build_version":"2018-02-01-PROD3","purchased_purges":3,"victory":false,"master_deck":["Strike_R+1","Strike_R+1","Strike_R+1","Defend_R+1","Defend_R+1","Defend_R+1","Defend_R+1","Flex+1","Thunderclap","Flex+1","Double Tap+1","Whirlwind","Shrug It Off","Heavy Blade","Offering+1","Heavy Blade+1","Metallicize","Spot Weakness","Bludgeon","Limit Break+1","Dual Wield"],"max_hp_per_floor":[80,80,74,74,74,74,74,74,74,74,74,74,74,74,74,74,74,74,74,74,74,74,74,74,74,74,74,74,74,74,74,74],"relics":["Burning Blood","NeowsBlessing","Bloody Idol","Lantern","Tiny Chest","Prayer Wheel","Lizard Tail","Mercury Hourglass","War Paint"],"card_choices":[{"not_picked":["Hemokinesis","Perfected Strike"],"picked":"Thunderclap"},{"not_picked":["Headbutt","Iron Wave"],"picked":"Flex"},{"not_picked":["Anger","Warcry"],"picked":"Double Tap"},{"not_picked":["Battle Trance","Clash"],"picked":"Shrug It Off"},{"not_picked":["Bludgeon","Reaper"],"picked":"Offering"},{"not_picked":["Perfected Strike","Blood for Blood"],"picked":"Heavy Blade"},{"not_picked":["Clash","Warcry"],"picked":"Metallicize"},{"not_picked":["True Grit","Reckless Charge"],"picked":"Spot Weakness"},{"not_picked":["Armaments","Iron Wave"],"picked":"Bludgeon"}],"player_experience":57523,"potions_floor_usage":[16,16,23],"damage_taken":[{"damage":0,"enemies":"Cultist","floor":1,"turns":1},{"damage":0,"enemies":"Blue Slaver","floor":6,"turns":1},{"damage":0,"enemies":"Small Slimes","floor":10,"turns":1},{"damage":21,"enemies":"Lagavulin","floor":11,"turns":5},{"damage":0,"enemies":"Exordium Wildlife","floor":13,"turns":2},{"damage":58,"enemies":"Hexaghost","floor":16,"turns":9},{"damage":31,"enemies":"Chosen","floor":18,"turns":6},{"damage":6,"enemies":"Spheric Guardian","floor":19,"turns":3},{"damage":27,"enemies":"Snake Plant","floor":21,"turns":3},{"damage":27,"enemies":"Slavers","floor":23,"turns":5},{"damage":20,"enemies":"Centurion and Healer","floor":25,"turns":5},{"damage":4,"enemies":"Sentry and Sphere","floor":28,"turns":3},{"damage":123,"enemies":"Champ","floor":33,"turns":10}],"event_choices":[{"event_name":"Golden Idol","player_choice":"Lose Max HP","floor":3,"damage_taken":0},{"event_name":"The Cleric","player_choice":"Leave","floor":5,"damage_taken":0},{"event_name":"Forgotten Altar","player_choice":"Gave Idol","floor":20,"damage_taken":0},{"event_name":"Back to Basics","player_choice":"Simplicity","floor":22,"damage_taken":0},{"event_name":"Beggar","player_choice":"Ignored","floor":31,"damage_taken":0}],"boss_relics":[{"not_picked":["Velvet Choker","Eternal Feather"],"picked":"Lizard Tail"}],"potions_floor_spawned":[6,13,21],"seed_played":"2497994062315073269","killed_by":"Champ","ascension_level":0,"is_trial":false}