{"gold_per_floor":[116,74,74,89,48,80,80,80,80,100,100,118,152,179,191,275,287,311,341,373,100,119,119,139,139,194,204,104,104,104,124,124,195,195,212,102,102],"floor_reached":37,"playtime":1609,"items_purged":["Strike_G","Strike_G"],"score":812,"play_id":"10f6db7f-ca45-4c67-86b9-9233b3ca4099","local_time":"20190412204922","is_ascension_mode":true,"campfire_choices":[{"data":"Neutralize","floor":8.0,"key":"SMITH"},{"data":"Caltrops","floor":11.0,"key":"SMITH"},{"data":"Footwork","floor":15.0,"key":"SMITH"},{"floor":23.0,"key":"REST"},{"floor":25.0,"key":"REST"},{"data":"Noxious Fumes","floor":30,"key":"SMITH"},{"data":"Noxious Fumes","floor":32,"key":"SMITH"}],"neow_cost":"NONE","seed_source_timestamp":0,"circlet_count":0,"master_deck":["AscendersBane","Defend_G+1","Defend_G","Defend_G","Defend_G","Defend_G","Strike_G","Survivor","Neutralize+1","Backstab","Caltrops+1","Poisoned Stab","Footwork+1","Adrenaline","Quick Slash","Backflip","Terror","Backflip","After Image","Noxious Fumes+1","Leg Sweep","Noxious Fumes+1","Dash","Well Laid Plans","Dagger Throw","Unload","Quick Slash"],"special_seed":0,"relics":["Ring of the Snake","NeowsBlessing","Bag of Preparation","Mercury Hourglass","MawBank","Eternal Feather","OrangePellets","Boot","Velvet Choker"],"potions_floor_usage":[33],"damage_taken":[{"damage":0.0,"enemies":"Small Slimes","floor":1.0,"turns":1.0},{"damage":0.0,"enemies":"Cultist","floor":4.0,"turns":1.0},{"damage":0.0,"enemies":"Gremlin Nob","floor":6.0,"turns":1.0},{"damage":0.0,"enemies":"Jaw Worm","floor":10.0,"turns":4.0},{"damage":0.0,"enemies":"3 Louse","floor":12.0,"turns":2.0},{"damage":30.0,"enemies":"3 Sentries","floor":13.0,"turns":11.0},{"damage":2.0,"enemies":"Large Slime","floor":14.0,"turns":3.0},{"damage":5.0,"enemies":"The Guardian","floor":16.0,"turns":10.0},{"damage":0.0,"enemies":"3 Byrds","floor":18.0,"turns":3.0},{"damage":12.0,"enemies":"Spheric Guardian","floor":19.0,"turns":6.0},{"damage":14.0,"enemies":"Snecko","floor":20.0,"turns":7.0},{"damage":18.0,"enemies":"Cultist and Chosen","floor":22.0,"turns":6.0},{"damage":24.0,"enemies":"Centurion and Healer","floor":24.0,"turns":7.0},{"damage":19.0,"enemies":"Shelled Parasite and Fungi","floor":27.0,"turns":8.0},{"damage":17,"enemies":"Snake Plant","floor":31,"turns":5},{"damage":63,"enemies":"Automaton","floor":33,"turns":11},{"damage":14,"enemies":"3 Shapes","floor":35,"turns":5},{"damage":43,"enemies":"3 Darklings","floor":37,"turns":4}],"seed_played":"-2478171452783499199","potions_obtained":[{"floor":4.0,"key":"Poison Potion"},{"floor":6.0,"key":"FearPotion"},{"floor":18.0,"key":"SkillPotion"},{"floor":31,"key":"Regen Potion"},{"floor":33,"key":"Ancient Potion"}],"is_trial":false,"path_per_floor":["M","$","?","M","$","E","?","R","T","M","R","M","E","M","R","B",null,"M","M","M","$","M","R","M","R","T","M","$","?","R","M","R","B",null,"M","?","M"],"character_chosen":"THE_SILENT","items_purchased":["Caltrops","Footwork","OrangePellets"],"campfire_rested":2,"item_purchase_floors":[2,5,21],"current_hp_per_floor":[59,59,59,59,59,59,59,59,59,59,59,59,29,27,27,22,55,55,43,29,29,11,45,21,55,55,36,36,49,64,47,62,14,53,39,39,0],"gold":102,"neow_bonus":"THREE_ENEMY_KILL","is_prod":false,"is_daily":false,"chose_seed":false,"campfire_upgraded":5,"win_rate":0,"timestamp":1555116562,"path_taken":["M","$","?","?","$","E","?","R","T","M","R","M","E","M","R","BOSS","M","M","M","$","M","R","M","R","T","M","$","?","R","M","R","BOSS","M","?","?"],"build_version":"2019-01-23","purchased_purges":2,"victory":false,"max_hp_per_floor":[66,66,66,66,66,66,66,66,66,66,66,66,66,66,66,66,66,66,66,66,66,66,66,66,66,66,66,66,66,66,66,66,66,66,66,66,66],"card_choices":[{"not_picked":["Blade Dance","Backflip"],"picked":"Backstab","floor":1.0},{"not_picked":["Catalyst","Prepared"],"picked":"Poisoned Stab","floor":4.0},{"not_picked":["Backflip","Catalyst"],"picked":"Adrenaline","floor":6.0},{"not_picked":["Distraction","Deflect"],"picked":"Quick Slash","floor":10.0},{"not_picked":["Slice","Poisoned Stab"],"picked":"Backflip","floor":12.0},{"not_picked":["Dash","Heel Hook"],"picked":"Terror","floor":13.0},{"not_picked":["Underhanded Strike","Masterful Stab"],"picked":"Backflip","floor":14.0},{"not_picked":["Wraith Form v2","Storm of Steel"],"picked":"After Image","floor":16.0},{"not_picked":["Slice","Blur"],"picked":"Noxious Fumes","floor":18.0},{"not_picked":["Catalyst","Concentrate"],"picked":"Leg Sweep","floor":19.0},{"not_picked":["Poisoned Stab","Infinite Blades"],"picked":"Noxious Fumes","floor":20.0},{"not_picked":["Masterful Stab+1","Escape Plan"],"picked":"Dash","floor":22.0},{"not_picked":["Predator","Masterful Stab+1"],"picked":"Well Laid Plans","floor":24.0},{"not_picked":["Endless Agony","Backflip","Underhanded Strike"],"picked":"SKIP","floor":27.0},{"not_picked":["Concentrate","Dodge and Roll"],"picked":"Dagger Throw","floor":31},{"not_picked":["Adrenaline","Night Terror"],"picked":"Unload","floor":33},{"not_picked":["Concentrate","Finisher"],"picked":"Quick Slash","floor":35}],"player_experience":632990,"relics_obtained":[{"floor":6.0,"key":"Bag of Preparation"},{"floor":9.0,"key":"Mercury Hourglass"},{"floor":13.0,"key":"MawBank"},{"floor":26.0,"key":"Boot"}],"event_choices":[{"cards_removed":["Strike_G"],"damage_healed":0.0,"max_hp_gain":0.0,"max_hp_loss":0.0,"gold_gain":0.0,"event_name":"Bonfire Elementals","player_choice":"Offered Basic","floor":3.0,"gold_loss":0.0,"damage_taken":0.0},{"damage_healed":0.0,"max_hp_gain":0.0,"max_hp_loss":0.0,"gold_gain":0.0,"event_name":"Liars Game","player_choice":"Ignored","floor":7.0,"gold_loss":0.0,"damage_taken":0.0},{"damage_healed":13,"gold_gain":0,"player_choice":"Heal","damage_taken":0,"max_hp_gain":0,"max_hp_loss":0,"event_name":"The Library","floor":29,"gold_loss":0},{"cards_removed":["Strike_G"],"damage_healed":0,"gold_gain":0,"player_choice":"Upgrade and Remove","damage_taken":0,"max_hp_gain":0,"max_hp_loss":0,"event_name":"Designer","floor":36,"gold_loss":110,"cards_upgraded":["Defend_G"]}],"is_beta":false,"boss_relics":[{"not_picked":["Runic Pyramid","White Beast Statue"],"picked":"Eternal Feather"},{"not_picked":["Snecko Eye","Black Star"],"picked":"Velvet Choker"}],"items_purged_floors":[21,28],"is_endless":false,"potions_floor_spawned":[4,6,13,18,19,20,31,33],"killed_by":"3 Darklings","ascension_level":20}