{"gold_per_floor":[117,135,135,135,135,52,52,81,81,100,100,131,150,75,75,151,151,162,162,162,162,74,74],"floor_reached":23,"playtime":519,"items_purged":["Strike_B"],"score":440,"play_id":"95113e7e-fde0-4e13-ae6f-64fed420616c","local_time":"20190517180045","is_ascension_mode":true,"campfire_choices":[{"data":"Self Repair","floor":7,"key":"SMITH"},{"data":"Zap","floor":11,"key":"SMITH"},{"data":"Dualcast","floor":15,"key":"SMITH"}],"neow_cost":"NONE","seed_source_timestamp":1748977575735684,"circlet_count":0,"master_deck":["AscendersBane","Strike_B+1","Strike_B","Strike_B+1","Defend_B","Defend_B","Defend_B","Defend_B","Zap+1","Dualcast+1","Conserve Battery","Streamline+1","Self Repair+1","Ball Lightning","Echo Form","Ball Lightning","Glacier","Sunder"],"relics":["Cracked Core","NeowsBlessing","Vajra","Mango","Bottled Tornado","Whetstone","Busted Crown"],"potions_floor_usage":[12,13],"damage_taken":[{"damage":0,"enemies":"2 Louse","floor":1,"turns":1},{"damage":0,"enemies":"Small Slimes","floor":2,"turns":1},{"damage":0,"enemies":"Gremlin Nob","floor":8,"turns":1},{"damage":0,"enemies":"Cultist","floor":10,"turns":3},{"damage":23,"enemies":"3 Sentries","floor":12,"turns":7},{"damage":1,"enemies":"Looter","floor":13,"turns":2},{"damage":41,"enemies":"The Guardian","floor":16,"turns":12},{"damage":18,"enemies":"2 Thieves","floor":18,"turns":4},{"damage":75,"enemies":"Book of Stabbing","floor":23,"turns":5}],"seed_played":"-6128343005823245203","potions_obtained":[{"floor":2,"key":"LiquidBronze"},{"floor":10,"key":"Fire Potion"},{"floor":12,"key":"Ancient Potion"}],"is_trial":false,"path_per_floor":["M","M","$","?","?","$","R","E","T","M","R","E","M","$","R","B",null,"M","?","$","?","$","E"],"character_chosen":"DEFECT","items_purchased":["Self Repair","Sunder"],"campfire_rested":0,"item_purchase_floors":[6,22],"current_hp_per_floor":[64,64,64,64,46,46,46,70,70,80,80,67,76,76,76,45,75,67,67,67,67,67,0],"gold":74,"neow_bonus":"THREE_ENEMY_KILL","is_prod":false,"is_daily":false,"chose_seed":false,"campfire_upgraded":3,"win_rate":0,"timestamp":1558130445,"path_taken":["M","M","$","?","?","$","R","E","T","M","R","E","M","$","R","BOSS","M","?","?","?","$","E"],"build_version":"2019-01-23","purchased_purges":1,"victory":false,"max_hp_per_floor":[71,71,71,71,71,71,71,85,85,85,85,85,85,85,85,85,85,85,85,85,85,85,85],"card_choices":[{"not_picked":["Turbo","Compile Driver"],"picked":"Conserve Battery","floor":1},{"not_picked":["Sweeping Beam","Beam Cell"],"picked":"Streamline","floor":2},{"not_picked":["Stack","Beam Cell","Barrage"],"picked":"SKIP","floor":8},{"not_picked":["Compile Driver","Fusion","Turbo"],"picked":"SKIP","floor":10},{"not_picked":["Streamline","Compile Driver"],"picked":"Ball Lightning","floor":12},{"not_picked":["Skim","Redo","Compile Driver"],"picked":"SKIP","floor":13},{"not_picked":["Rainbow","Amplify"],"picked":"Echo Form","floor":16},{"not_picked":["Gash"],"picked":"SKIP","floor":18}],"player_experience":691303,"relics_obtained":[{"floor":8,"key":"Mango"},{"floor":9,"key":"Bottled Tornado"},{"floor":12,"key":"Whetstone"}],"event_choices":[{"damage_healed":0,"gold_gain":0,"player_choice":"Grow","damage_taken":0,"max_hp_gain":0,"max_hp_loss":0,"event_name":"Living Wall","floor":4,"gold_loss":0,"cards_upgraded":["Streamline"]},{"damage_healed":0,"gold_gain":0,"player_choice":"Success","damage_taken":18,"relics_obtained":["Vajra"],"max_hp_gain":0,"max_hp_loss":0,"event_name":"Scrap Ooze","floor":5,"gold_loss":0},{"damage_healed":0,"gold_gain":0,"player_choice":"Copied","damage_taken":0,"max_hp_gain":0,"max_hp_loss":0,"event_name":"Duplicator","floor":19,"gold_loss":0,"cards_obtained":["Ball Lightning"]},{"damage_healed":0,"gold_gain":0,"player_choice":"Read","damage_taken":0,"max_hp_gain":0,"max_hp_loss":0,"event_name":"The Library","floor":21,"gold_loss":0,"cards_obtained":["Glacier"]}],"is_beta":false,"boss_relics":[{"not_picked":["White Beast Statue","Calling Bell"],"picked":"Busted Crown"}],"items_purged_floors":[14],"is_endless":false,"potions_floor_spawned":[2,10,12],"killed_by":"Book of Stabbing","ascension_level":20}