{"gold_per_floor":[111,122,122,297,372,372,384,384,384,400,400,373,386,397,397,501,501,512,512,95,95,111,111,143,156,210,223,233,133,133,149,149,254,254,273,273,273,273,148,148,148],"floor_reached":41,"playtime":1697,"items_purged":["Doubt","Defend_B","Regret"],"score":428,"play_id":"4ce1d563-1c53-475b-a200-c407f686fdf6","local_time":"20190112125811","is_ascension_mode":false,"campfire_choices":[{"floor":6,"key":"REST"},{"data":"Zap","floor":8,"key":"SMITH"},{"floor":15,"key":"REST"},{"data":"Apotheosis","floor":23,"key":"SMITH"},{"floor":30,"key":"REST"},{"floor":32,"key":"REST"},{"floor":40,"key":"REST"}],"neow_cost":"NONE","seed_source_timestamp":213465528615226,"circlet_count":0,"master_deck":["Strike_B","Strike_B","Strike_B","Strike_B","Defend_B","Defend_B+1","Zap+1","Dualcast","Forethought+1","Defragment","Leap+1","Glacier","Coolheaded","Streamline","Gash","White Noise","Multi-Cast","Streamline+1","Apotheosis+1","Reboot","Ball Lightning","Electrodynamics","Buffer","Doubt","Streamline","Madness","Madness"],"relics":["Cracked Core","Pocketwatch","Cursed Key","Omamori","Singing Bowl","War Paint","Calling Bell","Bag of Preparation","Dodecahedron","Calipers"],"potions_floor_usage":[12,21,24,28,31,41,41],"damage_taken":[{"damage":0,"enemies":"Small Slimes","floor":1,"turns":3},{"damage":6,"enemies":"Cultist","floor":2,"turns":4},{"damage":1,"enemies":"Jaw Worm","floor":7,"turns":4},{"damage":9,"enemies":"Large Slime","floor":10,"turns":8},{"damage":1,"enemies":"Exordium Thugs","floor":12,"turns":5},{"damage":11,"enemies":"2 Fungi Beasts","floor":13,"turns":3},{"damage":2,"enemies":"3 Louse","floor":14,"turns":3},{"damage":43,"enemies":"Hexaghost","floor":16,"turns":14},{"damage":14,"enemies":"Shell Parasite","floor":18,"turns":10},{"damage":5,"enemies":"Chosen","floor":22,"turns":4},{"damage":3,"enemies":"Book of Stabbing","floor":24,"turns":7},{"damage":21,"enemies":"Centurion and Healer","floor":25,"turns":5},{"damage":0,"enemies":"Shelled Parasite and Fungi","floor":27,"turns":6},{"damage":16,"enemies":"Snake Plant","floor":28,"turns":4},{"damage":13,"enemies":"Chosen and Byrds","floor":31,"turns":2},{"damage":24,"enemies":"Collector","floor":33,"turns":9},{"damage":7,"enemies":"Orb Walker","floor":35,"turns":4},{"damage":123,"enemies":"Giant Head","floor":41,"turns":11}],"seed_played":"-1124466737951038005","potions_obtained":[{"floor":2,"key":"Fruit Juice"},{"floor":10,"key":"Block Potion"},{"floor":16,"key":"Block Potion"},{"floor":18,"key":"PowerPotion"},{"floor":21,"key":"Fruit Juice"},{"floor":21,"key":"LiquidBronze"},{"floor":28,"key":"Regen Potion"},{"floor":35,"key":"EntropicBrew"}],"is_trial":false,"path_per_floor":["M","M","?","?","?","R","M","R","T","M","?","M","M","M","R","B",null,"M","?","$","?","M","R","E","M","T","M","M","$","R","M","R","B",null,"M","?","?","?","$","R","E"],"character_chosen":"DEFECT","items_purchased":["Apotheosis","Omamori"],"campfire_rested":5,"item_purchase_floors":[20,20],"current_hp_per_floor":[75,69,62,62,51,73,72,72,72,63,63,67,56,54,78,35,80,66,80,80,85,80,80,79,58,58,60,46,46,73,60,87,63,91,84,73,73,73,73,91,0],"gold":148,"neow_bonus":"RANDOM_COLORLESS","is_prod":false,"is_daily":false,"chose_seed":false,"campfire_upgraded":2,"win_rate":0.0,"timestamp":1547326691,"path_taken":["M","M","?","?","?","R","M","R","T","M","?","?","M","M","R","BOSS","M","?","$","?","M","R","E","M","T","M","M","$","R","M","R","BOSS","M","?","?","?","$","R","E"],"build_version":"2019-01-10","purchased_purges":3,"victory":false,"max_hp_per_floor":[75,75,75,75,75,75,75,75,75,75,75,80,80,80,80,80,80,80,80,80,85,85,85,87,87,87,89,91,91,91,91,91,91,91,91,91,91,91,91,91,91],"card_choices":[{"not_picked":["Barrage","Beam Cell"],"picked":"Defragment","floor":1},{"not_picked":["Hologram","Rip and Tear"],"picked":"Leap","floor":2},{"not_picked":["Melter","Cold Snap"],"picked":"Glacier","floor":7},{"not_picked":["Steam","Undo"],"picked":"Coolheaded","floor":10},{"not_picked":["Steam","Auto Shields"],"picked":"Streamline","floor":12},{"not_picked":["Force Field","Creative AI"],"picked":"Gash","floor":13},{"not_picked":["Leap","Conserve Battery"],"picked":"White Noise","floor":14},{"not_picked":["Seek","Thunder Strike"],"picked":"Multi-Cast","floor":16},{"not_picked":["Compile Driver","Go for the Eyes"],"picked":"Streamline+1","floor":18},{"not_picked":["Turbo+1","Sweeping Beam"],"picked":"Reboot","floor":22},{"not_picked":["Seek","Stack","Turbo+1"],"picked":"Singing Bowl","floor":24},{"not_picked":["Cold Snap+1","Heatsinks"],"picked":"Ball Lightning","floor":25},{"not_picked":["Auto Shields","Consume","Stack"],"picked":"Singing Bowl","floor":27},{"not_picked":["Coolheaded","Cold Snap","Doom and Gloom"],"picked":"Singing Bowl","floor":28},{"not_picked":["Chill","Sweeping Beam+1"],"picked":"Electrodynamics","floor":31},{"not_picked":["Echo Form","Meteor Strike"],"picked":"Buffer","floor":33},{"not_picked":["Genetic Algorithm+1","Stack+1"],"picked":"Streamline","floor":35}],"player_experience":118826,"relics_obtained":[{"floor":9,"key":"Pocketwatch"},{"floor":24,"key":"Singing Bowl"},{"floor":26,"key":"War Paint"},{"floor":34,"key":"Bag of Preparation"},{"floor":34,"key":"Dodecahedron"},{"floor":34,"key":"Calipers"}],"event_choices":[{"cards_removed":["Defend_B"],"damage_healed":0,"gold_gain":0,"player_choice":"Card Removal","damage_taken":7,"max_hp_gain":0,"max_hp_loss":0,"event_name":"Golden Wing","floor":3,"gold_loss":0},{"damage_healed":0,"gold_gain":175,"player_choice":"AGREE","damage_taken":0,"max_hp_gain":0,"max_hp_loss":0,"event_name":"Liars Game","floor":4,"gold_loss":0,"cards_obtained":["Doubt"]},{"damage_healed":0,"gold_gain":75,"player_choice":"Gather Gold","damage_taken":11,"max_hp_gain":0,"max_hp_loss":0,"event_name":"World of Goop","floor":5,"gold_loss":0},{"damage_healed":0,"gold_gain":0,"player_choice":"Forge","damage_taken":0,"max_hp_gain":0,"max_hp_loss":0,"event_name":"Accursed Blacksmith","floor":11,"gold_loss":0,"cards_upgraded":["Forethought"]},{"damage_healed":26,"gold_gain":0,"player_choice":"Heal","damage_taken":0,"max_hp_gain":0,"max_hp_loss":0,"event_name":"The Library","floor":19,"gold_loss":0},{"damage_healed":0,"gold_gain":0,"player_choice":"Got Potions","damage_taken":0,"max_hp_gain":0,"max_hp_loss":0,"event_name":"Lab","floor":21,"gold_loss":0},{"damage_healed":0,"gold_gain":0,"player_choice":"Embrace Madness","damage_taken":11,"max_hp_gain":0,"max_hp_loss":0,"event_name":"Winding Halls","floor":36,"gold_loss":0,"cards_obtained":["Madness","Madness"]},{"damage_healed":0,"gold_gain":0,"player_choice":"Ignored","damage_taken":0,"max_hp_gain":0,"max_hp_loss":0,"event_name":"Tomb of Lord Red Mask","floor":37,"gold_loss":0},{"damage_healed":0,"gold_gain":0,"player_choice":"Ignored","damage_taken":0,"max_hp_gain":0,"max_hp_loss":0,"event_name":"Mysterious Sphere","floor":38,"gold_loss":0}],"is_beta":false,"boss_relics":[{"not_picked":["Velvet Choker","Ectoplasm"],"picked":"Cursed Key"},{"not_picked":["Fusion Hammer","Busted Crown"],"picked":"Calling Bell"}],"items_purged_floors":[20,29,39],"is_endless":false,"potions_floor_spawned":[2,10,16,18,22,28,35],"killed_by":"Giant Head","ascension_level":0}