{"gold_per_floor":[118,133,133,58,58,92,92,119,119,119,119,146,159,184,184,279,279,298,125,125,142,160,160,160,186,211,222,238,238,113,130,130,226,226,242,259,259,276,287,287,0,32,32,49,49],"floor_reached":45,"playtime":6777,"items_purged":["Strike_R","Strike_R","Strike_R","Parasite"],"score":543,"play_id":"93614d0f-2e4a-4dc4-addf-b08d6f9b6999","local_time":"20190711024607","is_ascension_mode":false,"campfire_choices":[{"floor":7.0,"key":"REST"},{"floor":10.0,"key":"REST"},{"data":"Armaments","floor":15.0,"key":"SMITH"},{"data":"Feed","floor":23.0,"key":"SMITH"},{"data":"Juggernaut","floor":29,"key":"SMITH"},{"data":"Pommel Strike","floor":32,"key":"SMITH"},{"data":"Double Tap","floor":40,"key":"SMITH"}],"neow_cost":"NONE","seed_source_timestamp":0,"circlet_count":0,"master_deck":["Strike_R","Defend_R","Defend_R","Defend_R","Defend_R","Bash+1","Armaments+1","Flex","Offering","Juggernaut+1","Metallicize","Cleave","Flame Barrier","Pommel Strike+1","Juggernaut+1","Warcry+1","Feed+1","Anger+1","Pummel","Berserk","Clash","Body Slam+1","Dropkick","Double Tap+1","Pommel Strike+1","Whirlwind","Flex","Metallicize","Burning Pact","Clothesline","Warcry","Pommel Strike+1","Decay","Body Slam+1"],"special_seed":0,"relics":["Burning Blood","Calipers","Lantern","Kunai","Pear","Ginger","Bronze Scales","Cursed Key","Enchiridion","Bag of Preparation","Pen Nib","Eternal Feather","Regal Pillow","PreservedInsect"],"potions_floor_usage":[44,45,45],"damage_taken":[{"damage":1.0,"enemies":"2 Louse","floor":1.0,"turns":3.0},{"damage":5.0,"enemies":"Small Slimes","floor":2.0,"turns":4.0},{"damage":36.0,"enemies":"3 Sentries","floor":6.0,"turns":17.0},{"damage":43.0,"enemies":"Gremlin Nob","floor":8.0,"turns":6.0},{"damage":8.0,"enemies":"Lagavulin","floor":12.0,"turns":6.0},{"damage":7.0,"enemies":"Jaw Worm","floor":13.0,"turns":4.0},{"damage":17.0,"enemies":"3 Sentries","floor":14.0,"turns":7.0},{"damage":20.0,"enemies":"Hexaghost","floor":16.0,"turns":8.0},{"damage":2.0,"enemies":"Chosen","floor":18.0,"turns":4.0},{"damage":9.0,"enemies":"Shell Parasite","floor":21.0,"turns":5.0},{"damage":5.0,"enemies":"Centurion and Healer","floor":22.0,"turns":5.0},{"damage":18.0,"enemies":"Gremlin Leader","floor":25.0,"turns":4.0},{"damage":9.0,"enemies":"3 Cultists","floor":27.0,"turns":4.0},{"damage":6.0,"enemies":"Snake Plant","floor":28.0,"turns":1.0},{"damage":12,"enemies":"Centurion and Healer","floor":31,"turns":6},{"damage":19,"enemies":"Collector","floor":33,"turns":6},{"damage":18,"enemies":"Orb Walker","floor":35,"turns":4},{"damage":0,"enemies":"3 Shapes","floor":36,"turns":3},{"damage":7,"enemies":"Jaw Worm Horde","floor":38,"turns":3},{"damage":19,"enemies":"3 Darklings","floor":39,"turns":4},{"damage":33,"enemies":"Giant Head","floor":42,"turns":6},{"damage":49,"enemies":"Spire Growth","floor":44,"turns":4},{"damage":62,"enemies":"Reptomancer","floor":45,"turns":3}],"seed_played":"-8437162692085233691","potions_obtained":[{"floor":2.0,"key":"Weak Potion"},{"floor":13.0,"key":"Poison Potion"},{"floor":14.0,"key":"Poison Potion"},{"floor":16.0,"key":"LiquidBronze"},{"floor":21.0,"key":"SteroidPotion"},{"floor":22.0,"key":"GamblersBrew"},{"floor":27.0,"key":"Swift Potion"},{"floor":33,"key":"Poison Potion"},{"floor":36,"key":"Weak Potion"}],"is_trial":false,"path_per_floor":["M","M","?","$","?","E","R","E","T","R","T","E","M","E","R","B",null,"M","$","?","M","M","R","?","E","T","M","M","R","$","M","R","B",null,"M","M","?","M","M","R","$","E","T","M","E"],"character_chosen":"IRONCLAD","items_purchased":["Feed","Burning Pact","Clothesline","Warcry"],"campfire_rested":2,"item_purchase_floors":[19,41,41,41],"current_hp_per_floor":[80,80,85,85,85,55,80,43,43,68,78,76,75,64,64,50,95,95,95,79,79,83,83,83,71,71,72,76,76,76,74,74,65,117,105,115,115,114,105,119,116,89,89,50,0],"gold":49,"neow_bonus":"UPGRADE_CARD","is_prod":false,"is_daily":false,"chose_seed":false,"campfire_upgraded":5,"win_rate":0.0,"timestamp":1562827567,"path_taken":["M","M","?","$","?","E","R","E","T","R","?","E","M","E","R","BOSS","M","$","?","M","M","R","?","E","T","M","?","R","$","M","R","BOSS","M","M","?","M","M","R","$","E","T","M","E"],"build_version":"2019-07-05","purchased_purges":4,"victory":false,"max_hp_per_floor":[80,80,85,85,85,85,85,85,85,85,95,95,95,95,95,95,95,95,95,95,98,101,101,101,101,101,105,109,109,109,113,113,117,117,117,121,115,115,119,119,116,116,116,120,120],"card_choices":[{"not_picked":["Combust","Heavy Blade"],"picked":"Armaments","floor":1.0},{"not_picked":["Combust","Pommel Strike"],"picked":"Flex","floor":2.0},{"not_picked":["Second Wind","Shrug It Off"],"picked":"Juggernaut","floor":6.0},{"not_picked":["Cleave","Anger"],"picked":"Metallicize","floor":8.0},{"not_picked":["Bludgeon","Anger"],"picked":"Cleave","floor":12.0},{"not_picked":["Headbutt","Perfected Strike"],"picked":"Flame Barrier","floor":13.0},{"not_picked":["Twin Strike","Bludgeon"],"picked":"Pommel Strike","floor":14.0},{"not_picked":["Dark Embrace","Double Tap"],"picked":"Juggernaut","floor":16.0},{"not_picked":["Cleave","Heavy Blade"],"picked":"Warcry+1","floor":18.0},{"not_picked":["Combust","Sever Soul"],"picked":"Anger+1","floor":21.0},{"not_picked":["Twin Strike","Clothesline"],"picked":"Pummel","floor":22.0},{"not_picked":["Pummel","Infernal Blade"],"picked":"Berserk","floor":25.0},{"not_picked":["Sword Boomerang+1","Pommel Strike"],"picked":"Clash","floor":27.0},{"not_picked":["Shrug It Off","Dual Wield"],"picked":"Body Slam+1","floor":28},{"not_picked":["Flex","Sword Boomerang"],"picked":"Dropkick","floor":31},{"not_picked":["Brutality","Fiend Fire"],"picked":"Double Tap","floor":33},{"not_picked":["Twin Strike+1","Headbutt"],"picked":"Pommel Strike+1","floor":35},{"not_picked":["Iron Wave","Intimidate"],"picked":"Whirlwind","floor":36},{"not_picked":["Anger+1","Combust+1"],"picked":"Flex","floor":38},{"not_picked":["Clash","Pummel+1"],"picked":"Metallicize","floor":39},{"not_picked":["Fiend Fire","Shrug It Off"],"picked":"Pommel Strike+1","floor":42},{"not_picked":["Headbutt","True Grit"],"picked":"Body Slam+1","floor":44}],"player_experience":51290,"relics_obtained":[{"floor":6.0,"key":"Calipers"},{"floor":8.0,"key":"Lantern"},{"floor":9.0,"key":"Kunai"},{"floor":11.0,"key":"Pear"},{"floor":12.0,"key":"Ginger"},{"floor":14.0,"key":"Bronze Scales"},{"floor":20.0,"key":"Enchiridion"},{"floor":25.0,"key":"Bag of Preparation"},{"floor":26.0,"key":"Pen Nib"},{"floor":42,"key":"Regal Pillow"},{"floor":43,"key":"PreservedInsect"}],"event_choices":[{"damage_healed":0.0,"max_hp_gain":5.0,"max_hp_loss":0.0,"gold_gain":0.0,"event_name":"Big Fish","player_choice":"Donut","floor":3.0,"gold_loss":0.0,"damage_taken":0.0},{"damage_healed":0.0,"max_hp_gain":0.0,"max_hp_loss":0.0,"gold_gain":0.0,"cards_transformed":["Strike_R"],"event_name":"Living Wall","player_choice":"Change","floor":5.0,"gold_loss":0.0,"damage_taken":0.0,"cards_obtained":["Offering"]},{"damage_healed":0.0,"max_hp_gain":0.0,"max_hp_loss":0.0,"gold_gain":0.0,"event_name":"Cursed Tome","player_choice":"Obtained Book","floor":20.0,"gold_loss":0.0,"damage_taken":16.0},{"damage_healed":0.0,"max_hp_gain":0.0,"max_hp_loss":0.0,"gold_gain":0.0,"event_name":"Accursed Blacksmith","player_choice":"Forge","floor":24.0,"gold_loss":0.0,"damage_taken":0.0,"cards_upgraded":["Juggernaut"]},{"damage_healed":0,"gold_gain":0,"player_choice":"Max HP","damage_taken":0,"max_hp_gain":0,"max_hp_loss":6,"event_name":"Winding Halls","floor":37,"gold_loss":0}],"is_beta":false,"boss_relics":[{"not_picked":["Busted Crown","Ectoplasm"],"picked":"Cursed Key"},{"not_picked":["Empty Cage","Astrolabe"],"picked":"Eternal Feather"}],"items_purged_floors":[4,19,30,41],"is_endless":false,"potions_floor_spawned":[2,13,14,16,21,22,27,33,36,38],"killed_by":"Reptomancer","ascension_level":0}