{"gold_per_floor":[117,42,42,42,67,67,102,115,139,139,167,177,209,228,228,307,307,322,322,60,60,10,10,10,10,79,144,162,176,176,211,211,211],"floor_reached":33,"playtime":963,"items_purged":["Strike_R","Doubt"],"score":578,"play_id":"4030cbf7-b7f6-499e-b0ad-91d501be541e","local_time":"20190609184822","is_ascension_mode":true,"campfire_choices":[{"data":"Bludgeon","floor":6.0,"key":"SMITH"},{"data":"Flame Barrier","floor":10.0,"key":"SMITH"},{"data":"Seeing Red","floor":15.0,"key":"SMITH"},{"data":"Offering","floor":23.0,"key":"SMITH"},{"data":"Whirlwind","floor":25.0,"key":"SMITH"},{"data":"Fiend Fire","floor":30.0,"key":"SMITH"},{"data":"Armaments","floor":32,"key":"SMITH"}],"neow_cost":"TEN_PERCENT_HP_LOSS","seed_source_timestamp":1555987510100,"circlet_count":0,"master_deck":["AscendersBane","Strike_R","Strike_R","Strike_R","Defend_R","Defend_R","Defend_R","Defend_R","Bash","Bludgeon+1","Pommel Strike","Flame Barrier+1","Hemokinesis","Iron Wave","Seeing Red+1","Pommel Strike","Shrug It Off","Battle Trance","Offering+1","Whirlwind+1","Clumsy","Body Slam+1","Pommel Strike+1","Disarm","Fiend Fire+1","Armaments+1"],"special_seed":0,"relics":["Burning Blood","Prayer Wheel","Bag of Marbles","Dream Catcher","Lantern","Odd Mushroom","Blood Vial","Cursed Key","Membership Card","Thread and Needle","Blue Candle","Tiny Chest","Paper Frog"],"potions_floor_usage":[31,31],"damage_taken":[{"damage":7.0,"enemies":"Small Slimes","floor":1.0,"turns":3.0},{"damage":8.0,"enemies":"Gremlin Nob","floor":7.0,"turns":3.0},{"damage":0.0,"enemies":"2 Louse","floor":8.0,"turns":3.0},{"damage":16.0,"enemies":"The Mushroom Lair","floor":11.0,"turns":5.0},{"damage":0.0,"enemies":"Cultist","floor":12.0,"turns":1.0},{"damage":12.0,"enemies":"3 Sentries","floor":13.0,"turns":7.0},{"damage":3.0,"enemies":"Exordium Wildlife","floor":14.0,"turns":2.0},{"damage":53.0,"enemies":"Hexaghost","floor":16.0,"turns":9.0},{"damage":9.0,"enemies":"Spheric Guardian","floor":18.0,"turns":3.0},{"damage":22.0,"enemies":"Book of Stabbing","floor":27.0,"turns":3.0},{"damage":0.0,"enemies":"3 Byrds","floor":28.0,"turns":2.0},{"damage":10.0,"enemies":"Centurion and Healer","floor":29.0,"turns":4.0},{"damage":3,"enemies":"Gremlin Leader","floor":31,"turns":2},{"damage":74,"enemies":"Champ","floor":33,"turns":9}],"seed_played":"-756411724418442180","potions_obtained":[{"floor":7.0,"key":"Strength Potion"},{"floor":11.0,"key":"Swift Potion"},{"floor":13.0,"key":"Fire Potion"},{"floor":18.0,"key":"SteroidPotion"}],"is_trial":false,"path_per_floor":["M","?","?","?","T","R","E","M","T","R","?","M","E","M","R","B",null,"M","?","$","T","$","R","$","R","T","E","M","M","R","E","R","B"],"character_chosen":"IRONCLAD","items_purchased":["Membership Card"],"campfire_rested":0,"item_purchase_floors":[20],"current_hp_per_floor":[67,67,67,56,56,56,54,60,60,60,50,56,50,55,55,10,54,53,53,53,53,53,53,53,53,53,39,47,45,45,50,50,0],"gold":211,"neow_bonus":"THREE_RARE_CARDS","is_prod":false,"is_daily":false,"chose_seed":false,"campfire_upgraded":7,"win_rate":0,"timestamp":1560102502,"path_taken":["M","?","?","?","?","R","E","M","T","R","?","M","E","M","R","BOSS","M","?","$","?","?","R","$","R","T","E","M","?","R","E","R","BOSS"],"build_version":"2019-01-23","purchased_purges":2,"victory":false,"max_hp_per_floor":[68,68,68,68,68,68,68,68,68,68,68,68,68,68,68,68,68,68,68,68,68,68,68,68,68,68,68,68,68,68,68,68,68],"card_choices":[{"not_picked":["Demon Form","Double Tap"],"picked":"Bludgeon","floor":0.0},{"not_picked":["Thunderclap","Anger"],"picked":"Pommel Strike","floor":1.0},{"not_picked":["Shrug It Off","Clash"],"picked":"Flame Barrier","floor":7.0},{"not_picked":["Exhume","Iron Wave"],"picked":"Hemokinesis","floor":8.0},{"not_picked":["Clothesline","Wild Strike"],"picked":"Iron Wave","floor":8.0},{"not_picked":["Pummel","Fire Breathing"],"picked":"Seeing Red","floor":11.0},{"not_picked":["Seeing Red","Spot Weakness"],"picked":"Pommel Strike","floor":12.0},{"not_picked":["Infernal Blade","Anger","True Grit"],"picked":"SKIP","floor":12.0},{"not_picked":["Evolve","Bloodletting"],"picked":"Shrug It Off","floor":13.0},{"not_picked":["Burning Pact","Headbutt"],"picked":"Battle Trance","floor":14.0},{"not_picked":["Evolve","Ghostly Armor","Feel No Pain"],"picked":"SKIP","floor":14.0},{"not_picked":["Impervious","Reaper"],"picked":"Offering","floor":16.0},{"not_picked":["Cleave","Disarm"],"picked":"Whirlwind","floor":18.0},{"not_picked":["Body Slam","Reckless Charge","Armaments"],"picked":"SKIP","floor":18.0},{"not_picked":["Burning Pact","Evolve"],"picked":"Body Slam+1","floor":27.0},{"not_picked":["Twin Strike+1","Burning Pact"],"picked":"Pommel Strike+1","floor":28.0},{"not_picked":["Twin Strike","True Grit"],"picked":"Disarm","floor":28.0},{"not_picked":["Perfected Strike","Seeing Red"],"picked":"Fiend Fire","floor":29.0},{"not_picked":["Searing Blow","Second Wind","Rampage"],"picked":"SKIP","floor":29.0},{"not_picked":["Warcry","Dual Wield"],"picked":"Armaments","floor":31}],"player_experience":1435710,"relics_obtained":[{"floor":5.0,"key":"Bag of Marbles"},{"floor":7.0,"key":"Dream Catcher"},{"floor":9.0,"key":"Lantern"},{"floor":11.0,"key":"Odd Mushroom"},{"floor":13.0,"key":"Blood Vial"},{"floor":21.0,"key":"Thread and Needle"},{"floor":26.0,"key":"Blue Candle"},{"floor":27.0,"key":"Tiny Chest"},{"floor":31,"key":"Paper Frog"}],"event_choices":[{"cards_removed":["Strike_R"],"damage_healed":0.0,"max_hp_gain":0.0,"max_hp_loss":0.0,"gold_gain":0.0,"event_name":"The Cleric","player_choice":"Card Removal","floor":2.0,"gold_loss":75.0,"damage_taken":0.0},{"damage_healed":0.0,"max_hp_gain":0.0,"max_hp_loss":0.0,"gold_gain":0.0,"event_name":"Liars Game","player_choice":"Ignored","floor":3.0,"gold_loss":0.0,"damage_taken":0.0},{"damage_healed":0.0,"max_hp_gain":0.0,"max_hp_loss":0.0,"gold_gain":0.0,"event_name":"Scrap Ooze","player_choice":"Success","floor":4.0,"gold_loss":0.0,"damage_taken":11.0,"relics_obtained":["Prayer Wheel"]},{"damage_healed":0.0,"max_hp_gain":0.0,"max_hp_loss":0.0,"gold_gain":0.0,"event_name":"Mushrooms","player_choice":"Fought Mushrooms","floor":11.0,"gold_loss":0.0,"damage_taken":0.0},{"damage_healed":0.0,"max_hp_gain":0.0,"max_hp_loss":0.0,"gold_gain":0.0,"event_name":"Lab","player_choice":"Got Potions","floor":19.0,"gold_loss":0.0,"damage_taken":0.0}],"is_beta":false,"boss_relics":[{"not_picked":["Mark of Pain","Ectoplasm"],"picked":"Cursed Key"}],"items_purged_floors":[20,22],"is_endless":false,"potions_floor_spawned":[7,11,13,18,28],"killed_by":"Champ","ascension_level":20}