{"gold_per_floor":[114,114,132,142,161,196,28,28,28,63,73,73,27,27,27,105,105,115,115,40,40,110,110,138,150,232,263,263,313,313,329,329,405,405,415,465,615,719,250,250,282,207,230,230,255,28,28,78,78,78,78],"floor_reached":52,"playtime":2085,"items_purged":["Defend_G","Bite","Bite"],"score":1925,"play_id":"847207a2-1f03-47d2-be54-0aec72199f8f","local_time":"20190615225253","is_ascension_mode":true,"campfire_choices":[{"floor":8.0,"key":"REST"},{"floor":15.0,"key":"REST"},{"data":"Burst","floor":23.0,"key":"SMITH"},{"data":"Catalyst","floor":28.0,"key":"SMITH"},{"data":"Bouncing Flask","floor":30.0,"key":"SMITH"},{"floor":32.0,"key":"REST"},{"floor":40,"key":"REST"},{"data":"Bouncing Flask","floor":44,"key":"SMITH"},{"data":"Sucker Punch","floor":47,"key":"SMITH"},{"data":"Doppelganger","floor":49,"key":"SMITH"}],"neow_cost":"NONE","seed_source_timestamp":136100644522399,"circlet_count":0,"master_deck":["AscendersBane","Defend_G","Defend_G","Defend_G","Defend_G+1","Survivor","Neutralize","Finesse","Dagger Throw","Doppelganger+1","Bouncing Flask+1","Crippling Poison+1","Bane","Sucker Punch+1","Bouncing Flask+1","Tools of the Trade","Predator","Burst+1","Crippling Poison","Bite","Bite","Bite","Catalyst+1","Footwork","Bullet Time","Leg Sweep","Sucker Punch+1","Magnetism"],"special_seed":0,"relics":["Ring of the Snake","Gremlin Horn","Lantern","Pear","Pantograph","Snecko Eye","SsserpentHead","Snake Skull","Paper Crane","Torii","Nunchaku","WristBlade","WingedGreaves","Bird Faced Urn","Centennial Puzzle","Ancient Tea Set","Blood Vial","Bag of Preparation","ClockworkSouvenir"],"potions_floor_usage":[38],"damage_taken":[{"damage":0.0,"enemies":"2 Louse","floor":1.0,"turns":4.0},{"damage":0.0,"enemies":"Cultist","floor":3.0,"turns":3.0},{"damage":5.0,"enemies":"Jaw Worm","floor":4.0,"turns":4.0},{"damage":1.0,"enemies":"2 Fungi Beasts","floor":5.0,"turns":3.0},{"damage":21.0,"enemies":"Lagavulin","floor":6.0,"turns":6.0},{"damage":6.0,"enemies":"Gremlin Nob","floor":10.0,"turns":3.0},{"damage":5.0,"enemies":"Blue Slaver","floor":11.0,"turns":3.0},{"damage":37.0,"enemies":"Hexaghost","floor":16.0,"turns":10.0},{"damage":10.0,"enemies":"2 Thieves","floor":18.0,"turns":3.0},{"damage":0.0,"enemies":"Spheric Guardian","floor":22.0,"turns":2.0},{"damage":18.0,"enemies":"Book of Stabbing","floor":24.0,"turns":5.0},{"damage":14.0,"enemies":"Cultist and Chosen","floor":25.0,"turns":4.0},{"damage":5.0,"enemies":"Gremlin Leader","floor":27.0,"turns":4.0},{"damage":21.0,"enemies":"Chosen and Byrds","floor":31.0,"turns":4.0},{"damage":28.0,"enemies":"Champ","floor":33.0,"turns":5.0},{"damage":14.0,"enemies":"3 Darklings","floor":35.0,"turns":5.0},{"damage":0,"enemies":"Mind Bloom Boss Battle","floor":37,"turns":3},{"damage":23,"enemies":"2 Orb Walkers","floor":38,"turns":4},{"damage":19,"enemies":"Giant Head","floor":41,"turns":6},{"damage":20,"enemies":"Reptomancer","floor":45,"turns":4},{"damage":10,"enemies":"Donu and Deca","floor":50,"turns":6},{"damage":4,"enemies":"Time Eater","floor":51,"turns":3}],"seed_played":"-4694466735878668103","potions_obtained":[{"floor":4.0,"key":"Fire Potion"},{"floor":5.0,"key":"FairyPotion"},{"floor":6.0,"key":"PowerPotion"},{"floor":11.0,"key":"Poison Potion"},{"floor":16.0,"key":"Dexterity Potion"},{"floor":25.0,"key":"SkillPotion"},{"floor":31.0,"key":"PowerPotion"},{"floor":33.0,"key":"Energy Potion"},{"floor":38,"key":"Regen Potion"}],"is_trial":false,"path_per_floor":["M","?","M","M","M","E","$","R","T","E","M","?","?","$","R","B",null,"M","?","$","?","M","R","E","M","T","E","R","T","R","M","R","B",null,"M","?","?","?","$","R","E","$","T","R","E","$","R","$","R","B","B",null],"character_chosen":"THE_SILENT","items_purchased":["Lantern","Magnetism","Centennial Puzzle","ClockworkSouvenir"],"campfire_rested":4,"item_purchase_floors":[7,39,39,46],"current_hp_per_floor":[59,59,59,54,53,32,32,51,61,55,50,27,27,27,49,37,66,56,53,53,53,53,53,41,35,35,36,36,36,36,21,36,31,48,45,45,53,34,34,49,41,41,41,41,33,33,33,33,33,49,51],"gold":78,"neow_bonus":"RANDOM_COLORLESS","is_prod":false,"is_daily":false,"chose_seed":false,"campfire_upgraded":6,"win_rate":0,"timestamp":1560635573,"path_taken":["M","?","?","M","M","E","$","R","T","E","M","?","?","?","R","BOSS","M","?","$","?","?","R","E","M","T","E","R","?","R","M","R","BOSS","M","?","?","?","$","R","E","?","T","R","E","$","R","?","R","BOSS","BOSS"],"build_version":"2019-01-23","purchased_purges":3,"victory":true,"max_hp_per_floor":[66,66,66,66,66,66,66,66,76,76,76,76,76,76,76,76,76,76,53,53,53,53,53,53,53,53,53,53,53,53,53,53,53,53,53,53,53,53,53,53,53,53,53,53,53,53,53,53,53,53,53],"card_choices":[{"not_picked":["Flying Knee","Eviscerate"],"picked":"Dagger Throw","floor":1.0},{"not_picked":["Acrobatics","Underhanded Strike"],"picked":"Crippling Poison","floor":3.0},{"not_picked":["Quick Slash","Slice"],"picked":"Bane","floor":4.0},{"not_picked":["PiercingWail","Underhanded Strike"],"picked":"Sucker Punch","floor":5.0},{"not_picked":["Backstab","Flying Knee"],"picked":"Bouncing Flask","floor":6.0},{"not_picked":["Blade Dance","Concentrate"],"picked":"Tools of the Trade","floor":10.0},{"not_picked":["Backstab","Masterful Stab"],"picked":"Predator","floor":11.0},{"not_picked":["Grand Finale","Storm of Steel"],"picked":"Burst","floor":16.0},{"not_picked":["Quick Slash","Cloak And Dagger"],"picked":"Crippling Poison","floor":18.0},{"not_picked":["Caltrops","Flying Knee","Sucker Punch"],"picked":"SKIP","floor":22.0},{"not_picked":["Poisoned Stab","Blade Dance+1","Cloak And Dagger"],"picked":"SKIP","floor":24.0},{"not_picked":["Tactician","Concentrate","Accuracy"],"picked":"SKIP","floor":25.0},{"not_picked":["Expertise","Leg Sweep"],"picked":"Catalyst","floor":27.0},{"not_picked":["Caltrops","Concentrate"],"picked":"Footwork","floor":31.0},{"not_picked":["Tools of the Trade","Glass Knife"],"picked":"Bullet Time","floor":33.0},{"not_picked":["Cloak And Dagger","Concentrate","Blade Dance"],"picked":"SKIP","floor":35.0},{"not_picked":["Deflect","Dagger Spray"],"picked":"Leg Sweep","floor":37},{"not_picked":["Concentrate","Deadly Poison"],"picked":"Sucker Punch+1","floor":38},{"not_picked":["Outmaneuver","Flying Knee","Terror"],"picked":"SKIP","floor":41},{"not_picked":["Deflect","Prepared","Blade Dance+1"],"picked":"SKIP","floor":45}],"player_experience":1462309,"relics_obtained":[{"floor":6.0,"key":"Gremlin Horn"},{"floor":9.0,"key":"Pear"},{"floor":10.0,"key":"Pantograph"},{"floor":24.0,"key":"Snake Skull"},{"floor":26.0,"key":"Paper Crane"},{"floor":27.0,"key":"Torii"},{"floor":29.0,"key":"Nunchaku"},{"floor":37,"key":"WingedGreaves"},{"floor":38,"key":"Bird Faced Urn"},{"floor":41,"key":"Ancient Tea Set"},{"floor":43,"key":"Blood Vial"},{"floor":45,"key":"Bag of Preparation"}],"event_choices":[{"damage_healed":0.0,"max_hp_gain":0.0,"max_hp_loss":0.0,"gold_gain":0.0,"event_name":"Match and Keep!","player_choice":"2 cards matched","floor":2.0,"gold_loss":0.0,"damage_taken":0.0,"cards_obtained":["Doppelganger","Bouncing Flask"]},{"damage_healed":0.0,"max_hp_gain":0.0,"max_hp_loss":0.0,"gold_gain":0.0,"event_name":"Shining Light","player_choice":"Entered Light","floor":12.0,"gold_loss":0.0,"damage_taken":23.0,"cards_upgraded":["Crippling Poison","Defend_G"]},{"damage_healed":0.0,"max_hp_gain":0.0,"max_hp_loss":0.0,"gold_gain":0.0,"event_name":"World of Goop","player_choice":"Left Gold","floor":13.0,"gold_loss":46.0,"damage_taken":0.0},{"damage_healed":0.0,"max_hp_gain":0.0,"max_hp_loss":23.0,"gold_gain":0.0,"event_name":"Vampires","player_choice":"Became a vampire","floor":19.0,"gold_loss":0.0,"damage_taken":0.0,"cards_obtained":["Bite","Bite","Bite","Bite","Bite"]},{"damage_healed":0.0,"max_hp_gain":0.0,"max_hp_loss":0.0,"gold_gain":0.0,"event_name":"FaceTrader","player_choice":"Trade","floor":21.0,"gold_loss":0.0,"damage_taken":0.0,"relics_obtained":["SsserpentHead"]},{"damage_healed":0,"gold_gain":0,"player_choice":"Memory 1","damage_taken":0,"max_hp_gain":0,"max_hp_loss":0,"event_name":"SensoryStone","floor":36,"gold_loss":0},{"damage_healed":0,"gold_gain":0,"player_choice":"Fight","damage_taken":0,"max_hp_gain":0,"max_hp_loss":0,"event_name":"MindBloom","floor":37,"gold_loss":0},{"damage_healed":0,"gold_gain":0,"player_choice":"Fight","damage_taken":0,"max_hp_gain":0,"max_hp_loss":0,"event_name":"Mysterious Sphere","floor":38,"gold_loss":0}],"is_beta":false,"boss_relics":[{"not_picked":["Empty Cage","White Beast Statue"],"picked":"Snecko Eye"},{"not_picked":["Runic Pyramid","HoveringKite"],"picked":"WristBlade"}],"items_purged_floors":[20,39,42],"is_endless":false,"potions_floor_spawned":[4,5,6,11,16,25,27,31,33,35,38,41],"ascension_level":20}