{"gold_per_floor":[111,129,129,74,91,125,125,141,141,141,168,181,181,214,214,289,289,304,304,36,36,47,47,63,63,143,161,178,178,10,10,10,10],"floor_reached":33,"playtime":852,"items_purged":[],"score":530,"play_id":"cde2e31b-ad4f-4b7e-a142-15a24f99cd8d","local_time":"20190527174238","is_ascension_mode":true,"campfire_choices":[{"data":"Zap","floor":7.0,"key":"SMITH"},{"floor":10.0,"key":"REST"},{"data":"Streamline","floor":13.0,"key":"SMITH"},{"data":"White Noise","floor":15.0,"key":"SMITH"},{"floor":23,"key":"REST"},{"floor":32,"key":"REST"}],"neow_cost":"NONE","seed_source_timestamp":0,"circlet_count":0,"master_deck":["AscendersBane","Strike_B+1","Strike_B+1","Strike_B+1","Strike_B+1","Defend_B+1","Defend_B+1","Defend_B+1","Defend_B+1","Zap+1","Dualcast","Melter","Ball Lightning","Ball Lightning","Streamline+1","White Noise+1","Biased Cognition","Reinforced Body","Creative AI","Cold Snap","White Noise+1","Defragment","White Noise"],"special_seed":0,"relics":["Cracked Core","Pen Nib","Art of War","Cables","Mango","StoneCalendar","Runic Pyramid","Matryoshka","Meat on the Bone","Question Card","MutagenicStrength","Ancient Tea Set","Molten Egg 2","Lantern"],"potions_floor_usage":[33],"damage_taken":[{"damage":0.0,"enemies":"Cultist","floor":1.0,"turns":3.0},{"damage":0.0,"enemies":"2 Louse","floor":2.0,"turns":1.0},{"damage":7.0,"enemies":"Jaw Worm","floor":5.0,"turns":3.0},{"damage":25.0,"enemies":"3 Sentries","floor":6.0,"turns":6.0},{"damage":13.0,"enemies":"Exordium Thugs","floor":8.0,"turns":3.0},{"damage":8.0,"enemies":"Gremlin Nob","floor":11.0,"turns":3.0},{"damage":0.0,"enemies":"Blue Slaver","floor":12.0,"turns":2.0},{"damage":12.0,"enemies":"Lagavulin","floor":14.0,"turns":3.0},{"damage":25.0,"enemies":"Slime Boss","floor":16.0,"turns":6.0},{"damage":25,"enemies":"2 Thieves","floor":18,"turns":4},{"damage":0,"enemies":"Spheric Guardian","floor":22,"turns":1},{"damage":21,"enemies":"Cultist and Chosen","floor":24,"turns":6},{"damage":0,"enemies":"Sentry and Sphere","floor":27,"turns":3},{"damage":29,"enemies":"Centurion and Healer","floor":28,"turns":6},{"damage":67,"enemies":"Collector","floor":33,"turns":7}],"seed_played":"2308009528997529151","potions_obtained":[{"floor":2.0,"key":"SteroidPotion"},{"floor":8.0,"key":"GamblersBrew"},{"floor":16.0,"key":"Ancient Potion"}],"is_trial":false,"path_per_floor":["M","M","?","$","M","E","R","M","T","R","E","M","R","E","R","B",null,"M","?","$","T","M","R","M","?","T","M","M","?","$","?","R","B"],"character_chosen":"DEFECT","items_purchased":["Ball Lightning","Matryoshka","Lantern"],"campfire_rested":3,"item_purchase_floors":[4,20,30],"current_hp_per_floor":[64,64,64,64,57,32,32,19,19,40,46,46,46,34,34,9,66,41,41,41,41,53,78,57,57,57,57,40,40,40,40,65,0],"gold":10,"neow_bonus":"RANDOM_COMMON_RELIC","is_prod":false,"is_daily":false,"chose_seed":false,"campfire_upgraded":3,"win_rate":0,"timestamp":1558993358,"path_taken":["M","?","?","$","M","E","R","M","T","R","E","M","R","E","R","BOSS","M","?","?","?","M","R","?","?","T","M","M","?","$","?","R","BOSS"],"build_version":"2019-01-23","purchased_purges":0,"victory":false,"max_hp_per_floor":[71,71,71,71,71,71,71,71,71,71,85,85,85,85,85,85,85,85,85,85,85,85,85,85,85,85,85,85,85,85,85,85,85],"card_choices":[{"not_picked":["Compile Driver","Turbo"],"picked":"Melter","floor":1.0},{"not_picked":["Conserve Battery","Turbo"],"picked":"Ball Lightning","floor":2.0},{"not_picked":["Leap","Tempest"],"picked":"Streamline","floor":5.0},{"not_picked":["Recycle","Chill","Steam Power"],"picked":"SKIP","floor":6.0},{"not_picked":["Lockon","Streamline","Barrage"],"picked":"SKIP","floor":8.0},{"not_picked":["Gash","Redo"],"picked":"White Noise","floor":11.0},{"not_picked":["Hologram","Capacitor"],"picked":"Biased Cognition","floor":12.0},{"not_picked":["Gash","Steam"],"picked":"Reinforced Body","floor":14.0},{"not_picked":["Multi-Cast","Amplify"],"picked":"Creative AI","floor":16.0},{"not_picked":["Turbo","Stack+1"],"picked":"Cold Snap","floor":18},{"not_picked":["Reprogram+1","Coolheaded","Turbo","Rebound"],"picked":"SKIP","floor":22},{"not_picked":["Darkness","Turbo+1","Barrage"],"picked":"Defragment","floor":24},{"not_picked":["Auto Shields","Gash+1","Undo","Barrage+1"],"picked":"SKIP","floor":27},{"not_picked":["Go for the Eyes+1","Chill+1","Redo+1"],"picked":"White Noise","floor":28}],"player_experience":715374,"relics_obtained":[{"floor":6.0,"key":"Art of War"},{"floor":9.0,"key":"Cables"},{"floor":11.0,"key":"Mango"},{"floor":14.0,"key":"StoneCalendar"},{"floor":21,"key":"Meat on the Bone"},{"floor":21,"key":"Question Card"},{"floor":26,"key":"Ancient Tea Set"},{"floor":26,"key":"Molten Egg 2"}],"event_choices":[{"damage_healed":0.0,"max_hp_gain":0.0,"max_hp_loss":0.0,"gold_gain":0.0,"event_name":"The Cleric","player_choice":"Leave","floor":3.0,"gold_loss":0.0,"damage_taken":0.0},{"damage_healed":0,"gold_gain":0,"player_choice":"Copied","damage_taken":0,"max_hp_gain":0,"max_hp_loss":0,"event_name":"Duplicator","floor":19,"gold_loss":0,"cards_obtained":["White Noise"]},{"damage_healed":0,"gold_gain":0,"player_choice":"Inject Mutagens","damage_taken":0,"relics_obtained":["MutagenicStrength"],"max_hp_gain":0,"max_hp_loss":0,"event_name":"Drug Dealer","floor":25,"gold_loss":0},{"damage_healed":0,"gold_gain":0,"player_choice":"Simplicity","damage_taken":0,"max_hp_gain":0,"max_hp_loss":0,"event_name":"Back to Basics","floor":29,"gold_loss":0,"cards_upgraded":["Strike_B","Strike_B","Strike_B","Strike_B","Defend_B","Defend_B","Defend_B","Defend_B"]},{"damage_healed":0,"gold_gain":0,"player_choice":"0 cards matched","damage_taken":0,"max_hp_gain":0,"max_hp_loss":0,"event_name":"Match and Keep!","floor":31,"gold_loss":0,"cards_obtained":[]}],"is_beta":false,"boss_relics":[{"not_picked":["FrozenCore","Pandora\u0027s Box"],"picked":"Runic Pyramid"}],"items_purged_floors":[],"is_endless":false,"potions_floor_spawned":[2,8,14,16,28],"killed_by":"Collector","ascension_level":20}