{"gold_per_floor":[118,27,42,60,60,60,96,96,96,131,131,155,174,189,189,285,285,300,350,475,134,334,372,391,391,467,467,510,510,544,559,559,559],"floor_reached":33,"playtime":927,"items_purged":[],"score":635,"play_id":"b462f99d-1b9a-4f7f-8d4d-baebb17436e7","local_time":"20190618153218","is_ascension_mode":true,"campfire_choices":[{"data":"Enlightenment","floor":6.0,"key":"SMITH"},{"floor":8.0,"key":"REST"},{"data":"Spot Weakness","floor":15.0,"key":"SMITH"},{"floor":25.0,"key":"DIG"},{"floor":27.0,"key":"DIG"},{"floor":32.0,"key":"DIG"}],"neow_cost":"NONE","seed_source_timestamp":0,"circlet_count":0,"master_deck":["AscendersBane","Strike_R+1","Strike_R","Strike_R","Strike_R","Strike_R","Defend_R","Defend_R","Defend_R","Defend_R","Bash","Whirlwind","Enlightenment+1","Headbutt","Spot Weakness+1","Perfected Strike+1","Sword Boomerang","Sword Boomerang","Reaper","Perfected Strike","Sword Boomerang+1","Pommel Strike","Shockwave","Barricade+1","Perfected Strike+1","Disarm","Entrench+1"],"special_seed":0,"relics":["Burning Blood","Oddly Smooth Stone","Golden Idol","Pantograph","Bag of Marbles","Red Skull","Philosopher\u0027s Stone","Shovel","Meat on the Bone","Frozen Egg 2","Whetstone","Self Forming Clay","Mummified Hand","Singing Bowl","Potion Belt","Darkstone Periapt","Shuriken"],"potions_floor_usage":[],"damage_taken":[{"damage":0.0,"enemies":"Small Slimes","floor":1.0,"turns":5.0},{"damage":0.0,"enemies":"2 Louse","floor":3.0,"turns":2.0},{"damage":5.0,"enemies":"Jaw Worm","floor":4.0,"turns":4.0},{"damage":44.0,"enemies":"Lagavulin","floor":7.0,"turns":8.0},{"damage":32.0,"enemies":"Gremlin Nob","floor":10.0,"turns":4.0},{"damage":1.0,"enemies":"Looter","floor":12.0,"turns":2.0},{"damage":0.0,"enemies":"3 Louse","floor":13.0,"turns":2.0},{"damage":0.0,"enemies":"Red Slaver","floor":14.0,"turns":1.0},{"damage":42.0,"enemies":"Hexaghost","floor":16.0,"turns":6.0},{"damage":24.0,"enemies":"2 Thieves","floor":18.0,"turns":3.0},{"damage":29.0,"enemies":"Colosseum Slavers","floor":20.0,"turns":2.0},{"damage":11.0,"enemies":"Colosseum Nobs","floor":20.0,"turns":3.0},{"damage":42.0,"enemies":"Gremlin Leader","floor":23.0,"turns":5.0},{"damage":0.0,"enemies":"Spheric Guardian","floor":24.0,"turns":3.0},{"damage":34.0,"enemies":"Book of Stabbing","floor":28.0,"turns":4.0},{"damage":7.0,"enemies":"Gremlin Leader","floor":30.0,"turns":4.0},{"damage":0.0,"enemies":"Snake Plant","floor":31.0,"turns":2.0},{"damage":114,"enemies":"Collector","floor":33,"turns":8}],"seed_played":"7145074878927439886","potions_obtained":[{"floor":1.0,"key":"PowerPotion"},{"floor":3.0,"key":"EssenceOfSteel"},{"floor":12.0,"key":"SteroidPotion"},{"floor":14.0,"key":"Fire Potion"},{"floor":20.0,"key":"AttackPotion"},{"floor":28.0,"key":"SpeedPotion"},{"floor":30.0,"key":"FairyPotion"}],"is_trial":false,"path_per_floor":["M","$","M","M","?","R","E","R","T","E","?","M","M","M","R","B",null,"M","?","?","$","?","E","M","R","T","R","E","?","E","M","R","B"],"character_chosen":"IRONCLAD","items_purchased":["Enlightenment","Frozen Egg 2","Pommel Strike"],"campfire_rested":1,"item_purchase_floors":[2,21,21],"current_hp_per_floor":[74,74,75,75,49,49,11,33,33,7,7,12,18,24,24,13,60,42,42,46,46,46,34,52,52,52,52,38,38,53,59,59,0],"gold":559,"neow_bonus":"RANDOM_COMMON_RELIC","is_prod":false,"is_daily":false,"chose_seed":false,"campfire_upgraded":2,"win_rate":0,"timestamp":1560886338,"path_taken":["M","$","M","M","?","R","E","R","T","E","?","M","M","M","R","BOSS","M","?","?","$","?","E","?","R","T","R","E","?","E","M","R","BOSS"],"build_version":"2019-01-23","purchased_purges":0,"victory":false,"max_hp_per_floor":[75,75,75,75,75,75,75,75,75,75,75,75,75,75,75,75,75,75,75,75,75,75,75,75,75,75,75,77,77,77,77,77,77],"card_choices":[{"not_picked":["Uppercut","Second Wind"],"picked":"Whirlwind","floor":1.0},{"not_picked":["Bloodletting","Combust","Armaments"],"picked":"SKIP","floor":3.0},{"not_picked":["Thunderclap","Clash"],"picked":"Headbutt","floor":4.0},{"not_picked":["Dark Embrace","Havoc"],"picked":"Spot Weakness","floor":7.0},{"not_picked":["Clash","Corruption"],"picked":"Perfected Strike","floor":10.0},{"not_picked":["Cleave","Ghostly Armor"],"picked":"Sword Boomerang","floor":12.0},{"not_picked":["Blood for Blood","Feel No Pain","Flex"],"picked":"SKIP","floor":13.0},{"not_picked":["Reckless Charge","Combust"],"picked":"Sword Boomerang","floor":14.0},{"not_picked":["Dark Embrace","Feed"],"picked":"Reaper","floor":16.0},{"not_picked":["Disarm","Warcry"],"picked":"Perfected Strike","floor":18.0},{"not_picked":["Body Slam","Thunderclap"],"picked":"Sword Boomerang+1","floor":20.0},{"not_picked":["Armaments","Bloodletting"],"picked":"Shockwave","floor":23.0},{"not_picked":["Flex","Clothesline"],"picked":"Barricade+1","floor":24.0},{"not_picked":["Iron Wave","Reckless Charge","Anger+1"],"picked":"Singing Bowl","floor":28.0},{"not_picked":["Power Through","Dual Wield"],"picked":"Disarm","floor":30.0},{"not_picked":["Body Slam+1","True Grit"],"picked":"Entrench+1","floor":31.0}],"player_experience":754103,"relics_obtained":[{"floor":7.0,"key":"Pantograph"},{"floor":9.0,"key":"Bag of Marbles"},{"floor":10.0,"key":"Red Skull"},{"floor":20.0,"key":"Shovel"},{"floor":20.0,"key":"Meat on the Bone"},{"floor":23.0,"key":"Whetstone"},{"floor":25.0,"key":"Self Forming Clay"},{"floor":26.0,"key":"Mummified Hand"},{"floor":27.0,"key":"Singing Bowl"},{"floor":28.0,"key":"Potion Belt"},{"floor":30.0,"key":"Darkstone Periapt"},{"floor":32.0,"key":"Shuriken"}],"event_choices":[{"damage_healed":0.0,"max_hp_gain":0.0,"max_hp_loss":0.0,"gold_gain":0.0,"event_name":"Golden Idol","player_choice":"Take Damage","floor":5.0,"gold_loss":0.0,"damage_taken":26.0,"relics_obtained":["Golden Idol"]},{"damage_healed":0.0,"max_hp_gain":0.0,"max_hp_loss":0.0,"gold_gain":0.0,"event_name":"Scrap Ooze","player_choice":"Fled","floor":11.0,"gold_loss":0.0,"damage_taken":0.0},{"damage_healed":0.0,"max_hp_gain":0.0,"max_hp_loss":0.0,"gold_gain":50.0,"event_name":"Nest","player_choice":"Stole From Cult","floor":19.0,"gold_loss":0.0,"damage_taken":0.0},{"damage_healed":0.0,"max_hp_gain":0.0,"max_hp_loss":0.0,"gold_gain":0.0,"event_name":"Colosseum","player_choice":"Fight","floor":20.0,"gold_loss":0.0,"damage_taken":0.0},{"damage_healed":0.0,"max_hp_gain":0.0,"max_hp_loss":0.0,"gold_gain":0.0,"event_name":"Colosseum","player_choice":"Fought Nobs","floor":20.0,"gold_loss":0.0,"damage_taken":0.0},{"damage_healed":0.0,"max_hp_gain":0.0,"max_hp_loss":0.0,"gold_gain":250.0,"event_name":"The Joust","player_choice":"Bet on Owner","floor":22.0,"gold_loss":50.0,"damage_taken":0.0},{"damage_healed":0.0,"max_hp_gain":0.0,"max_hp_loss":0.0,"gold_gain":0.0,"event_name":"Duplicator","player_choice":"Copied","floor":29.0,"gold_loss":0.0,"damage_taken":0.0,"cards_obtained":["Perfected Strike"]}],"is_beta":false,"boss_relics":[{"not_picked":["Runic Dome","Velvet Choker"],"picked":"Philosopher\u0027s Stone"}],"items_purged_floors":[],"is_endless":false,"potions_floor_spawned":[1,3,12,14,20,20,28,30],"killed_by":"Collector","ascension_level":19}