{"gold_per_floor":[116,116,191,205,255,255,287,316,351,379,391,251,283,132,132,132],"floor_reached":16,"playtime":333,"items_purged":["Strike_R"],"score":266,"play_id":"4b5bd705-4960-460b-b442-1ef46efe40f2","local_time":"20190626171124","is_ascension_mode":true,"campfire_choices":[{"data":"Bash","floor":6.0,"key":"SMITH"},{"data":"Shockwave","floor":11.0,"key":"SMITH"},{"data":"Juggernaut","floor":15,"key":"SMITH"}],"neow_cost":"NONE","seed_source_timestamp":5201414797047269,"circlet_count":0,"master_deck":["AscendersBane","Strike_R","Strike_R","Strike_R","Strike_R","Defend_R","Defend_R","Defend_R","Defend_R","Bash+1","Shockwave+1","Whirlwind","Infernal Blade","Battle Trance","Metallicize","Combust","Juggernaut+1"],"special_seed":0,"relics":["Burning Blood","NeowsBlessing","MawBank","PreservedInsect"],"potions_floor_usage":[13,16],"damage_taken":[{"damage":0.0,"enemies":"Small Slimes","floor":1.0,"turns":1.0},{"damage":0.0,"enemies":"2 Louse","floor":4.0,"turns":2.0},{"damage":0.0,"enemies":"Lagavulin","floor":7.0,"turns":1.0},{"damage":2.0,"enemies":"Jaw Worm","floor":8.0,"turns":5.0},{"damage":8.0,"enemies":"3 Louse","floor":10.0,"turns":2.0},{"damage":34,"enemies":"3 Sentries","floor":13,"turns":7},{"damage":61,"enemies":"Slime Boss","floor":16,"turns":7}],"seed_played":"7485894419399881018","potions_obtained":[{"floor":7.0,"key":"AttackPotion"},{"floor":8.0,"key":"FearPotion"},{"floor":13,"key":"Regen Potion"}],"is_trial":false,"path_per_floor":["M","?","?","M","?","R","E","M","T","M","R","$","E","$","R","B"],"character_chosen":"IRONCLAD","items_purchased":["Metallicize","Juggernaut"],"campfire_rested":0,"item_purchase_floors":[12,14],"current_hp_per_floor":[74,74,63,69,69,69,75,75,75,73,73,73,45,45,45,0],"gold":132,"neow_bonus":"THREE_ENEMY_KILL","is_prod":false,"is_daily":false,"chose_seed":false,"campfire_upgraded":3,"win_rate":0,"timestamp":1561583484,"path_taken":["M","?","?","?","?","R","E","M","T","M","R","$","E","$","R","BOSS"],"build_version":"2019-01-23","purchased_purges":1,"victory":false,"max_hp_per_floor":[75,75,75,75,75,75,75,75,75,75,75,75,75,75,75,75],"card_choices":[{"not_picked":["Clash","Sentinel"],"picked":"Shockwave","floor":1.0},{"not_picked":["Warcry","Reckless Charge","Second Wind"],"picked":"SKIP","floor":4.0},{"not_picked":["Twin Strike","Infernal Blade"],"picked":"Whirlwind","floor":7.0},{"not_picked":["Carnage","Entrench"],"picked":"Infernal Blade","floor":8.0},{"not_picked":["Iron Wave","Corruption"],"picked":"Battle Trance","floor":10.0},{"not_picked":["True Grit","Perfected Strike"],"picked":"Combust","floor":13}],"player_experience":785878,"relics_obtained":[{"floor":7.0,"key":"MawBank"},{"floor":13,"key":"PreservedInsect"}],"event_choices":[{"damage_healed":0.0,"max_hp_gain":0.0,"max_hp_loss":0.0,"gold_gain":0.0,"event_name":"Liars Game","player_choice":"Ignored","floor":2.0,"gold_loss":0.0,"damage_taken":0.0},{"damage_healed":0.0,"max_hp_gain":0.0,"max_hp_loss":0.0,"gold_gain":75.0,"event_name":"World of Goop","player_choice":"Gather Gold","floor":3.0,"gold_loss":0.0,"damage_taken":11.0},{"damage_healed":0.0,"max_hp_gain":0.0,"max_hp_loss":0.0,"gold_gain":50.0,"event_name":"Golden Shrine","player_choice":"Pray","floor":5.0,"gold_loss":0.0,"damage_taken":0.0}],"is_beta":false,"boss_relics":[],"items_purged_floors":[12],"is_endless":false,"potions_floor_spawned":[7,8,13],"killed_by":"Slime Boss","ascension_level":20}