{"gold_per_floor":[119,133,152,152,152,152,182,182,182,196,213,213,32,49,49,128,128,146,146,146,158,171,171,186,205,205,220,220],"floor_reached":28,"playtime":1191,"items_purged":[],"score":448,"play_id":"16b95f4e-08c0-4ea3-b66a-2cdd3b56eeff","local_time":"20190521174308","is_ascension_mode":true,"campfire_choices":[{"floor":6.0,"key":"REST"},{"floor":8.0,"key":"REST"},{"floor":15.0,"key":"REST"},{"floor":23,"key":"REST"}],"neow_cost":"NONE","seed_source_timestamp":2092684065328034,"circlet_count":0,"master_deck":["AscendersBane","Strike_B","Strike_B","Strike_B","Defend_B","Defend_B","Defend_B","Defend_B","Zap+1","Dualcast","Darkness","Ball Lightning","Ball Lightning","Leap","Sunder","Self Repair","Stack","Echo Form","Echo Form","FTL","Reinforced Body","Hello World+1"],"special_seed":0,"relics":["Cracked Core","The Courier","Centennial Puzzle","Bag of Preparation","Toolbox","Philosopher\u0027s Stone","Potion Belt"],"potions_floor_usage":[],"damage_taken":[{"damage":0.0,"enemies":"Jaw Worm","floor":1.0,"turns":3.0},{"damage":10.0,"enemies":"2 Louse","floor":2.0,"turns":4.0},{"damage":6.0,"enemies":"Cultist","floor":3.0,"turns":3.0},{"damage":50.0,"enemies":"3 Sentries","floor":7.0,"turns":10.0},{"damage":2.0,"enemies":"Large Slime","floor":10.0,"turns":4.0},{"damage":12.0,"enemies":"Exordium Wildlife","floor":11.0,"turns":4.0},{"damage":0.0,"enemies":"Looter","floor":14.0,"turns":3.0},{"damage":15.0,"enemies":"Slime Boss","floor":16.0,"turns":8.0},{"damage":11,"enemies":"2 Thieves","floor":18,"turns":4},{"damage":27,"enemies":"Shell Parasite","floor":21,"turns":5},{"damage":9,"enemies":"3 Cultists","floor":22,"turns":4},{"damage":30,"enemies":"Centurion and Healer","floor":24,"turns":5},{"damage":24,"enemies":"Cultist and Chosen","floor":25,"turns":7},{"damage":16,"enemies":"Snake Plant","floor":27,"turns":3},{"damage":8,"enemies":"Sentry and Sphere","floor":28,"turns":5}],"seed_played":"-8148496442004070605","potions_obtained":[{"floor":1.0,"key":"FairyPotion"},{"floor":10.0,"key":"Fire Potion"},{"floor":11.0,"key":"Ancient Potion"},{"floor":27,"key":"Explosive Potion"}],"is_trial":false,"path_per_floor":["M","M","M","?","?","R","E","R","T","M","M","?","$","M","R","B",null,"M","$","?","M","M","R","M","M","T","M","M"],"character_chosen":"DEFECT","items_purchased":["Toolbox"],"campfire_rested":4,"item_purchase_floors":[13],"current_hp_per_floor":[64,54,48,43,36,57,7,28,28,26,14,14,14,21,42,34,62,51,51,51,38,29,50,27,10,10,7,0],"gold":220,"neow_bonus":"UPGRADE_CARD","is_prod":false,"is_daily":false,"chose_seed":false,"campfire_upgraded":0,"win_rate":0,"timestamp":1558474988,"path_taken":["M","M","M","?","?","R","E","R","T","M","M","?","$","M","R","BOSS","M","$","?","M","M","R","M","M","T","M","M"],"build_version":"2019-01-23","purchased_purges":0,"victory":false,"max_hp_per_floor":[71,71,71,71,71,71,71,71,71,71,71,71,71,71,71,71,71,71,71,71,71,71,71,71,71,71,71,71],"card_choices":[{"not_picked":["Fusion","Tempest"],"picked":"Darkness","floor":1.0},{"not_picked":["Rebound","Go for the Eyes"],"picked":"Ball Lightning","floor":2.0},{"not_picked":["Go for the Eyes","Heatsinks"],"picked":"Ball Lightning","floor":3.0},{"not_picked":["Gash","Coolheaded"],"picked":"Leap","floor":7.0},{"not_picked":["Beam Cell","Ball Lightning"],"picked":"Sunder","floor":10.0},{"not_picked":["Stack","Compile Driver"],"picked":"Self Repair","floor":11.0},{"not_picked":["Beam Cell","Barrage"],"picked":"Stack","floor":14.0},{"not_picked":["Machine Learning","Thunder Strike"],"picked":"Echo Form","floor":16.0},{"not_picked":["Recycle","Stack","Rebound+1"],"picked":"SKIP","floor":18},{"not_picked":["Aggregate","Scrape"],"picked":"FTL","floor":21},{"not_picked":["Aggregate","Turbo","Chaos"],"picked":"SKIP","floor":22},{"not_picked":["Redo","Leap"],"picked":"Reinforced Body","floor":24},{"not_picked":["Conserve Battery","Go for the Eyes"],"picked":"Hello World+1","floor":25},{"not_picked":["Recycle","Redo","Sweeping Beam"],"picked":"SKIP","floor":27}],"player_experience":701074,"relics_obtained":[{"floor":7.0,"key":"Centennial Puzzle"},{"floor":9.0,"key":"Bag of Preparation"},{"floor":26,"key":"Potion Belt"}],"event_choices":[{"damage_healed":0.0,"max_hp_gain":0.0,"max_hp_loss":0.0,"gold_gain":0.0,"event_name":"Scrap Ooze","player_choice":"Success","floor":4.0,"gold_loss":0.0,"damage_taken":5.0,"relics_obtained":["The Courier"]},{"cards_removed":["Strike_B"],"damage_healed":0.0,"max_hp_gain":0.0,"max_hp_loss":0.0,"gold_gain":0.0,"event_name":"Golden Wing","player_choice":"Card Removal","floor":5.0,"gold_loss":0.0,"damage_taken":7.0},{"damage_healed":0.0,"max_hp_gain":0.0,"max_hp_loss":0.0,"gold_gain":0.0,"event_name":"Shining Light","player_choice":"Ignored","floor":12.0,"gold_loss":0.0,"damage_taken":0.0},{"damage_healed":0,"gold_gain":0,"player_choice":"Copied","damage_taken":0,"max_hp_gain":0,"max_hp_loss":0,"event_name":"Duplicator","floor":20,"gold_loss":0,"cards_obtained":["Echo Form"]}],"is_beta":false,"boss_relics":[{"not_picked":["Tiny House","Runic Dome"],"picked":"Philosopher\u0027s Stone"}],"items_purged_floors":[],"is_endless":false,"potions_floor_spawned":[1,10,11,16,25,27],"killed_by":"Sentry and Sphere","ascension_level":20}