{"gold_per_floor":[110,110,127,56,70,70,100,100,179,212,240,240,272,158,158,259,259,272,272,289,111,125,125,158,158,158,178,191,217,230,245,245,346,346,359,158,158,8,0,0,32,32,84,116,116,141,155,155,155,155],"floor_reached":51,"playtime":9478,"items_purged":["Defend_B","Strike_B","Strike_B","Strike_B"],"score":802,"play_id":"297db131-c7ae-4805-bca1-c83fdf8f6b6c","local_time":"20190711133635","is_ascension_mode":true,"campfire_choices":[{"data":"Hologram","floor":6,"key":"SMITH"},{"data":"Conserve Battery","floor":8,"key":"SMITH"},{"data":"White Noise","floor":15,"key":"SMITH"},{"data":"Echo Form","floor":23,"key":"SMITH"},{"floor":25,"key":"REST"},{"floor":32,"key":"REST"},{"data":"Electrodynamics","floor":40,"key":"SMITH"},{"data":"Seek","floor":42,"key":"SMITH"},{"floor":45,"key":"REST"},{"floor":49,"key":"REST"}],"neow_cost":"NONE","seed_source_timestamp":303303649805249,"circlet_count":0,"master_deck":["Strike_B","Defend_B+1","Defend_B+1","Defend_B","Zap","Dualcast","Rainbow+1","Conserve Battery","Conserve Battery+1","Self Repair","Hologram+1","White Noise+1","Reinforced Body","Echo Form+1","Loop","Machine Learning","Capacitor","Barrage","Defragment","Defragment","Electrodynamics+1","Seek+1"],"relics":["Cracked Core","Boot","Sundial","Mummified Hand","Odd Mushroom","Mercury Hourglass","Dodecahedron","Orrery","Bronze Scales","Ornamental Fan","Shuriken","Lizard Tail","Red Mask","Orichalcum","War Paint","Anchor","Potion Belt"],"potions_floor_usage":[7,7,13,16,22,22,29,29,30,33,50,50,50],"damage_taken":[{"damage":0,"enemies":"2 Louse","floor":1,"turns":4},{"damage":1,"enemies":"Jaw Worm","floor":3,"turns":3},{"damage":0,"enemies":"Small Slimes","floor":5,"turns":3},{"damage":23,"enemies":"3 Sentries","floor":7,"turns":11},{"damage":2,"enemies":"Lagavulin","floor":10,"turns":7},{"damage":18,"enemies":"The Mushroom Lair","floor":11,"turns":6},{"damage":1,"enemies":"3 Sentries","floor":13,"turns":5},{"damage":20,"enemies":"Hexaghost","floor":16,"turns":8},{"damage":9,"enemies":"Spheric Guardian","floor":18,"turns":4},{"damage":8,"enemies":"Chosen","floor":20,"turns":5},{"damage":8,"enemies":"Shelled Parasite and Fungi","floor":22,"turns":5},{"damage":55,"enemies":"Book of Stabbing","floor":24,"turns":8},{"damage":27,"enemies":"Snake Plant","floor":27,"turns":4},{"damage":12,"enemies":"Centurion and Healer","floor":28,"turns":4},{"damage":0,"enemies":"Gremlin Leader","floor":29,"turns":6},{"damage":0,"enemies":"Snecko","floor":30,"turns":7},{"damage":18,"enemies":"3 Cultists","floor":31,"turns":6},{"damage":37,"enemies":"Collector","floor":33,"turns":11},{"damage":17,"enemies":"3 Darklings","floor":35,"turns":3},{"damage":23,"enemies":"Reptomancer","floor":41,"turns":6},{"damage":108,"enemies":"Nemesis","floor":44,"turns":9},{"damage":18,"enemies":"Reptomancer","floor":46,"turns":6},{"damage":11,"enemies":"Orb Walker","floor":47,"turns":4},{"damage":19,"enemies":"Donu and Deca","floor":50,"turns":6}],"seed_played":"8058696697604512108","potions_obtained":[{"floor":3,"key":"SkillPotion"},{"floor":5,"key":"LiquidBronze"},{"floor":7,"key":"LiquidBronze"},{"floor":13,"key":"FocusPotion"},{"floor":16,"key":"Dexterity Potion"},{"floor":18,"key":"SkillPotion"},{"floor":27,"key":"SpeedPotion"},{"floor":28,"key":"FocusPotion"},{"floor":29,"key":"Weak Potion"},{"floor":31,"key":"Swift Potion"},{"floor":35,"key":"Strength Potion"},{"floor":46,"key":"Strength Potion"},{"floor":47,"key":"AttackPotion"}],"is_trial":false,"path_per_floor":["M","?","M","$","M","R","E","R","T","E","?","T","E","$","R","B",null,"M","?","M","$","M","R","E","R","T","M","M","E","M","M","R","B",null,"M","$","?","$","?","R","E","R","T","E","R","E","M","?","R","B",null],"character_chosen":"DEFECT","items_purchased":["Self Repair","Reinforced Body","Defragment","Ancient Potion"],"campfire_rested":4,"item_purchase_floors":[4,14,21,36],"current_hp_per_floor":[75,75,74,74,75,75,59,59,59,64,53,53,59,59,59,39,75,66,66,65,65,64,64,16,38,38,18,13,20,27,16,38,8,75,65,65,65,65,65,65,49,49,49,10,32,21,24,24,46,34],"gold":155,"neow_bonus":"ONE_RANDOM_RARE_CARD","is_prod":false,"is_daily":false,"chose_seed":false,"campfire_upgraded":6,"win_rate":0,"timestamp":1562826995,"path_taken":["M","?","M","$","M","R","E","R","T","E","?","?","E","$","R","BOSS","M","?","M","$","M","R","E","R","T","M","M","E","M","M","R","BOSS","M","$","?","$","?","R","E","R","T","E","R","E","M","?","R","BOSS"],"build_version":"2019-07-05","purchased_purges":4,"victory":true,"max_hp_per_floor":[75,75,75,75,75,75,75,75,75,75,75,75,75,75,75,75,75,75,75,75,75,75,75,75,75,75,75,75,75,75,75,75,75,75,75,75,75,75,75,75,75,75,75,75,75,75,75,75,75,75],"card_choices":[{"not_picked":["Steam","Ball Lightning"],"picked":"Conserve Battery","floor":1},{"not_picked":["Go for the Eyes","Cold Snap"],"picked":"Conserve Battery","floor":3},{"not_picked":["Leap","BootSequence"],"picked":"Hologram","floor":5},{"not_picked":["Tempest","Redo","Melter"],"picked":"SKIP","floor":7},{"not_picked":["Chaos","Reprogram"],"picked":"White Noise","floor":10},{"not_picked":["Stack","Tempest","Steam"],"picked":"SKIP","floor":13},{"not_picked":["Buffer","Creative AI"],"picked":"Echo Form","floor":16},{"not_picked":["Streamline","Leap"],"picked":"Loop","floor":17},{"not_picked":["Stack","Loop"],"picked":"Machine Learning","floor":17},{"not_picked":["Coolheaded","Barrage"],"picked":"Capacitor","floor":17},{"not_picked":["Leap","Hologram+1"],"picked":"Barrage","floor":18},{"not_picked":["Steam","Beam Cell"],"picked":"Defragment","floor":20},{"not_picked":["White Noise","Barrage","Hologram+1"],"picked":"SKIP","floor":22},{"not_picked":["Auto Shields","White Noise","Sweeping Beam"],"picked":"SKIP","floor":24},{"not_picked":["Rebound","Cold Snap","Sweeping Beam"],"picked":"SKIP","floor":27},{"not_picked":["Lockon+1","Conserve Battery","Hologram"],"picked":"SKIP","floor":28},{"not_picked":["Beam Cell","Streamline"],"picked":"Electrodynamics","floor":29},{"not_picked":["Leap","Stack","Steam"],"picked":"SKIP","floor":30},{"not_picked":["Conserve Battery","Gash","Barrage+1"],"picked":"SKIP","floor":31},{"not_picked":["Rebound","Tempest","Gash+1"],"picked":"SKIP","floor":35},{"not_picked":["Stack+1","Melter+1"],"picked":"Seek","floor":41},{"not_picked":["Beam Cell","Reboot","Go for the Eyes"],"picked":"SKIP","floor":44},{"not_picked":["Barrage+1","Coolheaded","Conserve Battery+1"],"picked":"SKIP","floor":46},{"not_picked":["Redo","Barrage","White Noise+1"],"picked":"SKIP","floor":47}],"player_experience":7256,"relics_obtained":[{"floor":7,"key":"Boot"},{"floor":9,"key":"Sundial"},{"floor":10,"key":"Mummified Hand"},{"floor":11,"key":"Odd Mushroom"},{"floor":12,"key":"Mercury Hourglass"},{"floor":13,"key":"Dodecahedron"},{"floor":24,"key":"Bronze Scales"},{"floor":26,"key":"Ornamental Fan"},{"floor":29,"key":"Shuriken"},{"floor":41,"key":"Orichalcum"},{"floor":43,"key":"War Paint"},{"floor":44,"key":"Anchor"},{"floor":46,"key":"Potion Belt"}],"event_choices":[{"damage_healed":0,"gold_gain":0,"player_choice":"Grow","damage_taken":0,"max_hp_gain":0,"max_hp_loss":0,"event_name":"Living Wall","floor":2,"gold_loss":0,"cards_upgraded":["Rainbow"]},{"damage_healed":0,"gold_gain":0,"player_choice":"Fought Mushrooms","damage_taken":0,"max_hp_gain":0,"max_hp_loss":0,"event_name":"Mushrooms","floor":11,"gold_loss":0},{"damage_healed":0,"gold_gain":0,"player_choice":"Ignored","damage_taken":0,"max_hp_gain":0,"max_hp_loss":0,"event_name":"Vampires","floor":19,"gold_loss":0},{"damage_healed":0,"gold_gain":0,"player_choice":"Memory 1","damage_taken":0,"max_hp_gain":0,"max_hp_loss":0,"event_name":"SensoryStone","floor":37,"gold_loss":0},{"damage_healed":0,"gold_gain":0,"player_choice":"Paid","damage_taken":0,"relics_obtained":["Red Mask"],"max_hp_gain":0,"max_hp_loss":0,"event_name":"Tomb of Lord Red Mask","floor":39,"gold_loss":8},{"damage_healed":0,"gold_gain":0,"player_choice":"Ignored","damage_taken":0,"max_hp_gain":0,"max_hp_loss":0,"event_name":"Mysterious Sphere","floor":48,"gold_loss":0}],"is_beta":false,"boss_relics":[{"not_picked":["Empty Cage","White Beast Statue"],"picked":"Orrery"},{"not_picked":["Coffee Dripper","Runic Dome"],"picked":"Lizard Tail"}],"items_purged_floors":[14,21,36,38],"is_endless":false,"potions_floor_spawned":[3,5,7,13,16,18,27,28,29,31,35,46,47],"ascension_level":1}