{"gold_per_floor":[109,109,121,133,149,149,184,184,184,184,217,235,268,279,279,351,351,367,387,487,487,487],"floor_reached":22,"playtime":863,"items_purged":[],"score":412,"play_id":"2cf1c9b6-649a-4ee7-b84a-7911b291a695","local_time":"20190628215721","is_ascension_mode":true,"campfire_choices":[{"data":"Body Slam","floor":6.0,"key":"SMITH"},{"data":"Bash","floor":8.0,"key":"SMITH"},{"floor":10.0,"key":"REST"},{"data":"Double Tap","floor":15.0,"key":"SMITH"}],"neow_cost":"TEN_PERCENT_HP_LOSS","seed_source_timestamp":0,"circlet_count":0,"master_deck":["AscendersBane","Strike_R","Strike_R","Strike_R","Strike_R","Defend_R","Defend_R","Defend_R","Bash+1","Body Slam+1","Battle Trance","Rage","Flame Barrier","Double Tap+1","Rage","Cleave","Pommel Strike","Rampage","Flame Barrier","Offering","Whirlwind","Havoc+1","Decay"],"special_seed":0,"relics":["Burning Blood","Paper Frog","Singing Bowl","Shuriken","Bottled Lightning","Philosopher\u0027s Stone","Charon\u0027s Ashes","Dodecahedron"],"potions_floor_usage":[22],"damage_taken":[{"damage":0.0,"enemies":"Small Slimes","floor":1.0,"turns":4.0},{"damage":1.0,"enemies":"Cultist","floor":3.0,"turns":5.0},{"damage":1.0,"enemies":"Jaw Worm","floor":4.0,"turns":3.0},{"damage":9.0,"enemies":"Blue Slaver","floor":5.0,"turns":6.0},{"damage":39.0,"enemies":"3 Sentries","floor":7.0,"turns":11.0},{"damage":14.0,"enemies":"Lagavulin","floor":11.0,"turns":6.0},{"damage":6.0,"enemies":"2 Fungi Beasts","floor":12.0,"turns":4.0},{"damage":32.0,"enemies":"Gremlin Nob","floor":13.0,"turns":4.0},{"damage":1.0,"enemies":"Exordium Wildlife","floor":14.0,"turns":4.0},{"damage":20.0,"enemies":"Slime Boss","floor":16.0,"turns":6.0},{"damage":7.0,"enemies":"2 Thieves","floor":18.0,"turns":3.0},{"damage":0.0,"enemies":"Chosen","floor":19.0,"turns":3.0},{"damage":11.0,"enemies":"Colosseum Slavers","floor":20.0,"turns":3.0},{"damage":61.0,"enemies":"Colosseum Nobs","floor":20.0,"turns":5.0},{"damage":6,"enemies":"Masked Bandits","floor":22,"turns":2}],"seed_played":"-4916112879544013381","potions_obtained":[{"floor":1.0,"key":"Block Potion"},{"floor":12.0,"key":"SteroidPotion"},{"floor":13.0,"key":"Regen Potion"},{"floor":14.0,"key":"Swift Potion"},{"floor":16.0,"key":"Weak Potion"},{"floor":19.0,"key":"Explosive Potion"},{"floor":20.0,"key":"Swift Potion"}],"is_trial":false,"path_per_floor":["M","?","M","M","M","R","E","R","T","R","E","M","E","M","R","B",null,"M","M","?","?","?"],"character_chosen":"IRONCLAD","items_purchased":[],"campfire_rested":1,"item_purchase_floors":[],"current_hp_per_floor":[68,68,68,68,65,65,32,32,32,52,44,46,22,41,41,27,62,63,69,9,9,3],"gold":487,"neow_bonus":"TRANSFORM_TWO_CARDS","is_prod":false,"is_daily":false,"chose_seed":false,"campfire_upgraded":3,"win_rate":0,"timestamp":1561755441,"path_taken":["M","?","M","M","?","R","E","R","T","R","E","M","E","M","R","BOSS","M","M","?","?","?"],"build_version":"2019-01-23","purchased_purges":0,"victory":false,"max_hp_per_floor":[68,68,68,68,68,68,68,68,68,68,68,70,72,74,74,74,74,76,76,76,76,76],"card_choices":[{"not_picked":["Reckless Charge","Body Slam"],"picked":"Rage","floor":1.0},{"not_picked":["Thunderclap","Havoc"],"picked":"Rage","floor":3.0},{"not_picked":["Armaments","Clothesline"],"picked":"Cleave","floor":4.0},{"not_picked":["Power Through","Twin Strike"],"picked":"Pommel Strike","floor":5.0},{"not_picked":["Warcry","Headbutt"],"picked":"Rampage","floor":7.0},{"not_picked":["Juggernaut","Anger"],"picked":"Flame Barrier","floor":11.0},{"not_picked":["Anger","Rage","Corruption"],"picked":"Singing Bowl","floor":12.0},{"not_picked":["Clash","Hemokinesis","Armaments"],"picked":"Singing Bowl","floor":13.0},{"not_picked":["Second Wind","Cleave","Clash"],"picked":"Singing Bowl","floor":14.0},{"not_picked":["Barricade","Reaper"],"picked":"Offering","floor":16.0},{"not_picked":["Twin Strike","Iron Wave","True Grit"],"picked":"Singing Bowl","floor":18.0},{"not_picked":["Pommel Strike","Berserk"],"picked":"Whirlwind","floor":19.0},{"not_picked":["Feel No Pain","Sword Boomerang"],"picked":"Havoc+1","floor":20.0}],"player_experience":1496647,"relics_obtained":[{"floor":7.0,"key":"Paper Frog"},{"floor":9.0,"key":"Singing Bowl"},{"floor":11.0,"key":"Shuriken"},{"floor":13.0,"key":"Bottled Lightning"},{"floor":20.0,"key":"Charon\u0027s Ashes"},{"floor":20.0,"key":"Dodecahedron"}],"event_choices":[{"damage_healed":0.0,"max_hp_gain":0.0,"max_hp_loss":0.0,"gold_gain":0.0,"event_name":"Match and Keep!","player_choice":"2 cards matched","floor":2.0,"gold_loss":0.0,"damage_taken":0.0,"cards_obtained":["Flame Barrier","Double Tap"]},{"damage_healed":0.0,"max_hp_gain":0.0,"max_hp_loss":0.0,"gold_gain":0.0,"event_name":"Colosseum","player_choice":"Fight","floor":20.0,"gold_loss":0.0,"damage_taken":0.0},{"damage_healed":0.0,"max_hp_gain":0.0,"max_hp_loss":0.0,"gold_gain":0.0,"event_name":"Colosseum","player_choice":"Fought Nobs","floor":20.0,"gold_loss":0.0,"damage_taken":0.0},{"damage_healed":0.0,"max_hp_gain":0.0,"max_hp_loss":0.0,"gold_gain":0.0,"event_name":"Forgotten Altar","player_choice":"Smashed Altar","floor":21.0,"gold_loss":0.0,"damage_taken":0.0,"cards_obtained":["Decay"]},{"damage_healed":0,"gold_gain":0,"player_choice":"Fought Bandits","damage_taken":0,"max_hp_gain":0,"max_hp_loss":0,"event_name":"Masked Bandits","floor":22,"gold_loss":0}],"is_beta":false,"boss_relics":[{"not_picked":["Tiny House","Ectoplasm"],"picked":"Philosopher\u0027s Stone"}],"items_purged_floors":[],"is_endless":false,"potions_floor_spawned":[1,12,13,14,16,19,20,20],"killed_by":"Masked Bandits","ascension_level":20}