{"gold_per_floor":[110,129,129,102,102,102,116,40,40,74,74,27,57,87,87,191,191,210,210,221,60,79,79,105,30,30,63,81,108,108,124,124,220,220,233,55,67,67,84,109,109,135,160,190,190,209,209,227,227,227],"floor_reached":51,"playtime":1805,"items_purged":["Strike_R"],"score":940,"play_id":"8b848673-e43a-4375-8aa2-5cf3a8755715","local_time":"20190309104455","is_ascension_mode":true,"campfire_choices":[{"floor":6.0,"key":"REST"},{"floor":15.0,"key":"REST"},{"data":"Shockwave","floor":23.0,"key":"SMITH"},{"floor":32.0,"key":"RECALL"},{"floor":41,"key":"REST"},{"floor":47,"key":"REST"},{"floor":49,"key":"REST"}],"neow_cost":"NONE","seed_source_timestamp":0,"circlet_count":0,"master_deck":["Strike_R","Strike_R","Strike_R","Defend_R","Defend_R","Defend_R","Defend_R","Bash","Iron Wave","Shockwave+1","Clash","Armaments+1","Shrug It Off","Cleave","True Grit","Body Slam","Carnage","Bludgeon","Shrug It Off","Spot Weakness","Disarm","Impervious","Body Slam","Uppercut+1","Inflame","Battle Trance+1","Demon Form","Heavy Blade+1","Juggernaut","Apotheosis","Whirlwind","Shockwave+1","Madness","Madness","Shrug It Off+1","Feed","Disarm+1","Pain","Dropkick","Doubt","Shockwave+1","Sever Soul+1","Heavy Blade+1"],"special_seed":0,"relics":["Burning Blood","Strawberry","Darkstone Periapt","Mercury Hourglass","Prayer Wheel","Anchor","Velvet Choker","Meat on the Bone","Ice Cream","Self Forming Clay","Question Card","Cursed Key","Turnip","Vajra","Juzu Bracelet","Ornamental Fan"],"potions_floor_usage":[42,50,50,50],"damage_taken":[{"damage":10.0,"enemies":"Jaw Worm","floor":1.0,"turns":4.0},{"damage":12.0,"enemies":"Small Slimes","floor":2.0,"turns":3.0},{"damage":2.0,"enemies":"2 Louse","floor":7.0,"turns":3.0},{"damage":26.0,"enemies":"3 Sentries","floor":10.0,"turns":7.0},{"damage":21.0,"enemies":"Lagavulin","floor":13.0,"turns":5.0},{"damage":72.0,"enemies":"Hexaghost","floor":16.0,"turns":12.0},{"damage":15.0,"enemies":"Shell Parasite","floor":18.0,"turns":5.0},{"damage":0.0,"enemies":"2 Thieves","floor":20.0,"turns":3.0},{"damage":0.0,"enemies":"Centurion and Healer","floor":22.0,"turns":4.0},{"damage":23.0,"enemies":"Gremlin Leader","floor":24.0,"turns":6.0},{"damage":20.0,"enemies":"Slavers","floor":27.0,"turns":5.0},{"damage":10.0,"enemies":"Snake Plant","floor":28.0,"turns":3.0},{"damage":16.0,"enemies":"Book of Stabbing","floor":29.0,"turns":5.0},{"damage":0.0,"enemies":"Chosen and Byrds","floor":31.0,"turns":6.0},{"damage":40.0,"enemies":"Collector","floor":33.0,"turns":8.0},{"damage":0.0,"enemies":"3 Shapes","floor":35.0,"turns":4.0},{"damage":20.0,"enemies":"3 Darklings","floor":37.0,"turns":6.0},{"damage":21.0,"enemies":"Jaw Worm Horde","floor":39.0,"turns":4.0},{"damage":22,"enemies":"Giant Head","floor":40,"turns":7},{"damage":27,"enemies":"Nemesis","floor":42,"turns":7},{"damage":23,"enemies":"Giant Head","floor":44,"turns":8},{"damage":8,"enemies":"Maw","floor":46,"turns":7},{"damage":22,"enemies":"Writhing Mass","floor":48,"turns":6},{"damage":59,"enemies":"Donu and Deca","floor":50,"turns":9}],"seed_played":"-9198582643642533244","potions_obtained":[{"floor":1.0,"key":"BloodPotion"},{"floor":7.0,"key":"Weak Potion"},{"floor":22.0,"key":"SteroidPotion"},{"floor":28.0,"key":"Energy Potion"},{"floor":29.0,"key":"AttackPotion"},{"floor":39,"key":"Explosive Potion"},{"floor":40,"key":"BloodPotion"},{"floor":42,"key":"Fruit Juice"},{"floor":48,"key":"Dexterity Potion"}],"is_trial":false,"path_per_floor":["M","M","?","$","?","R","M","$","T","E","?","$","E","?","R","B",null,"M","?","M","$","M","R","E","$","T","E","M","E","?","M","R","B",null,"M","$","M","?","M","E","R","E","T","E","?","M","R","M","R","B",null],"character_chosen":"IRONCLAD","items_purchased":["Clash","Shrug It Off","Cleave","Body Slam","Impervious","Body Slam","Apotheosis"],"campfire_rested":5,"item_purchase_floors":[4,8,8,12,21,21,36],"current_hp_per_floor":[84,78,78,78,83,100,100,100,100,80,80,80,65,65,95,39,100,91,91,97,97,100,100,83,83,83,69,65,67,100,100,100,66,100,100,100,86,73,58,54,84,68,74,69,117,115,117,101,117,75],"gold":227,"neow_bonus":"TEN_PERCENT_HP_BONUS","is_prod":false,"is_daily":false,"chose_seed":false,"campfire_upgraded":1,"win_rate":0,"timestamp":1552157095,"path_taken":["M","M","?","$","?","R","M","$","T","E","?","?","E","?","R","BOSS","M","?","M","$","M","R","E","$","T","E","?","E","?","M","R","BOSS","M","$","M","?","M","E","R","E","T","E","?","M","R","M","R","BOSS"],"build_version":"2019-01-23","purchased_purges":1,"victory":true,"max_hp_per_floor":[88,88,95,95,100,100,100,100,100,100,100,100,100,100,100,100,100,100,100,100,100,100,100,100,100,100,100,100,100,100,100,100,100,100,100,100,100,100,100,100,100,105,111,111,117,117,117,117,117,117],"card_choices":[{"not_picked":["Reckless Charge","Anger"],"picked":"Iron Wave","floor":1.0},{"not_picked":["Headbutt","Clash"],"picked":"Shockwave","floor":2.0},{"not_picked":["Sword Boomerang","Headbutt"],"picked":"Armaments","floor":7.0},{"not_picked":["Shrug It Off","Dual Wield"],"picked":"True Grit","floor":10.0},{"not_picked":["True Grit","Sever Soul"],"picked":"Carnage","floor":13.0},{"not_picked":["Dark Embrace","Fiend Fire"],"picked":"Bludgeon","floor":16.0},{"not_picked":["Power Through","Warcry"],"picked":"Shrug It Off","floor":18.0},{"not_picked":["Sever Soul","Wild Strike","Heavy Blade"],"picked":"SKIP","floor":18.0},{"not_picked":["Thunderclap","Spot Weakness"],"picked":"Disarm","floor":20.0},{"not_picked":["Cleave","Perfected Strike","Havoc"],"picked":"SKIP","floor":20.0},{"not_picked":["Blood for Blood","Rupture"],"picked":"Uppercut+1","floor":22.0},{"not_picked":["Heavy Blade","Sever Soul","Sword Boomerang+1"],"picked":"SKIP","floor":22.0},{"not_picked":["Twin Strike","Entrench"],"picked":"Inflame","floor":24.0},{"not_picked":["Bloodletting","Shrug It Off"],"picked":"Battle Trance+1","floor":27.0},{"not_picked":["Rage","Disarm"],"picked":"Demon Form","floor":28.0},{"not_picked":["Power Through","Sever Soul","True Grit"],"picked":"SKIP","floor":28.0},{"not_picked":["Cleave","Fiend Fire","Evolve"],"picked":"SKIP","floor":29.0},{"not_picked":["Clothesline","Cleave","Havoc"],"picked":"Heavy Blade+1","floor":31.0},{"not_picked":["Clothesline+1","Armaments","Sword Boomerang","Burning Pact"],"picked":"SKIP","floor":31.0},{"not_picked":["Demon Form","Fiend Fire","Bludgeon"],"picked":"Juggernaut","floor":33.0},{"not_picked":["Perfected Strike+1","Headbutt","Clash","Spot Weakness"],"picked":"SKIP","floor":35.0},{"not_picked":["Sentinel","Body Slam","Armaments","Blood for Blood+1"],"picked":"SKIP","floor":35.0},{"not_picked":["Sever Soul","True Grit","Thunderclap"],"picked":"Whirlwind","floor":37.0},{"not_picked":["Cleave+1","Immolate","Sword Boomerang"],"picked":"Shockwave+1","floor":37.0},{"not_picked":["Iron Wave","Heavy Blade","Twin Strike"],"picked":"Shrug It Off+1","floor":39},{"not_picked":["Clash+1","Havoc+1","Iron Wave+1","Power Through+1"],"picked":"SKIP","floor":39},{"not_picked":["Anger+1","Body Slam+1","Wild Strike"],"picked":"Feed","floor":40},{"not_picked":["Flex+1","Wild Strike+1","Thunderclap+1"],"picked":"Disarm+1","floor":42},{"not_picked":["Sword Boomerang+1","Seeing Red","Hemokinesis"],"picked":"Dropkick","floor":44},{"not_picked":["Clash","Warcry","Heavy Blade"],"picked":"Shockwave+1","floor":46},{"not_picked":["Perfected Strike+1","Headbutt+1","Sword Boomerang"],"picked":"Sever Soul+1","floor":46},{"not_picked":["Shockwave+1","Cleave+1","Pommel Strike+1"],"picked":"Heavy Blade+1","floor":48},{"not_picked":["Clash+1","Sentinel+1","Combust","Uppercut+1"],"picked":"SKIP","floor":48}],"player_experience":240037,"relics_obtained":[{"floor":9.0,"key":"Darkstone Periapt"},{"floor":10.0,"key":"Mercury Hourglass"},{"floor":13.0,"key":"Prayer Wheel"},{"floor":24.0,"key":"Meat on the Bone"},{"floor":26.0,"key":"Ice Cream"},{"floor":27.0,"key":"Self Forming Clay"},{"floor":29.0,"key":"Question Card"},{"floor":40,"key":"Turnip"},{"floor":42,"key":"Vajra"},{"floor":43,"key":"Juzu Bracelet"},{"floor":44,"key":"Ornamental Fan"}],"event_choices":[{"damage_healed":0.0,"max_hp_gain":0.0,"max_hp_loss":0.0,"gold_gain":0.0,"event_name":"Scrap Ooze","player_choice":"Success","floor":3.0,"gold_loss":0.0,"damage_taken":7.0,"relics_obtained":["Strawberry"]},{"damage_healed":0.0,"max_hp_gain":5.0,"max_hp_loss":0.0,"gold_gain":0.0,"event_name":"Big Fish","player_choice":"Donut","floor":5.0,"gold_loss":0.0,"damage_taken":0.0},{"damage_healed":0.0,"max_hp_gain":0.0,"max_hp_loss":0.0,"gold_gain":0.0,"event_name":"Living Wall","player_choice":"Grow","floor":11.0,"gold_loss":0.0,"damage_taken":0.0,"cards_upgraded":["Armaments"]},{"damage_healed":0.0,"max_hp_gain":0.0,"max_hp_loss":0.0,"gold_gain":30.0,"event_name":"Dead Adventurer","player_choice":"Searched \u00273\u0027 times","floor":14.0,"gold_loss":0.0,"damage_taken":0.0,"relics_obtained":["Anchor"]},{"damage_healed":0.0,"max_hp_gain":0.0,"max_hp_loss":0.0,"gold_gain":0.0,"cards_transformed":["Strike_R"],"event_name":"Transmorgrifier","player_choice":"Transformed","floor":19.0,"gold_loss":0.0,"damage_taken":0.0,"cards_obtained":["Spot Weakness"]},{"damage_healed":33.0,"max_hp_gain":0.0,"max_hp_loss":0.0,"gold_gain":0.0,"event_name":"The Library","player_choice":"Heal","floor":30.0,"gold_loss":0.0,"damage_taken":0.0},{"damage_healed":0.0,"max_hp_gain":0.0,"max_hp_loss":0.0,"gold_gain":0.0,"event_name":"Winding Halls","player_choice":"Embrace Madness","floor":38.0,"gold_loss":0.0,"damage_taken":13.0,"cards_obtained":["Madness","Madness"]},{"damage_healed":42,"gold_gain":0,"player_choice":"Heal","damage_taken":0,"max_hp_gain":0,"max_hp_loss":0,"event_name":"MindBloom","floor":45,"gold_loss":0,"cards_obtained":["Doubt"]}],"is_beta":false,"boss_relics":[{"not_picked":["Astrolabe","Tiny House"],"picked":"Velvet Choker"},{"not_picked":["Philosopher\u0027s Stone","Empty Cage"],"picked":"Cursed Key"}],"items_purged_floors":[25],"is_endless":false,"potions_floor_spawned":[1,7,22,28,29,31,39,40,42,48],"ascension_level":1}