{"gold_per_floor":[114,129,39,39,54,54,104,104,104,104,134,134,164,164,164,284,284,299,27,27,42,42,72,72,87,167,167],"floor_reached":27,"playtime":1320,"items_purged":[],"score":247,"play_id":"79ec2cdd-71bd-4ef8-a9e3-9bfb90ef7d1d","local_time":"20190124191839","daily_mods":["Draft","Red Cards","Binary"],"is_ascension_mode":false,"campfire_choices":[{"data":"Footwork","floor":6,"key":"SMITH"},{"data":"Jack Of All Trades","floor":8,"key":"SMITH"},{"floor":12,"key":"REST"},{"data":"Searing Blow","floor":15,"key":"SMITH"},{"floor":24,"key":"REST"}],"neow_cost":"","seed_source_timestamp":0,"circlet_count":0,"master_deck":["Poisoned Stab","Footwork+1","Evolve","Dodge and Roll","Shrug It Off","PiercingWail","Outmaneuver","Body Slam+1","Masterful Stab","Dual Wield","Deadly Poison","Quick Slash","Setup","Iron Wave","Clothesline","Entrench+1","Dodge and Roll","Jack Of All Trades+1","Searing Blow+1","Bullet Time","Malaise","Backstab"],"special_seed":17921,"relics":["Ring of the Snake","Potion Belt","Mercury Hourglass","Snake Skull","Bottled Tornado","Medical Kit","MutagenicStrength","Regal Pillow","Tiny Chest"],"potions_floor_usage":[23],"damage_taken":[{"damage":0,"enemies":"Small Slimes","floor":1,"turns":2},{"damage":0,"enemies":"2 Louse","floor":2,"turns":3},{"damage":0,"enemies":"Cultist","floor":5,"turns":4},{"damage":3,"enemies":"Gremlin Nob","floor":7,"turns":4},{"damage":9,"enemies":"Lagavulin","floor":11,"turns":5},{"damage":9,"enemies":"3 Sentries","floor":13,"turns":5},{"damage":27,"enemies":"The Guardian","floor":16,"turns":9},{"damage":3,"enemies":"Chosen","floor":18,"turns":5},{"damage":14,"enemies":"2 Thieves","floor":21,"turns":4},{"damage":41,"enemies":"Book of Stabbing","floor":23,"turns":8},{"damage":19,"enemies":"Sentry and Sphere","floor":25,"turns":4},{"damage":30,"enemies":"Slavers","floor":27,"turns":4}],"seed_played":"-8504113597204793888","potions_obtained":[{"floor":11,"key":"LiquidBronze"},{"floor":13,"key":"SteroidPotion"},{"floor":18,"key":"EssenceOfSteel"},{"floor":21,"key":"Weak Potion"}],"is_trial":false,"path_per_floor":["M","M","$","?","M","R","E","R","T","?","E","R","E","$","R","B",null,"M","$","?","M","?","E","R","M","T","E"],"character_chosen":"THE_SILENT","items_purchased":["Jack Of All Trades","Backstab","Medical Kit"],"campfire_rested":2,"item_purchase_floors":[3,19,19],"current_hp_per_floor":[70,70,70,70,70,70,67,67,67,67,58,70,61,61,61,34,70,67,67,67,53,53,12,48,29,29,0],"gold":167,"neow_bonus":"","is_prod":false,"is_daily":true,"chose_seed":false,"campfire_upgraded":3,"win_rate":0,"timestamp":1548386319,"path_taken":["M","M","$","?","M","R","E","R","T","?","E","R","E","$","R","BOSS","M","?","?","M","?","E","R","M","T","E"],"build_version":"2019-01-23","purchased_purges":0,"victory":false,"max_hp_per_floor":[70,70,70,70,70,70,70,70,70,70,70,70,70,70,70,70,70,70,70,70,70,70,70,70,70,70,70],"card_choices":[{"not_picked":["Perfected Strike","True Grit"],"picked":"Poisoned Stab","floor":0},{"not_picked":["Flying Knee","Calculated Gamble"],"picked":"Footwork","floor":0},{"not_picked":["Rage","Prepared"],"picked":"Evolve","floor":0},{"not_picked":["Dagger Spray","Anger"],"picked":"Dodge and Roll","floor":0},{"not_picked":["Dodge and Roll","Headbutt"],"picked":"Shrug It Off","floor":0},{"not_picked":["Heavy Blade","Endless Agony"],"picked":"PiercingWail","floor":0},{"not_picked":["Havoc","Metallicize"],"picked":"Outmaneuver","floor":0},{"not_picked":["Sucker Punch","Backflip"],"picked":"Body Slam","floor":0},{"not_picked":["Underhanded Strike","Dropkick"],"picked":"Masterful Stab","floor":0},{"not_picked":["Combust","Dagger Spray"],"picked":"Dual Wield","floor":0},{"not_picked":["Endless Agony","Body Slam"],"picked":"Deadly Poison","floor":0},{"not_picked":["Blood for Blood","Shockwave"],"picked":"Quick Slash","floor":0},{"not_picked":["Prepared","Body Slam"],"picked":"Setup","floor":0},{"not_picked":["Endless Agony","Thunderclap"],"picked":"Iron Wave","floor":0},{"not_picked":["Intimidate","Thunderclap"],"picked":"Clothesline","floor":0},{"not_picked":["Calculated Gamble"],"picked":"Entrench","floor":1},{"not_picked":["Bane"],"picked":"Dodge and Roll","floor":2},{"not_picked":["Combust","Power Through"],"picked":"SKIP","floor":5},{"not_picked":["Sucker Punch","Prepared"],"picked":"SKIP","floor":7},{"not_picked":["Warcry"],"picked":"Searing Blow","floor":11},{"not_picked":["Body Slam"],"picked":"Bullet Time","floor":13},{"not_picked":["Fiend Fire"],"picked":"Malaise","floor":16},{"not_picked":["Masterful Stab","Cloak And Dagger"],"picked":"SKIP","floor":18},{"not_picked":["Body Slam+1","Clash+1"],"picked":"SKIP","floor":21},{"not_picked":["Warcry","Dagger Spray"],"picked":"SKIP","floor":23},{"not_picked":["Tactician","Flex"],"picked":"SKIP","floor":25}],"player_experience":162008,"relics_obtained":[{"floor":7,"key":"Potion Belt"},{"floor":9,"key":"Mercury Hourglass"},{"floor":11,"key":"Snake Skull"},{"floor":13,"key":"Bottled Tornado"},{"floor":23,"key":"Regal Pillow"},{"floor":26,"key":"Tiny Chest"}],"event_choices":[{"damage_healed":0,"gold_gain":0,"player_choice":"Grow","damage_taken":0,"max_hp_gain":0,"max_hp_loss":0,"event_name":"Living Wall","floor":4,"gold_loss":0,"cards_upgraded":["Body Slam"]},{"damage_healed":0,"gold_gain":0,"player_choice":"Forge","damage_taken":0,"max_hp_gain":0,"max_hp_loss":0,"event_name":"Accursed Blacksmith","floor":10,"gold_loss":0,"cards_upgraded":["Entrench"]},{"damage_healed":0,"gold_gain":0,"player_choice":"Ignored","damage_taken":0,"max_hp_gain":0,"max_hp_loss":0,"event_name":"Beggar","floor":20,"gold_loss":0},{"damage_healed":0,"gold_gain":0,"player_choice":"Inject Mutagens","damage_taken":0,"relics_obtained":["MutagenicStrength"],"max_hp_gain":0,"max_hp_loss":0,"event_name":"Drug Dealer","floor":22,"gold_loss":0}],"is_beta":false,"boss_relics":[{"not_picked":["Fusion Hammer","Calling Bell","Coffee Dripper"]}],"items_purged_floors":[],"is_endless":false,"potions_floor_spawned":[11,13,18,21],"killed_by":"Slavers","ascension_level":0}