{"gold_per_floor":[114,33,52,64,64,64,64,90,114,141,141,141],"floor_reached":12,"playtime":414,"items_purged":[],"score":90,"play_id":"50eab209-e9b3-4e31-82e4-70b1d547a5fb","local_time":"20190208221155","is_ascension_mode":true,"campfire_choices":[{"data":"Caltrops","floor":6,"key":"SMITH"},{"floor":11,"key":"REST"}],"neow_cost":"NONE","seed_source_timestamp":963586012664701,"circlet_count":0,"master_deck":["Defend_G","Defend_G","Defend_G","Defend_G","Defend_G","Strike_G","Strike_G","Strike_G","Strike_G","Survivor","Neutralize","Tools of the Trade","Underhanded Strike","Caltrops+1","Distraction","Concentrate","Skewer","Backstab"],"relics":["Ring of the Snake","Centennial Puzzle","Happy Flower","Darkstone Periapt"],"potions_floor_usage":[8],"damage_taken":[{"damage":0,"enemies":"Cultist","floor":1,"turns":5},{"damage":0,"enemies":"Small Slimes","floor":3,"turns":4},{"damage":7,"enemies":"Jaw Worm","floor":4,"turns":6},{"damage":30,"enemies":"Lagavulin","floor":8,"turns":8},{"damage":26,"enemies":"3 Sentries","floor":10,"turns":7},{"damage":29,"enemies":"Lagavulin","floor":12,"turns":6}],"seed_played":"8758466599042081714","potions_obtained":[{"floor":4,"key":"PowerPotion"},{"floor":7,"key":"PowerPotion"},{"floor":7,"key":"Strength Potion"}],"is_trial":false,"path_per_floor":["M","$","M","M","$","R","?","E","T","E","R","E"],"character_chosen":"THE_SILENT","items_purchased":["Caltrops"],"campfire_rested":1,"item_purchase_floors":[2],"current_hp_per_floor":[70,70,70,63,63,63,63,33,33,7,28,0],"gold":141,"neow_bonus":"TRANSFORM_CARD","is_prod":false,"is_daily":false,"chose_seed":false,"campfire_upgraded":1,"win_rate":0,"timestamp":1549692715,"path_taken":["M","$","M","M","$","R","?","E","T","E","R","E"],"build_version":"2019-01-23","purchased_purges":0,"victory":false,"max_hp_per_floor":[70,70,70,70,70,70,70,70,70,70,70,70],"card_choices":[{"not_picked":["Calculated Gamble","Escape Plan"],"picked":"Underhanded Strike","floor":1},{"not_picked":["Underhanded Strike","Cloak And Dagger"],"picked":"Distraction","floor":3},{"not_picked":["Prepared","Cloak And Dagger"],"picked":"Concentrate","floor":4},{"not_picked":["Unload","PiercingWail"],"picked":"Skewer","floor":8},{"not_picked":["Accuracy","Finisher"],"picked":"Backstab","floor":10}],"player_experience":196179,"relics_obtained":[{"floor":8,"key":"Centennial Puzzle"},{"floor":9,"key":"Happy Flower"},{"floor":10,"key":"Darkstone Periapt"}],"event_choices":[{"damage_healed":0,"gold_gain":0,"player_choice":"Got Potions","damage_taken":0,"max_hp_gain":0,"max_hp_loss":0,"event_name":"Lab","floor":7,"gold_loss":0}],"is_beta":false,"boss_relics":[],"items_purged_floors":[],"is_endless":false,"potions_floor_spawned":[4],"killed_by":"Lagavulin","ascension_level":1}