{"gold_per_floor":[215,233,233,252,252,252,281,296,372,372,386,398,398,412,412,412],"floor_reached":16,"playtime":559,"items_purged":[],"score":177,"play_id":"84488a5a-6cf8-407d-8419-3b8af38a60b3","local_time":"20180728164532","is_ascension_mode":true,"campfire_choices":[{"data":"Zap","floor":6,"key":"SMITH"},{"floor":10,"key":"REST"},{"floor":15,"key":"REST"}],"neow_cost":"NONE","seed_source_timestamp":1800525602561539,"circlet_count":0,"master_deck":["Strike_B","Strike_B","Strike_B","Strike_B","Defend_B","Defend_B","Defend_B","Defend_B","Zap+1","Dualcast","AscendersBane","Barrage","Capacitor","Hologram","Cold Snap","Sweeping Beam","Compile Driver","Coolheaded"],"special_seed":0,"relics":["Cracked Core","Gremlin Horn","Matryoshka","Ancient Tea Set","Bottled Flame"],"potions_floor_usage":[],"damage_taken":[{"damage":0.0,"enemies":"Cultist","floor":1.0,"turns":4.0},{"damage":0.0,"enemies":"Small Slimes","floor":2.0,"turns":3.0},{"damage":0.0,"enemies":"Jaw Worm","floor":4.0,"turns":3.0},{"damage":40,"enemies":"Gremlin Nob","floor":7,"turns":5},{"damage":11,"enemies":"Blue Slaver","floor":8,"turns":4},{"damage":2,"enemies":"2 Fungi Beasts","floor":11,"turns":3},{"damage":4,"enemies":"Looter","floor":12,"turns":3},{"damage":8,"enemies":"Large Slime","floor":14,"turns":6},{"damage":59,"enemies":"The Guardian","floor":16,"turns":11}],"seed_played":"1967627000565450758","potions_obtained":[{"floor":1.0,"key":"SneckoOil"},{"floor":11,"key":"LiquidBronze"}],"is_trial":false,"path_per_floor":["M","M","T","M","?","R","E","M","T","R","M","M","$","M","R"],"character_chosen":"DEFECT","items_purchased":[],"campfire_rested":2,"item_purchase_floors":[],"current_hp_per_floor":[64,64,64,64,64,64,24,13,13,34,32,28,28,20,41,0],"gold":412,"neow_bonus":"HUNDRED_GOLD","is_prod":false,"is_daily":false,"chose_seed":false,"campfire_upgraded":1,"win_rate":0,"timestamp":1532810732,"path_taken":["M","?","?","M","?","R","E","M","T","R","M","M","?","M","R","BOSS"],"build_version":"2018-07-26","purchased_purges":0,"victory":false,"max_hp_per_floor":[71,71,71,71,71,71,71,71,71,71,71,71,71,71,71,71],"card_choices":[{"not_picked":["Fusion","Stack"],"picked":"Barrage","floor":1.0},{"not_picked":["Fusion","Stack","White Noise"],"picked":"SKIP","floor":2.0},{"not_picked":["Barrage","Double Energy"],"picked":"Capacitor","floor":4.0},{"not_picked":["Beam Cell","Skim"],"picked":"Hologram","floor":7},{"not_picked":["Leap","Heatsinks"],"picked":"Cold Snap","floor":8},{"not_picked":["Melter","Reinforced Body"],"picked":"Sweeping Beam","floor":11},{"not_picked":["Barrage","Reboot"],"picked":"Compile Driver","floor":12},{"not_picked":["Stack","Static Discharge"],"picked":"Coolheaded","floor":14}],"player_experience":176412,"relics_obtained":[{"floor":3.0,"key":"Gremlin Horn"},{"floor":7,"key":"Matryoshka"},{"floor":9,"key":"Ancient Tea Set"},{"floor":9,"key":"Bottled Flame"}],"event_choices":[{"event_name":"Liars Game","player_choice":"disagreed","floor":5.0,"damage_taken":0.0}],"is_beta":false,"boss_relics":[],"items_purged_floors":[],"is_endless":false,"potions_floor_spawned":[1,11,12],"killed_by":"The Guardian","ascension_level":14}