{"gold_per_floor":[369,379,342,357,75,110,110,142,211,222,237,237],"floor_reached":12,"playtime":484,"items_purged":[],"score":140,"play_id":"4510c3fc-dac6-4943-9c60-2b20bc0b96b0","local_time":"20180906234327","is_ascension_mode":true,"campfire_choices":[{"floor":7,"key":"REST"}],"neow_cost":"PERCENT_DAMAGE","seed_source_timestamp":10982577548231,"circlet_count":0,"master_deck":["Defend_G","Defend_G","Defend_G","Defend_G","Defend_G","Strike_G","Strike_G","Strike_G","Strike_G","Strike_G","Survivor","Neutralize","AscendersBane","Deadly Poison","Predator","Caltrops","Predator","Accuracy","Cloak And Dagger","Die Die Die","Leg Sweep","Cloak And Dagger"],"relics":["Ring of the Snake","Pantograph","Mango","Centennial Puzzle","Paper Crane"],"potions_floor_usage":[12,12],"damage_taken":[{"damage":0,"enemies":"2 Louse","floor":1,"turns":6},{"damage":11,"enemies":"Cultist","floor":2,"turns":4},{"damage":2,"enemies":"Jaw Worm","floor":4,"turns":7},{"damage":28,"enemies":"Lagavulin","floor":6,"turns":10},{"damage":32,"enemies":"3 Sentries","floor":8,"turns":9},{"damage":3,"enemies":"Blue Slaver","floor":10,"turns":3},{"damage":3,"enemies":"Exordium Thugs","floor":11,"turns":5},{"damage":32,"enemies":"Gremlin Nob","floor":12,"turns":4}],"seed_played":"-3362846076406753972","potions_obtained":[{"floor":6,"key":"LiquidBronze"},{"floor":8,"key":"LiquidBronze"}],"is_trial":false,"path_per_floor":["M","M","$","M","$","E","R","E","T","M","M"],"character_chosen":"THE_SILENT","items_purchased":["Caltrops","Pantograph","Accuracy"],"campfire_rested":1,"item_purchase_floors":[3,5,5],"current_hp_per_floor":[45,34,34,32,32,18,43,11,11,8,5,0],"gold":237,"neow_bonus":"TWO_FIFTY_GOLD","is_prod":false,"is_daily":false,"chose_seed":false,"campfire_upgraded":0,"win_rate":0,"timestamp":1536291807,"path_taken":["M","M","$","M","$","E","R","E","T","M","M","E"],"build_version":"2018-09-06","purchased_purges":0,"victory":false,"max_hp_per_floor":[70,70,70,70,70,84,84,84,84,84,84,84],"card_choices":[{"not_picked":["Eviscerate","Flechettes"],"picked":"Deadly Poison","floor":1},{"not_picked":["Escape Plan","Bouncing Flask"],"picked":"Predator","floor":2},{"not_picked":["Dagger Throw","Bane"],"picked":"Predator","floor":4},{"not_picked":["Storm of Steel","Crippling Poison"],"picked":"Cloak And Dagger","floor":6},{"not_picked":["Predator","Acrobatics"],"picked":"Die Die Die","floor":8},{"not_picked":["Flying Knee","Cloak And Dagger"],"picked":"Leg Sweep","floor":10},{"not_picked":["Skewer","Dagger Spray"],"picked":"Cloak And Dagger","floor":11}],"player_experience":325926,"relics_obtained":[{"floor":6,"key":"Mango"},{"floor":8,"key":"Centennial Puzzle"},{"floor":9,"key":"Paper Crane"}],"event_choices":[],"is_beta":false,"boss_relics":[],"items_purged_floors":[],"is_endless":false,"potions_floor_spawned":[6,8,10,11],"killed_by":"Gremlin Nob","ascension_level":11}