{"gold_per_floor":[115,65,65,82,93,93,128,203,203,216,216,216,245,21,21,116,116,136,152,251,36,36,66,66,80,106,119,119],"floor_reached":28,"playtime":1306,"items_purged":["Strike_R"],"score":431,"play_id":"837ae06f-4f60-4011-8bd2-a77c5fd91383","local_time":"20181222223557","is_ascension_mode":true,"campfire_choices":[{"data":"Shockwave","floor":6.0,"key":"SMITH"},{"data":"Flame Barrier","floor":11.0,"key":"SMITH"},{"data":"Barricade","floor":15.0,"key":"SMITH"},{"floor":24.0,"key":"REST"}],"neow_cost":"NONE","seed_source_timestamp":121706711173353,"circlet_count":0,"master_deck":["AscendersBane","Bash+1","Forethought","Twin Strike","Shockwave+1","Flame Barrier+1","Feed+1","Barricade+1","Juggernaut","Warcry","Exhume","Rage","Fiend Fire","Evolve","Pummel","Rage","Armaments","Shrug It Off","Finesse","Inflame","Shrug It Off+1","Iron Wave"],"special_seed":0,"relics":["Burning Blood","Letter Opener","Pear","Mango","Whetstone","Pandora\u0027s Box","Happy Flower","Regal Pillow"],"potions_floor_usage":[28,28],"damage_taken":[{"damage":3.0,"enemies":"2 Louse","floor":1.0,"turns":4.0},{"damage":0.0,"enemies":"Small Slimes","floor":4.0,"turns":3.0},{"damage":2.0,"enemies":"Jaw Worm","floor":5.0,"turns":3.0},{"damage":28.0,"enemies":"Gremlin Nob","floor":7.0,"turns":5.0},{"damage":10.0,"enemies":"2 Fungi Beasts","floor":10.0,"turns":5.0},{"damage":20.0,"enemies":"Lagavulin","floor":13.0,"turns":8.0},{"damage":32.0,"enemies":"The Guardian","floor":16.0,"turns":18.0},{"damage":40.0,"enemies":"Shell Parasite","floor":18.0,"turns":8.0},{"damage":0.0,"enemies":"3 Byrds","floor":19.0,"turns":2.0},{"damage":36.0,"enemies":"Colosseum Slavers","floor":22.0,"turns":5.0},{"damage":61.0,"enemies":"Slavers","floor":23.0,"turns":8.0},{"damage":33.0,"enemies":"Centurion and Healer","floor":25.0,"turns":10.0},{"damage":28.0,"enemies":"3 Cultists","floor":27.0,"turns":6.0},{"damage":20,"enemies":"Gremlin Leader","floor":28,"turns":2}],"seed_played":"-6136278089163773008","potions_obtained":[{"floor":7.0,"key":"Regen Potion"},{"floor":16.0,"key":"Explosive Potion"},{"floor":23.0,"key":"FairyPotion"},{"floor":25.0,"key":"Poison Potion"},{"floor":27.0,"key":"Poison Potion"}],"is_trial":false,"path_per_floor":["M","?","?","M","M","R","E","?","T","M","R","?","E","$","R","B",null,"M","M","?","$","?","E","R","M","T","M","E"],"character_chosen":"IRONCLAD","items_purchased":["Whetstone","Shrug It Off","Finesse","Inflame"],"campfire_rested":1,"item_purchase_floors":[14,21,21,21],"current_hp_per_floor":[75,75,75,80,80,80,58,47,57,53,53,83,86,86,86,64,99,69,75,75,75,64,13,49,22,22,18,0],"gold":119,"neow_bonus":"RANDOM_COLORLESS","is_prod":false,"is_daily":false,"chose_seed":false,"campfire_upgraded":3,"win_rate":0,"timestamp":1545536157,"path_taken":["M","?","?","M","M","R","E","?","T","M","R","?","E","$","R","BOSS","M","M","?","$","?","E","R","M","T","M","E"],"build_version":"2018-12-20","purchased_purges":1,"victory":false,"max_hp_per_floor":[80,80,80,80,80,80,80,80,90,90,90,90,107,107,107,111,111,115,115,115,115,119,123,123,123,123,127,127],"card_choices":[{"not_picked":["Warcry","Clash"],"picked":"Twin Strike","floor":1.0},{"not_picked":["Corruption","Pummel","True Grit"],"picked":"SKIP","floor":4.0},{"not_picked":["Twin Strike","Infernal Blade"],"picked":"Shockwave","floor":5.0},{"not_picked":["True Grit","Body Slam"],"picked":"Flame Barrier","floor":7.0},{"not_picked":["Clothesline","Iron Wave"],"picked":"Feed","floor":10.0},{"not_picked":["Fire Breathing","Shrug It Off"],"picked":"Barricade","floor":13.0},{"not_picked":["Immolate","Berserk"],"picked":"Juggernaut","floor":16.0},{"not_picked":["Cleave","Havoc"],"picked":"Armaments","floor":18.0},{"not_picked":["Anger","Sword Boomerang","Warcry"],"picked":"SKIP","floor":19.0},{"not_picked":["Bloodletting+1","Heavy Blade","Searing Blow"],"picked":"SKIP","floor":23.0},{"not_picked":["Pommel Strike","Iron Wave"],"picked":"Shrug It Off+1","floor":25.0},{"not_picked":["Infernal Blade","Perfected Strike+1"],"picked":"Iron Wave","floor":27.0}],"player_experience":535030,"relics_obtained":[{"floor":7.0,"key":"Letter Opener"},{"floor":9.0,"key":"Pear"},{"floor":13.0,"key":"Mango"},{"floor":23.0,"key":"Happy Flower"},{"floor":26.0,"key":"Regal Pillow"}],"event_choices":[{"cards_removed":["Strike_R"],"damage_healed":0.0,"max_hp_gain":0.0,"max_hp_loss":0.0,"gold_gain":0.0,"event_name":"The Cleric","player_choice":"Card Removal","floor":2.0,"gold_loss":50.0,"damage_taken":0.0},{"damage_healed":0.0,"max_hp_gain":0.0,"max_hp_loss":0.0,"gold_gain":0.0,"event_name":"Living Wall","player_choice":"Grow","floor":3.0,"gold_loss":0.0,"damage_taken":0.0,"cards_upgraded":["Bash"]},{"damage_healed":0.0,"max_hp_gain":0.0,"max_hp_loss":0.0,"gold_gain":75.0,"event_name":"World of Goop","player_choice":"Gather Gold","floor":8.0,"gold_loss":0.0,"damage_taken":11.0},{"damage_healed":30.0,"max_hp_gain":0.0,"max_hp_loss":0.0,"gold_gain":0.0,"event_name":"Big Fish","player_choice":"Banana","floor":12.0,"gold_loss":0.0,"damage_taken":0.0},{"damage_healed":0.0,"max_hp_gain":0.0,"max_hp_loss":0.0,"gold_gain":99.0,"event_name":"Nest","player_choice":"Stole From Cult","floor":20.0,"gold_loss":0.0,"damage_taken":0.0},{"damage_healed":0.0,"max_hp_gain":0.0,"max_hp_loss":0.0,"gold_gain":0.0,"event_name":"Colosseum","player_choice":"Fight","floor":22.0,"gold_loss":0.0,"damage_taken":0.0},{"damage_healed":0.0,"max_hp_gain":0.0,"max_hp_loss":0.0,"gold_gain":0.0,"event_name":"Colosseum","player_choice":"Fled From Nobs","floor":22.0,"gold_loss":0.0,"damage_taken":0.0}],"is_beta":false,"boss_relics":[{"not_picked":["Busted Crown","Black Blood"],"picked":"Pandora\u0027s Box"}],"items_purged_floors":[14],"is_endless":false,"potions_floor_spawned":[7,16,23,25,27],"killed_by":"Gremlin Leader","ascension_level":11}