{"gold_per_floor":[112,129,129,143,143,181,113,133,133,133,133,133],"floor_reached":12,"playtime":346,"items_purged":[],"score":78,"play_id":"37043683-e3a9-4a33-9753-59570715396e","local_time":"20180708200059","is_ascension_mode":false,"campfire_choices":[{"floor":10,"key":"REST"}],"neow_cost":"NONE","seed_source_timestamp":84975023182188,"circlet_count":0,"master_deck":["Defend_G","Defend_G","Defend_G","Defend_G","Defend_G","Strike_G","Strike_G","Strike_G","Strike_G","Survivor","Neutralize","Flying Knee","Blur","Dodge and Roll","Well Laid Plans","Outmaneuver"],"relics":["Philosopher\u0027s Stone","Golden Idol","Mercury Hourglass","Letter Opener","Pear"],"potions_floor_usage":[],"damage_taken":[{"damage":4,"enemies":"2 Louse","floor":1,"turns":3},{"damage":0,"enemies":"Small Slimes","floor":2,"turns":3},{"damage":4,"enemies":"Jaw Worm","floor":4,"turns":5},{"damage":17,"enemies":"Lagavulin","floor":6,"turns":8},{"damage":2,"enemies":"Looter","floor":8,"turns":3},{"damage":89,"enemies":"Gremlin Nob","floor":12,"turns":5}],"seed_played":"7461664677136581728","potions_obtained":[{"floor":6,"key":"SteroidPotion"},{"floor":8,"key":"Weak Potion"}],"is_trial":false,"path_per_floor":["M","M","?","M","?","E","$","M","T","R","?"],"character_chosen":"THE_SILENT","items_purchased":["Well Laid Plans"],"campfire_rested":1,"item_purchase_floors":[7],"current_hp_per_floor":[66,66,49,45,45,28,28,26,36,60,60,0],"gold":133,"neow_bonus":"BOSS_RELIC","is_prod":false,"is_daily":false,"chose_seed":false,"campfire_upgraded":0,"win_rate":0,"timestamp":1531094459,"path_taken":["M","M","?","M","?","E","?","M","T","R","?","E"],"build_version":"2018-07-05","purchased_purges":0,"victory":false,"max_hp_per_floor":[70,70,70,70,70,70,70,70,80,80,80,80],"card_choices":[{"not_picked":["Slice","Reflex"],"picked":"Flying Knee","floor":1},{"not_picked":["Sucker Punch","Deflect"],"picked":"Blur","floor":2},{"not_picked":["Expertise","Dagger Spray","Blur"],"picked":"SKIP","floor":4},{"not_picked":["Skewer","Unload"],"picked":"Dodge and Roll","floor":6},{"not_picked":["Dagger Throw","Deflect"],"picked":"Outmaneuver","floor":8}],"player_experience":100068,"relics_obtained":[{"floor":6,"key":"Letter Opener"},{"floor":9,"key":"Pear"}],"event_choices":[{"event_name":"Golden Idol","player_choice":"Take Damage","floor":3,"damage_taken":0},{"event_name":"Wheel of Change","player_choice":"Relic","floor":5,"damage_taken":0},{"event_name":"Bonfire Elementals","player_choice":"BASIC","floor":11,"damage_taken":0}],"boss_relics":[],"items_purged_floors":[],"is_endless":false,"potions_floor_spawned":[6,8],"killed_by":"Gremlin Nob","ascension_level":0}