{"gold_per_floor":[114,129,199,149,149,149,164,194,219,249,264,294,309,309,309,409,409,424,424,424,439,454,484,499,499,549,564,564],"floor_reached":28,"playtime":1002,"items_purged":[],"score":335,"play_id":"08b269e5-d8b4-4ead-a294-9c7a93356fa1","local_time":"20190126233642","daily_mods":["Insanity","ControlledChaos","Elite Swarm"],"is_ascension_mode":false,"campfire_choices":[{"data":"Armaments","floor":6,"key":"SMITH"},{"floor":15,"key":"REST"}],"neow_cost":"","seed_source_timestamp":0,"circlet_count":0,"master_deck":["Entrench","Thunderclap","Pummel","Iron Wave","Anger","Twin Strike","Headbutt","Heavy Blade","Wild Strike","Warcry","Sever Soul","Power Through","Burning Pact","Pommel Strike","Thunderclap","True Grit","Shrug It Off","Armaments+1","Warcry","Flex","Bloodletting","Intimidate","Cleave","Iron Wave","Clothesline","Armaments","Twin Strike","Bloodletting","Cleave","Reckless Charge","Body Slam","Havoc","Anger","Clothesline","Wild Strike","Warcry","Battle Trance","Pummel","Heavy Blade","Combust","Corruption","Flex","Heavy Blade","Heavy Blade","Clash","Flex","True Grit","Entrench","Fire Breathing","Immolate","Limit Break","Seeing Red","Offering","Thunderclap","Offering","True Grit+1","Pommel Strike+1","Barricade","Shockwave+1","Necronomicurse"],"special_seed":17923,"relics":["Burning Blood","Frozen Eye","Mummified Hand","Art of War","Dodecahedron","Charon\u0027s Ashes","Black Star","MutagenicStrength","The Courier","Question Card","Necronomicon","Oddly Smooth Stone"],"potions_floor_usage":[16,16,16,23,27,27],"damage_taken":[{"damage":11,"enemies":"Jaw Worm","floor":1,"turns":2},{"damage":0,"enemies":"2 Louse","floor":2,"turns":1},{"damage":7,"enemies":"Small Slimes","floor":7,"turns":4},{"damage":14,"enemies":"Lagavulin","floor":8,"turns":5},{"damage":25,"enemies":"3 Sentries","floor":10,"turns":5},{"damage":0,"enemies":"2 Fungi Beasts","floor":11,"turns":2},{"damage":13,"enemies":"Lagavulin","floor":12,"turns":5},{"damage":11,"enemies":"Looter","floor":13,"turns":2},{"damage":68,"enemies":"The Guardian","floor":16,"turns":10},{"damage":12,"enemies":"Chosen","floor":18,"turns":3},{"damage":18,"enemies":"Shell Parasite","floor":21,"turns":2},{"damage":2,"enemies":"Chosen and Byrds","floor":22,"turns":3},{"damage":49,"enemies":"Gremlin Leader","floor":23,"turns":7},{"damage":8,"enemies":"Snecko","floor":24,"turns":4},{"damage":0,"enemies":"Sentry and Sphere","floor":27,"turns":1},{"damage":16,"enemies":"Slavers","floor":28,"turns":1}],"seed_played":"-4277099179774056171","potions_obtained":[{"floor":1,"key":"Explosive Potion"},{"floor":2,"key":"Block Potion"},{"floor":12,"key":"Dexterity Potion"},{"floor":16,"key":"Poison Potion"},{"floor":22,"key":"SpeedPotion"},{"floor":24,"key":"Explosive Potion"},{"floor":27,"key":"Ancient Potion"}],"is_trial":false,"path_per_floor":["M","M","?","?","$","R","M","E","T","E","M","E","M","?","R","B",null,"M","?","?","M","M","E","M","?","T","M","E"],"character_chosen":"IRONCLAD","items_purchased":[],"campfire_rested":1,"item_purchase_floors":[],"current_hp_per_floor":[75,80,80,80,80,80,79,71,71,52,58,51,46,46,70,8,80,74,74,74,62,66,23,21,5,5,11,0],"gold":564,"neow_bonus":"","is_prod":false,"is_daily":true,"chose_seed":false,"campfire_upgraded":1,"win_rate":0,"timestamp":1548574602,"path_taken":["M","M","?","?","$","R","M","E","T","E","M","E","M","?","R","BOSS","M","?","?","?","M","E","M","?","T","M","E"],"build_version":"2019-01-23","purchased_purges":0,"victory":false,"max_hp_per_floor":[80,80,80,80,80,80,80,80,80,80,80,80,80,80,80,80,80,80,80,80,80,80,80,80,80,80,80,80],"card_choices":[{"not_picked":["Shrug It Off","Iron Wave","Shockwave"],"picked":"SKIP","floor":1},{"not_picked":["Flex","Clash","Warcry"],"picked":"SKIP","floor":2},{"not_picked":["Clothesline","Iron Wave","Blood for Blood"],"picked":"SKIP","floor":7},{"not_picked":["Feed","Impervious"],"picked":"Immolate","floor":8},{"not_picked":["Feed","Double Tap"],"picked":"Limit Break","floor":10},{"not_picked":["Anger","Armaments"],"picked":"Seeing Red","floor":11},{"not_picked":["Limit Break","Immolate"],"picked":"Offering","floor":12},{"not_picked":["Headbutt","Warcry"],"picked":"Thunderclap","floor":13},{"not_picked":["Juggernaut","Impervious"],"picked":"Offering","floor":16},{"not_picked":["Power Through","Searing Blow","Entrench+1"],"picked":"SKIP","floor":18},{"not_picked":["Iron Wave","Clothesline"],"picked":"True Grit+1","floor":21},{"not_picked":["Clothesline","Anger"],"picked":"Pommel Strike+1","floor":22},{"not_picked":["Juggernaut","Reaper"],"picked":"Barricade","floor":23},{"not_picked":["Fire Breathing","Shrug It Off","Flame Barrier"],"picked":"Shockwave+1","floor":24},{"not_picked":["Cleave","Pommel Strike","Havoc","Twin Strike+1"],"picked":"SKIP","floor":27}],"player_experience":168899,"relics_obtained":[{"floor":8,"key":"Mummified Hand"},{"floor":9,"key":"Art of War"},{"floor":10,"key":"Dodecahedron"},{"floor":12,"key":"Charon\u0027s Ashes"},{"floor":23,"key":"The Courier"},{"floor":23,"key":"Question Card"},{"floor":25,"key":"Necronomicon"},{"floor":26,"key":"Oddly Smooth Stone"}],"event_choices":[{"damage_healed":0,"gold_gain":70,"player_choice":"Gained Gold","damage_taken":0,"max_hp_gain":0,"max_hp_loss":0,"event_name":"Golden Wing","floor":3,"gold_loss":0},{"cards_removed":["Flame Barrier"],"damage_healed":0,"gold_gain":0,"player_choice":"Card Removal","damage_taken":0,"max_hp_gain":0,"max_hp_loss":0,"event_name":"The Cleric","floor":4,"gold_loss":50},{"damage_healed":0,"gold_gain":0,"player_choice":"Ignored","damage_taken":0,"max_hp_gain":0,"max_hp_loss":0,"event_name":"Golden Idol","floor":14,"gold_loss":0},{"damage_healed":0,"gold_gain":0,"player_choice":"Simplicity","damage_taken":0,"max_hp_gain":0,"max_hp_loss":0,"event_name":"Back to Basics","floor":19,"gold_loss":0,"cards_upgraded":[]},{"damage_healed":0,"gold_gain":0,"player_choice":"Inject Mutagens","damage_taken":0,"relics_obtained":["MutagenicStrength"],"max_hp_gain":0,"max_hp_loss":0,"event_name":"Drug Dealer","floor":20,"gold_loss":0},{"damage_healed":0,"gold_gain":0,"player_choice":"Obtained Book","damage_taken":16,"max_hp_gain":0,"max_hp_loss":0,"event_name":"Cursed Tome","floor":25,"gold_loss":0}],"is_beta":false,"boss_relics":[{"not_picked":["Philosopher\u0027s Stone","Coffee Dripper"],"picked":"Black Star"}],"items_purged_floors":[],"is_endless":false,"potions_floor_spawned":[1,2,12,13,16,22,24,27],"killed_by":"Slavers","ascension_level":0}