{"gold_per_floor":[114,129,147,147,161,194,208,233,245,257,269,299,311,336,348,360],"floor_reached":16,"playtime":415,"items_purged":[],"score":228,"play_id":"f3ec09ef-77c4-4b86-96d1-caf5c7a26dcf","local_time":"20190701150224","is_ascension_mode":true,"campfire_choices":[{"data":"Seek","floor":10.0,"key":"SMITH"},{"data":"Genetic Algorithm","floor":13,"key":"SMITH"},{"floor":15,"key":"REST"}],"neow_cost":"NONE","seed_source_timestamp":102328395338100,"circlet_count":0,"master_deck":["AscendersBane","Strike_B","Strike_B","Defend_B","Defend_B","Defend_B","Defend_B","Zap","Dualcast","Self Repair","Melter","Rebound","Compile Driver","Seek+1","Leap","Sweeping Beam","Genetic Algorithm+1","Capacitor"],"special_seed":0,"relics":["Cracked Core","Bag of Preparation","PreservedInsect","MawBank","Gremlin Horn"],"potions_floor_usage":[],"damage_taken":[{"damage":1.0,"enemies":"Cultist","floor":1.0,"turns":3.0},{"damage":3.0,"enemies":"2 Louse","floor":2.0,"turns":3.0},{"damage":4.0,"enemies":"Jaw Worm","floor":3.0,"turns":3.0},{"damage":9.0,"enemies":"Red Slaver","floor":5.0,"turns":3.0},{"damage":25.0,"enemies":"Lagavulin","floor":6.0,"turns":7.0},{"damage":9.0,"enemies":"Blue Slaver","floor":7.0,"turns":5.0},{"damage":20.0,"enemies":"3 Sentries","floor":8.0,"turns":6.0},{"damage":0,"enemies":"3 Louse","floor":12,"turns":3},{"damage":17,"enemies":"Exordium Wildlife","floor":14,"turns":3},{"damage":0,"enemies":"Slime Boss","floor":16,"turns":2}],"seed_played":"-6166767106587591381","potions_obtained":[{"floor":1.0,"key":"LiquidBronze"},{"floor":3.0,"key":"FearPotion"},{"floor":6.0,"key":"Weak Potion"}],"is_trial":false,"path_per_floor":["M","M","M","?","M","E","M","E","T","R","?","M","R","M","R","B"],"character_chosen":"DEFECT","items_purchased":[],"campfire_rested":1,"item_purchase_floors":[],"current_hp_per_floor":[63,67,70,63,61,43,41,28,28,28,28,28,28,18,39,39],"gold":360,"neow_bonus":"RANDOM_COMMON_RELIC","is_prod":false,"is_daily":false,"chose_seed":false,"campfire_upgraded":2,"win_rate":0,"timestamp":1561989744,"path_taken":["M","M","?","?","M","E","M","E","T","R","?","?","R","M","R","BOSS"],"build_version":"2019-01-23","purchased_purges":0,"victory":false,"max_hp_per_floor":[71,71,71,71,71,71,71,71,71,71,71,71,71,71,71,71],"card_choices":[{"not_picked":["Double Energy","Loop"],"picked":"Self Repair","floor":1.0},{"not_picked":["Undo","Hologram"],"picked":"Melter","floor":2.0},{"not_picked":["Loop","Coolheaded"],"picked":"Rebound","floor":3.0},{"not_picked":["Stack","Barrage"],"picked":"Compile Driver","floor":5.0},{"not_picked":["Cold Snap","Conserve Battery"],"picked":"Seek","floor":6.0},{"not_picked":["Turbo","Barrage"],"picked":"Leap","floor":7.0},{"not_picked":["Cold Snap","Creative AI"],"picked":"Sweeping Beam","floor":8.0},{"not_picked":["Leap","Stack"],"picked":"Genetic Algorithm","floor":12},{"not_picked":["Sweeping Beam","Consume"],"picked":"Capacitor","floor":14}],"player_experience":1519819,"relics_obtained":[{"floor":6.0,"key":"PreservedInsect"},{"floor":8.0,"key":"MawBank"},{"floor":9.0,"key":"Gremlin Horn"}],"event_choices":[{"cards_removed":["Strike_B"],"damage_healed":0.0,"max_hp_gain":0.0,"max_hp_loss":0.0,"gold_gain":0.0,"event_name":"Golden Wing","player_choice":"Card Removal","floor":4.0,"gold_loss":0.0,"damage_taken":7.0},{"cards_removed":["Strike_B"],"damage_healed":0.0,"max_hp_gain":0.0,"max_hp_loss":0.0,"gold_gain":0.0,"event_name":"Purifier","player_choice":"Purged","floor":11.0,"gold_loss":0.0,"damage_taken":0.0}],"is_beta":false,"boss_relics":[],"items_purged_floors":[],"is_endless":false,"potions_floor_spawned":[1,3,6,12],"killed_by":"Slime Boss","ascension_level":20}