{"gold_per_floor":[115,129,49,63,63,93,93,124,148,148,160,85,102,113,113,113],"floor_reached":16,"playtime":411,"items_purged":["Defend_R"],"score":224,"play_id":"2f1d8fe3-7baa-49a8-a573-886e40d30e42","local_time":"20190520223542","is_ascension_mode":true,"campfire_choices":[{"data":"Uppercut","floor":7,"key":"SMITH"},{"data":"Hemokinesis","floor":10,"key":"SMITH"},{"data":"True Grit","floor":15,"key":"SMITH"}],"neow_cost":"NONE","seed_source_timestamp":363809356301200,"circlet_count":0,"master_deck":["AscendersBane","Strike_R","Strike_R","Strike_R","Defend_R","Defend_R","Defend_R","Bash","Clothesline","Headbutt","Sentinel","Hemokinesis+1","Spot Weakness","Uppercut+1","Thunderclap","Flex","Sever Soul","True Grit+1"],"relics":["Burning Blood","Art of War","Bag of Preparation","Regal Pillow"],"potions_floor_usage":[6,13,16],"damage_taken":[{"damage":7,"enemies":"Cultist","floor":1,"turns":4},{"damage":4,"enemies":"Jaw Worm","floor":2,"turns":5},{"damage":4,"enemies":"Small Slimes","floor":4,"turns":3},{"damage":14,"enemies":"Gremlin Nob","floor":6,"turns":3},{"damage":26,"enemies":"Lagavulin","floor":8,"turns":5},{"damage":7,"enemies":"2 Fungi Beasts","floor":11,"turns":4},{"damage":7,"enemies":"Lots of Slimes","floor":13,"turns":3},{"damage":23,"enemies":"Exordium Wildlife","floor":14,"turns":4},{"damage":28,"enemies":"Hexaghost","floor":16,"turns":8}],"seed_played":"8042090691069410606","potions_obtained":[{"floor":4,"key":"Fire Potion"},{"floor":6,"key":"Explosive Potion"},{"floor":11,"key":"SteroidPotion"}],"is_trial":false,"path_per_floor":["M","M","$","M","?","E","R","E","T","R","M","$","M","M","R","B"],"character_chosen":"IRONCLAD","items_purchased":["Hemokinesis"],"campfire_rested":0,"item_purchase_floors":[3],"current_hp_per_floor":[67,69,69,71,71,63,63,43,43,43,42,42,41,24,24,0],"gold":113,"neow_bonus":"TRANSFORM_CARD","is_prod":false,"is_daily":false,"chose_seed":false,"campfire_upgraded":3,"win_rate":0,"timestamp":1558388142,"path_taken":["M","?","$","M","?","E","R","E","T","R","M","$","?","M","R","BOSS"],"build_version":"2019-01-23","purchased_purges":1,"victory":false,"max_hp_per_floor":[75,75,75,75,75,75,75,75,75,75,75,75,75,75,75,75],"card_choices":[{"not_picked":["Disarm","Anger"],"picked":"Headbutt","floor":1},{"not_picked":["Anger","Body Slam"],"picked":"Sentinel","floor":2},{"not_picked":["Wild Strike","Iron Wave"],"picked":"Spot Weakness","floor":4},{"not_picked":["Juggernaut","Warcry"],"picked":"Uppercut","floor":6},{"not_picked":["Armaments","Clash"],"picked":"Thunderclap","floor":8},{"not_picked":["Corruption","Perfected Strike"],"picked":"Flex","floor":11},{"not_picked":["Second Wind","Combust"],"picked":"Sever Soul","floor":13},{"not_picked":["Sword Boomerang","Fire Breathing"],"picked":"True Grit","floor":14}],"player_experience":1370751,"relics_obtained":[{"floor":6,"key":"Art of War"},{"floor":8,"key":"Bag of Preparation"},{"floor":9,"key":"Regal Pillow"}],"event_choices":[{"cards_removed":["Strike_R"],"damage_healed":0,"gold_gain":0,"player_choice":"Offered Basic","damage_taken":0,"max_hp_gain":0,"max_hp_loss":0,"event_name":"Bonfire Elementals","floor":5,"gold_loss":0}],"is_beta":false,"boss_relics":[],"items_purged_floors":[12],"is_endless":false,"potions_floor_spawned":[4,6,11],"killed_by":"Hexaghost","ascension_level":20}