{"gold_per_floor":[116,116,116,126,144,169,169,169,169,54,66,66,66,77,77,77],"floor_reached":16,"playtime":405,"items_purged":["Strike_B"],"score":204,"play_id":"ce2f8e40-cfbb-49a5-9313-63fc59e6be49","local_time":"20190317000347","is_ascension_mode":true,"campfire_choices":[{"data":"Self Repair","floor":8.0,"key":"SMITH"},{"data":"Defragment","floor":12.0,"key":"SMITH"},{"data":"Gash","floor":15,"key":"SMITH"}],"neow_cost":"NONE","seed_source_timestamp":7379933796081237,"circlet_count":0,"master_deck":["AscendersBane","Strike_B","Defend_B","Defend_B","Defend_B","Defend_B","Zap+1","Dualcast","Self Repair+1","Cold Snap","Gash+1","Buffer","Defragment+1","Cold Snap"],"special_seed":0,"relics":["Cracked Core","Shuriken","Meat on the Bone"],"potions_floor_usage":[],"damage_taken":[{"damage":0.0,"enemies":"2 Louse","floor":1.0,"turns":1.0},{"damage":16.0,"enemies":"Small Slimes","floor":4.0,"turns":4.0},{"damage":0.0,"enemies":"Cultist","floor":5.0,"turns":5.0},{"damage":36.0,"enemies":"Lagavulin","floor":6.0,"turns":7.0},{"damage":11.0,"enemies":"Exordium Wildlife","floor":11.0,"turns":4.0},{"damage":0.0,"enemies":"Lots of Slimes","floor":13.0,"turns":1.0},{"damage":4,"enemies":"Looter","floor":14,"turns":4},{"damage":59,"enemies":"Hexaghost","floor":16,"turns":10}],"seed_played":"3916817464414111966","potions_obtained":[{"floor":1.0,"key":"Ancient Potion"},{"floor":4.0,"key":"SmokeBomb"}],"is_trial":false,"path_per_floor":["M","?","?","M","M","E","?","R","T","$","M","R","M","M","R","B"],"character_chosen":"DEFECT","items_purchased":["Defragment"],"campfire_rested":0,"item_purchase_floors":[10],"current_hp_per_floor":[64,57,57,48,55,26,26,26,26,26,37,37,37,55,55,0],"gold":77,"neow_bonus":"TRANSFORM_CARD","is_prod":false,"is_daily":false,"chose_seed":false,"campfire_upgraded":3,"win_rate":0,"timestamp":1552795427,"path_taken":["M","?","?","M","M","E","?","R","T","$","?","R","M","M","R","BOSS"],"build_version":"2019-01-23","purchased_purges":1,"victory":false,"max_hp_per_floor":[71,71,71,71,71,71,71,71,71,71,71,71,71,71,71,71],"card_choices":[{"not_picked":["FTL","Redo"],"picked":"Cold Snap","floor":1.0},{"not_picked":["Chill","Redo","Recycle"],"picked":"SKIP","floor":4.0},{"not_picked":["Stack","Coolheaded"],"picked":"Gash","floor":5.0},{"not_picked":["Heatsinks","Beam Cell"],"picked":"Buffer","floor":6.0},{"not_picked":["Beam Cell","Barrage"],"picked":"Cold Snap","floor":11.0},{"not_picked":["Heatsinks","Compile Driver","BootSequence"],"picked":"SKIP","floor":14}],"player_experience":587654,"relics_obtained":[{"floor":6.0,"key":"Shuriken"},{"floor":9.0,"key":"Meat on the Bone"}],"event_choices":[{"cards_removed":["Strike_B"],"damage_healed":0.0,"max_hp_gain":0.0,"max_hp_loss":0.0,"gold_gain":0.0,"event_name":"Golden Wing","player_choice":"Card Removal","floor":2.0,"gold_loss":0.0,"damage_taken":7.0},{"damage_healed":0.0,"max_hp_gain":0.0,"max_hp_loss":0.0,"gold_gain":0.0,"event_name":"Golden Idol","player_choice":"Ignored","floor":3.0,"gold_loss":0.0,"damage_taken":0.0},{"damage_healed":0.0,"max_hp_gain":0.0,"max_hp_loss":0.0,"gold_gain":0.0,"event_name":"Accursed Blacksmith","player_choice":"Forge","floor":7.0,"gold_loss":0.0,"damage_taken":0.0,"cards_upgraded":["Zap"]}],"is_beta":false,"boss_relics":[],"items_purged_floors":[10],"is_endless":false,"potions_floor_spawned":[1,4,11,13],"killed_by":"Hexaghost","ascension_level":20}