{"gold_per_floor":[112,112,122,142,142,142,171,171,196,196,196,228,228,40,40,140,140,156,156],"floor_reached":19,"playtime":555,"items_purged":[],"score":242,"play_id":"979510ef-a73d-45a7-8e0a-e9353c2b1333","local_time":"20181217214916","is_ascension_mode":true,"campfire_choices":[{"data":"Armaments","floor":6,"key":"SMITH"},{"data":"Bash","floor":8,"key":"SMITH"},{"floor":10,"key":"REST"},{"data":"Iron Wave","floor":13,"key":"SMITH"},{"data":"Disarm","floor":15,"key":"SMITH"}],"neow_cost":"NONE","seed_source_timestamp":1409442102493278,"circlet_count":0,"master_deck":["Strike_R+1","Strike_R","Strike_R","Strike_R","Strike_R","Defend_R","Defend_R","Defend_R+1","Defend_R","Bash+1","Shrug It Off","Twin Strike","Armaments+1","Iron Wave+1","Spot Weakness","Disarm+1","Uppercut","Barricade","Sword Boomerang"],"relics":["Burning Blood","Potion Belt","Blood Vial","Paper Frog","Ancient Tea Set","Red Skull","Eternal Feather"],"potions_floor_usage":[16,19],"damage_taken":[{"damage":0,"enemies":"2 Louse","floor":1,"turns":4},{"damage":11,"enemies":"Jaw Worm","floor":3,"turns":4},{"damage":0,"enemies":"Cultist","floor":4,"turns":3},{"damage":24,"enemies":"3 Sentries","floor":7,"turns":11},{"damage":27,"enemies":"Gremlin Nob","floor":12,"turns":4},{"damage":20,"enemies":"Hexaghost","floor":16,"turns":9},{"damage":23,"enemies":"3 Byrds","floor":18,"turns":8},{"damage":72,"enemies":"Masked Bandits","floor":19,"turns":3}],"seed_played":"3294604261346572424","potions_obtained":[{"floor":7,"key":"Poison Potion"},{"floor":16,"key":"Ancient Potion"}],"is_trial":false,"path_per_floor":["M","?","M","M","?","R","E","R","T","R","?","E","R","$","R","B",null,"M","?"],"character_chosen":"IRONCLAD","items_purchased":["Spot Weakness","Disarm","Uppercut"],"campfire_rested":1,"item_purchase_floors":[14,14,14],"current_hp_per_floor":[78,62,57,63,45,45,29,29,29,53,58,39,39,39,39,27,71,56,0],"gold":156,"neow_bonus":"RANDOM_COMMON_RELIC","is_prod":false,"is_daily":false,"chose_seed":false,"campfire_upgraded":4,"win_rate":0,"timestamp":1545101356,"path_taken":["M","?","M","M","?","R","E","R","T","R","?","E","R","$","R","BOSS","M","?"],"build_version":"2018-12-13","purchased_purges":0,"victory":false,"max_hp_per_floor":[80,80,80,80,80,80,80,80,80,80,85,85,85,85,85,85,85,85,85],"card_choices":[{"not_picked":["Cleave","Feel No Pain"],"picked":"Shrug It Off","floor":1},{"not_picked":["Cleave","Shrug It Off"],"picked":"Twin Strike","floor":3},{"not_picked":["Body Slam","Wild Strike"],"picked":"Armaments","floor":4},{"not_picked":["Thunderclap","Clothesline"],"picked":"Iron Wave","floor":7},{"not_picked":["Sever Soul","True Grit","Clash"],"picked":"SKIP","floor":12},{"not_picked":["Juggernaut","Berserk"],"picked":"Barricade","floor":16},{"not_picked":["Warcry+1","Cleave"],"picked":"Sword Boomerang","floor":18}],"player_experience":520283,"relics_obtained":[{"floor":7,"key":"Paper Frog"},{"floor":9,"key":"Ancient Tea Set"},{"floor":12,"key":"Red Skull"}],"event_choices":[{"damage_healed":0,"gold_gain":0,"player_choice":"Entered Light","damage_taken":16,"max_hp_gain":0,"max_hp_loss":0,"event_name":"Shining Light","floor":2,"gold_loss":0,"cards_upgraded":["Defend_R","Strike_R"]},{"damage_healed":0,"gold_gain":0,"player_choice":"Success","damage_taken":18,"relics_obtained":["Blood Vial"],"max_hp_gain":0,"max_hp_loss":0,"event_name":"Scrap Ooze","floor":5,"gold_loss":0},{"damage_healed":0,"gold_gain":0,"player_choice":"Donut","damage_taken":0,"max_hp_gain":5,"max_hp_loss":0,"event_name":"Big Fish","floor":11,"gold_loss":0},{"damage_healed":0,"gold_gain":0,"player_choice":"Fought Bandits","damage_taken":0,"max_hp_gain":0,"max_hp_loss":0,"event_name":"Masked Bandits","floor":19,"gold_loss":0}],"is_beta":false,"boss_relics":[{"not_picked":["Lizard Tail","Runic Cube"],"picked":"Eternal Feather"}],"items_purged_floors":[],"is_endless":false,"potions_floor_spawned":[7,16],"killed_by":"Masked Bandits","ascension_level":8}