{"gold_per_floor":[117,135,135,155,155,155,188,188,211,222,222,147,147,179,179,250,250,170],"floor_reached":18,"playtime":545,"items_purged":[],"score":336,"play_id":"e9af9886-00cd-4ebb-be9e-0e79eee99625","local_time":"20190523181157","is_ascension_mode":true,"campfire_choices":[{"data":"Neutralize","floor":6.0,"key":"SMITH"},{"floor":8.0,"key":"REST"},{"floor":13,"key":"REST"},{"floor":15,"key":"REST"}],"neow_cost":"NONE","seed_source_timestamp":171243069918700,"circlet_count":0,"master_deck":["AscendersBane","Defend_G","Defend_G","Defend_G","Defend_G","Defend_G","Strike_G+1","Strike_G","Strike_G+1","Survivor","Neutralize+1","Quick Slash","Sucker Punch","Slice","Sucker Punch","Skewer","Flechettes","Adrenaline"],"special_seed":0,"relics":["Ring of the Snake","Art of War","Lantern","Singing Bowl","Lizard Tail"],"potions_floor_usage":[16,16],"damage_taken":[{"damage":0.0,"enemies":"Small Slimes","floor":1.0,"turns":4.0},{"damage":2.0,"enemies":"2 Louse","floor":2.0,"turns":3.0},{"damage":0.0,"enemies":"Cultist","floor":4.0,"turns":3.0},{"damage":26.0,"enemies":"Lagavulin","floor":7.0,"turns":7.0},{"damage":0.0,"enemies":"Lots of Slimes","floor":10.0,"turns":3.0},{"damage":24,"enemies":"Gremlin Nob","floor":14,"turns":4},{"damage":39,"enemies":"The Guardian","floor":16,"turns":19},{"damage":25,"enemies":"2 Thieves","floor":18,"turns":5}],"seed_played":"3133851163933149918","potions_obtained":[{"floor":2.0,"key":"AttackPotion"},{"floor":4.0,"key":"GhostInAJar"},{"floor":14,"key":"SkillPotion"},{"floor":16,"key":"Energy Potion"}],"is_trial":false,"path_per_floor":["M","M","?","M","?","R","E","R","T","M","?","?","R","E","R","B",null,"M"],"character_chosen":"THE_SILENT","items_purchased":[],"campfire_rested":3,"item_purchase_floors":[],"current_hp_per_floor":[65,63,41,41,34,34,8,29,29,29,29,29,50,26,47,8,56,31],"gold":170,"neow_bonus":"TEN_PERCENT_HP_BONUS","is_prod":false,"is_daily":false,"chose_seed":false,"campfire_upgraded":1,"win_rate":0,"timestamp":1558631517,"path_taken":["M","M","?","M","?","R","E","R","T","M","?","?","R","E","R","BOSS","M"],"build_version":"2019-01-23","purchased_purges":0,"victory":false,"max_hp_per_floor":[72,72,72,72,72,72,72,72,72,72,72,72,72,72,72,72,72,72],"card_choices":[{"not_picked":["Underhanded Strike","Acrobatics"],"picked":"Quick Slash","floor":1.0},{"not_picked":["PiercingWail","Expertise"],"picked":"Sucker Punch","floor":2.0},{"not_picked":["Outmaneuver","Dagger Spray"],"picked":"Slice","floor":4.0},{"not_picked":["Outmaneuver","Prepared"],"picked":"Sucker Punch","floor":7.0},{"not_picked":["Blade Dance","Calculated Gamble"],"picked":"Skewer","floor":10.0},{"not_picked":["Tactician","Accuracy"],"picked":"Flechettes","floor":14},{"not_picked":["Glass Knife","Die Die Die"],"picked":"Adrenaline","floor":16}],"player_experience":1387119,"relics_obtained":[{"floor":7.0,"key":"Art of War"},{"floor":9.0,"key":"Lantern"},{"floor":14,"key":"Singing Bowl"}],"event_choices":[{"damage_healed":0.0,"max_hp_gain":0.0,"max_hp_loss":0.0,"gold_gain":0.0,"event_name":"Shining Light","player_choice":"Entered Light","floor":3.0,"gold_loss":0.0,"damage_taken":22.0,"cards_upgraded":["Strike_G","Strike_G"]},{"cards_removed":["Strike_G"],"damage_healed":0.0,"max_hp_gain":0.0,"max_hp_loss":0.0,"gold_gain":0.0,"event_name":"Golden Wing","player_choice":"Card Removal","floor":5.0,"gold_loss":0.0,"damage_taken":7.0},{"damage_healed":0,"gold_gain":0,"player_choice":"Fled","damage_taken":0,"max_hp_gain":0,"max_hp_loss":0,"event_name":"Scrap Ooze","floor":11,"gold_loss":0},{"cards_removed":["Strike_G"],"damage_healed":0,"gold_gain":0,"player_choice":"Card Removal","damage_taken":0,"max_hp_gain":0,"max_hp_loss":0,"event_name":"The Cleric","floor":12,"gold_loss":75}],"is_beta":false,"boss_relics":[{"not_picked":["Tiny House","Coffee Dripper"],"picked":"Lizard Tail"}],"items_purged_floors":[],"is_endless":false,"potions_floor_spawned":[2,4,14,16],"killed_by":"2 Thieves","ascension_level":20}