{"gold_per_floor":[114,114,129,144,16,46,46,106,106,136,136,151,76,76,76,176,176,191,216,216,231,150,180,195,195,195,210,210,225,255,270,270,370,370,385,9,9,24,24,54,54,84,84,84,99,28,28,28,28,28],"floor_reached":51,"playtime":1833,"items_purged":["Flying Knee"],"score":1011,"play_id":"cdf288d5-983e-4958-a98e-15939c9d2291","local_time":"20190207195035","daily_mods":["SealedDeck","Colorless Cards","Elite Swarm"],"is_ascension_mode":false,"campfire_choices":[{"data":"Blind","floor":7,"key":"SMITH"},{"floor":11,"key":"REST"},{"data":"Trip","floor":15,"key":"SMITH"},{"data":"Purity","floor":25,"key":"SMITH"},{"data":"Dark Shackles","floor":28,"key":"SMITH"},{"data":"Cloak And Dagger","floor":32,"key":"SMITH"},{"data":"Accuracy","floor":41,"key":"SMITH"},{"data":"Blade Dance","floor":44,"key":"SMITH"},{"data":"Finesse","floor":47,"key":"SMITH"},{"data":"Panache","floor":49,"key":"SMITH"}],"neow_cost":"","seed_source_timestamp":0,"circlet_count":0,"master_deck":["Cloak And Dagger+1","Cloak And Dagger","Dark Shackles+1","Blind+1","Finesse+1","Finesse","Flash of Steel","Dramatic Entrance","Purity+1","Trip+1","Blade Dance+1","Flash of Steel","Grand Finale","Panache+1","Deflect+1","Expertise+1","Flash of Steel","Backstab","Finesse","Accuracy+1","Writhe","Accuracy+1","Panache+1"],"special_seed":17935,"relics":["Ring of the Snake","Strawberry","Prayer Wheel","Tiny Chest","Happy Flower","Du-Vu Doll","Cursed Key","Red Mask","Tingsha","Mercury Hourglass","WristBlade","FossilizedHelix","Blood Vial","Lantern","Frozen Egg 2"],"potions_floor_usage":[16,33,50],"damage_taken":[{"damage":0,"enemies":"Small Slimes","floor":1,"turns":3},{"damage":0,"enemies":"2 Louse","floor":3,"turns":2},{"damage":0,"enemies":"Cultist","floor":4,"turns":3},{"damage":3,"enemies":"Lagavulin","floor":6,"turns":4},{"damage":0,"enemies":"3 Sentries","floor":8,"turns":2},{"damage":10,"enemies":"Lagavulin","floor":10,"turns":5},{"damage":0,"enemies":"3 Louse","floor":12,"turns":2},{"damage":0,"enemies":"Slime Boss","floor":16,"turns":2},{"damage":1,"enemies":"2 Thieves","floor":18,"turns":3},{"damage":21,"enemies":"Masked Bandits","floor":19,"turns":4},{"damage":0,"enemies":"Spheric Guardian","floor":21,"turns":3},{"damage":0,"enemies":"Slavers","floor":23,"turns":1},{"damage":0,"enemies":"Chosen and Byrds","floor":24,"turns":1},{"damage":0,"enemies":"Shelled Parasite and Fungi","floor":27,"turns":2},{"damage":0,"enemies":"Snake Plant","floor":29,"turns":1},{"damage":0,"enemies":"Gremlin Leader","floor":30,"turns":2},{"damage":0,"enemies":"Snecko","floor":31,"turns":1},{"damage":4,"enemies":"Automaton","floor":33,"turns":5},{"damage":0,"enemies":"Orb Walker","floor":35,"turns":2},{"damage":0,"enemies":"3 Shapes","floor":38,"turns":1},{"damage":0,"enemies":"Giant Head","floor":40,"turns":3},{"damage":0,"enemies":"Nemesis","floor":42,"turns":3},{"damage":0,"enemies":"3 Darklings","floor":45,"turns":2},{"damage":0,"enemies":"Donu and Deca","floor":50,"turns":3}],"seed_played":"-7219234753305552814","potions_obtained":[{"floor":1,"key":"Fire Potion"},{"floor":4,"key":"LiquidBronze"},{"floor":6,"key":"SteroidPotion"},{"floor":19,"key":"Energy Potion"},{"floor":40,"key":"FearPotion"}],"is_trial":false,"path_per_floor":["M","?","M","M","$","E","R","E","T","E","R","M","$","?","R","B",null,"M","?","?","M","$","E","M","R","T","M","R","M","E","M","R","B",null,"M","$","?","M","$","E","R","E","T","R","M","$","R","?","R","B",null],"character_chosen":"THE_SILENT","items_purchased":["Infinite Blades","Flash of Steel","Flash of Steel","Accuracy","FossilizedHelix","Accuracy+1"],"campfire_rested":1,"item_purchase_floors":[5,5,22,36,36,46],"current_hp_per_floor":[70,65,65,65,65,62,62,62,62,52,75,75,75,80,80,80,82,81,60,82,82,82,82,82,82,82,82,82,82,82,82,82,78,82,82,82,82,82,82,82,82,82,82,82,82,82,82,82,82,82],"gold":28,"neow_bonus":"","is_prod":false,"is_daily":true,"chose_seed":false,"campfire_upgraded":9,"win_rate":0,"timestamp":1549597835,"path_taken":["M","?","M","M","$","E","R","E","T","E","R","M","$","?","R","BOSS","M","?","?","M","$","E","M","R","T","M","R","?","E","M","R","BOSS","M","$","?","M","?","E","R","E","T","R","M","$","R","?","R","BOSS"],"build_version":"2019-01-23","purchased_purges":1,"victory":true,"max_hp_per_floor":[70,77,77,77,77,77,77,77,77,77,77,77,77,82,82,82,82,82,82,82,82,82,82,82,82,82,82,82,82,82,82,82,82,82,82,82,82,82,82,82,82,82,82,82,82,82,82,82,82,82],"card_choices":[{"not_picked":["Bane","Dodge and Roll","Prepared"],"picked":"SKIP","floor":1},{"not_picked":["PiercingWail","Acrobatics"],"picked":"Flying Knee","floor":3},{"not_picked":["Poisoned Stab","Dagger Spray"],"picked":"Blade Dance","floor":4},{"not_picked":["Bullet Time","Master of Strategy"],"picked":"Grand Finale","floor":6},{"not_picked":["Violence","Venomology","After Image"],"picked":"SKIP","floor":8},{"not_picked":["Die Die Die","Apotheosis"],"picked":"Panache","floor":10},{"not_picked":["Bane","Flying Knee","Crippling Poison"],"picked":"SKIP","floor":12},{"not_picked":["Cloak And Dagger","Slice","Dagger Spray"],"picked":"SKIP","floor":12},{"not_picked":["Dagger Throw","Reflex"],"picked":"Deflect+1","floor":18},{"not_picked":["PiercingWail","Blur+1","Deadly Poison"],"picked":"SKIP","floor":18},{"not_picked":["Dodge and Roll","Sucker Punch"],"picked":"Expertise+1","floor":21},{"not_picked":["Madness+1","Quick Slash+1","Flying Knee"],"picked":"SKIP","floor":21},{"not_picked":["Chrysalis","Magnetism","Venomology"],"picked":"SKIP","floor":23},{"not_picked":["Backflip+1","PiercingWail","Acrobatics"],"picked":"SKIP","floor":24},{"not_picked":["Underhanded Strike","Poisoned Stab+1","Dagger Spray+1"],"picked":"SKIP","floor":24},{"not_picked":["Eviscerate","Slice+1","PiercingWail+1"],"picked":"SKIP","floor":27},{"not_picked":["Purity","Wraith Form v2","Dodge and Roll"],"picked":"SKIP","floor":27},{"not_picked":["Prepared","All Out Attack","Cloak And Dagger"],"picked":"SKIP","floor":29},{"not_picked":["Bane+1","Footwork+1","Swift Strike"],"picked":"SKIP","floor":29},{"not_picked":["The Bomb","Wraith Form v2","Sadistic Nature"],"picked":"SKIP","floor":30},{"not_picked":["Deadly Poison","Good Instincts+1"],"picked":"Backstab","floor":31},{"not_picked":["Poisoned Stab+1","Prepared"],"picked":"Finesse","floor":31},{"not_picked":["Acrobatics","Panacea+1","Concentrate"],"picked":"SKIP","floor":35},{"not_picked":["Dagger Spray","Crippling Poison","Outmaneuver+1"],"picked":"SKIP","floor":35},{"not_picked":["Sucker Punch+1","Infinite Blades","Blur"],"picked":"SKIP","floor":38},{"not_picked":["Flying Knee+1","Dagger Spray","Deflect"],"picked":"SKIP","floor":38},{"not_picked":["Night Terror","Envenom","Malaise"],"picked":"SKIP","floor":40},{"not_picked":["Sadistic Nature","Burst","Secret Technique"],"picked":"SKIP","floor":42},{"not_picked":["Discovery","Outmaneuver+1","Underhanded Strike+1"],"picked":"SKIP","floor":45},{"not_picked":["Dodge and Roll","Dagger Spray","Well Laid Plans+1"],"picked":"SKIP","floor":45},{"not_picked":["Purity","Panacea"],"picked":"Panache+1","floor":48}],"player_experience":191936,"relics_obtained":[{"floor":6,"key":"Prayer Wheel"},{"floor":8,"key":"Tiny Chest"},{"floor":9,"key":"Happy Flower"},{"floor":10,"key":"Du-Vu Doll"},{"floor":19,"key":"Red Mask"},{"floor":23,"key":"Tingsha"},{"floor":30,"key":"Mercury Hourglass"},{"floor":40,"key":"Blood Vial"},{"floor":42,"key":"Lantern"},{"floor":43,"key":"Frozen Egg 2"}],"event_choices":[{"damage_healed":0,"gold_gain":0,"player_choice":"Success","damage_taken":12,"relics_obtained":["Strawberry"],"max_hp_gain":0,"max_hp_loss":0,"event_name":"Scrap Ooze","floor":2,"gold_loss":0},{"damage_healed":0,"gold_gain":0,"player_choice":"Donut","damage_taken":0,"max_hp_gain":5,"max_hp_loss":0,"event_name":"Big Fish","floor":14,"gold_loss":0},{"damage_healed":0,"gold_gain":0,"player_choice":"Fought Bandits","damage_taken":0,"max_hp_gain":0,"max_hp_loss":0,"event_name":"Masked Bandits","floor":19,"gold_loss":0},{"cards_removed":["Infinite Blades"],"damage_healed":22,"gold_gain":0,"player_choice":"Offered Uncommon","damage_taken":0,"max_hp_gain":0,"max_hp_loss":0,"event_name":"Bonfire Elementals","floor":20,"gold_loss":0},{"damage_healed":0,"gold_gain":0,"player_choice":"Ignored","damage_taken":0,"max_hp_gain":0,"max_hp_loss":0,"event_name":"Purifier","floor":37,"gold_loss":0},{"damage_healed":0,"gold_gain":0,"player_choice":"Memory 1","damage_taken":0,"max_hp_gain":0,"max_hp_loss":0,"event_name":"SensoryStone","floor":48,"gold_loss":0}],"is_beta":false,"boss_relics":[{"not_picked":["Empty Cage","Sozu"],"picked":"Cursed Key"},{"not_picked":["Eternal Feather","Astrolabe"],"picked":"WristBlade"}],"items_purged_floors":[13],"is_endless":false,"potions_floor_spawned":[1,4,6,12,19,21,24,27,40,42,45],"ascension_level":0}