{"gold_per_floor":[115,0,17,17,36,76,76,116,116,150,150,164,164,180,180,269,269,289,41,41,41,55,90,90,109,109,143,143,159,59,72,72,167,167,180,239,239,239,264,264,299,299,299,335,360,19,19,19,19,19,19,19,19,19,55,55],"floor_reached":57,"playtime":4682,"items_purged":["Strike_R","Strike_R"],"score":3157,"play_id":"a25018ec-8fdf-42dc-bb7e-75f3d1c06f82","local_time":"20190613192925","is_ascension_mode":true,"campfire_choices":[{"data":"Fiend Fire","floor":7,"key":"SMITH"},{"data":"Armaments","floor":13,"key":"SMITH"},{"data":"Offering","floor":15,"key":"SMITH"},{"data":"Inflame","floor":24,"key":"SMITH"},{"data":"Shockwave","floor":28,"key":"SMITH"},{"data":"Immolate","floor":32,"key":"SMITH"},{"data":"Demon Form","floor":40,"key":"SMITH"},{"data":"Dual Wield","floor":42,"key":"SMITH"},{"floor":47,"key":"RECALL"},{"data":"Transmutation","floor":49,"key":"SMITH"},{"data":"Disarm","floor":53,"key":"SMITH"}],"neow_cost":"NONE","seed_source_timestamp":380822239286400,"circlet_count":0,"master_deck":["AscendersBane","Strike_R","Strike_R","Defend_R","Defend_R","Defend_R","Defend_R","Bash","Armaments+1","Twin Strike","Offering+1","Fiend Fire+1","Iron Wave","Dark Embrace","Pain","Blood for Blood","Flame Barrier","Immolate+1","Corruption","Shockwave+1","Iron Wave+1","Inflame+1","Battle Trance","Ghostly Armor","Feel No Pain+1","Burning Pact","Demon Form+1","Dual Wield+1","Second Wind","Dark Shackles","Master of Strategy","Discovery","Entrench+1","Writhe","Heavy Blade","Transmutation+1","Disarm+1","Shockwave","Pain","Exhume"],"relics":["Black Star","Golden Idol","Pantograph","Self Forming Clay","Magic Flower","Champion Belt","Question Card","Ice Cream","Bronze Scales","WarpedTongs","Snecko Eye","Red Skull","Anchor","Gremlin Horn","Blue Candle","Oddly Smooth Stone","Cursed Key","Bird Faced Urn","Calipers","Torii","Vajra","Unceasing Top","Frozen Egg 2","Orichalcum","Incense Burner"],"potions_floor_usage":[6,10,14,18,55,56],"damage_taken":[{"damage":0,"enemies":"2 Louse","floor":1,"turns":4},{"damage":7,"enemies":"Jaw Worm","floor":3,"turns":4},{"damage":0,"enemies":"Cultist","floor":5,"turns":4},{"damage":21,"enemies":"Lagavulin","floor":6,"turns":3},{"damage":28,"enemies":"3 Sentries","floor":8,"turns":7},{"damage":6,"enemies":"Lagavulin","floor":10,"turns":5},{"damage":2,"enemies":"2 Fungi Beasts","floor":12,"turns":3},{"damage":9,"enemies":"Exordium Thugs","floor":14,"turns":3},{"damage":13,"enemies":"Hexaghost","floor":16,"turns":8},{"damage":1,"enemies":"Shell Parasite","floor":18,"turns":1},{"damage":8,"enemies":"2 Thieves","floor":22,"turns":3},{"damage":11,"enemies":"Book of Stabbing","floor":23,"turns":4},{"damage":4,"enemies":"Snecko","floor":25,"turns":4},{"damage":7,"enemies":"Gremlin Leader","floor":27,"turns":2},{"damage":1,"enemies":"Snake Plant","floor":29,"turns":2},{"damage":7,"enemies":"3 Cultists","floor":31,"turns":3},{"damage":10,"enemies":"Automaton","floor":33,"turns":6},{"damage":1,"enemies":"3 Darklings","floor":35,"turns":2},{"damage":1,"enemies":"2 Orb Walkers","floor":36,"turns":3},{"damage":1,"enemies":"Orb Walker","floor":39,"turns":2},{"damage":7,"enemies":"Nemesis","floor":41,"turns":5},{"damage":8,"enemies":"Giant Head","floor":44,"turns":6},{"damage":8,"enemies":"Writhing Mass","floor":45,"turns":4},{"damage":25,"enemies":"Donu and Deca","floor":50,"turns":5},{"damage":3,"enemies":"Time Eater","floor":51,"turns":5},{"damage":19,"enemies":"Shield and Spear","floor":55,"turns":3},{"damage":47,"enemies":"The Heart","floor":56,"turns":9}],"seed_played":"-1544903647640179542","potions_obtained":[{"floor":6,"key":"BloodPotion"},{"floor":8,"key":"EssenceOfSteel"},{"floor":10,"key":"SneckoOil"},{"floor":12,"key":"Swift Potion"},{"floor":16,"key":"Ancient Potion"}],"is_trial":false,"path_per_floor":["M","$","M","?","M","E","R","E","T","E","?","M","R","M","R","B",null,"M","$","?","$","M","E","R","M","T","E","R","M","$","M","R","B",null,"M","?","?","?","M","R","E","R","T","E","M","$","R","T","R","B","B",null,"R","$","E","B",null],"character_chosen":"IRONCLAD","items_purchased":["AttackPotion","Armaments","Shockwave","GamblersBrew","Transmutation","Disarm","Shockwave"],"campfire_rested":0,"item_purchase_floors":[2,2,19,19,46,46,46],"current_hp_per_floor":[68,68,61,61,61,40,40,12,12,15,15,13,13,4,4,29,58,57,57,57,57,49,38,38,34,34,27,27,26,26,19,19,47,63,62,61,61,51,68,68,67,67,67,68,68,68,68,68,68,64,68,68,68,68,64,46],"gold":55,"neow_bonus":"BOSS_RELIC","is_prod":false,"is_daily":false,"chose_seed":false,"campfire_upgraded":10,"win_rate":0,"timestamp":1560468565,"path_taken":["M","$","M","?","M","E","R","E","T","E","?","M","R","?","R","BOSS","M","$","?","?","M","E","R","M","T","E","R","M","$","M","R","BOSS","M","?","?","?","M","R","E","R","T","E","?","$","R","?","R","BOSS","BOSS","R","$","E","BOSS"],"build_version":"2019-01-23","purchased_purges":2,"victory":true,"max_hp_per_floor":[75,75,75,68,68,68,68,68,68,68,68,68,68,68,68,68,68,68,68,68,68,68,68,68,68,68,68,68,68,68,68,68,68,68,68,68,68,68,68,68,68,68,68,68,68,68,68,68,68,68,68,68,68,68,68,68],"card_choices":[{"not_picked":["Pommel Strike","Armaments"],"picked":"Perfected Strike","floor":1},{"not_picked":["Fire Breathing","Shrug It Off"],"picked":"Twin Strike","floor":3},{"not_picked":["Warcry","Havoc"],"picked":"Offering","floor":5},{"not_picked":["Clash","Iron Wave"],"picked":"Fiend Fire","floor":6},{"not_picked":["Burning Pact","Sentinel"],"picked":"Iron Wave","floor":8},{"not_picked":["Twin Strike","Wild Strike","Iron Wave"],"picked":"Dark Embrace","floor":10},{"not_picked":["Flame Barrier","Thunderclap","Sword Boomerang"],"picked":"Blood for Blood","floor":12},{"not_picked":["Flex","Thunderclap","Twin Strike"],"picked":"Flame Barrier","floor":14},{"not_picked":["Demon Form","Double Tap","Berserk"],"picked":"Immolate","floor":16},{"not_picked":["Clothesline","Cleave","Pommel Strike"],"picked":"Corruption","floor":18},{"not_picked":["Havoc","Heavy Blade","True Grit"],"picked":"Iron Wave+1","floor":22},{"not_picked":["Power Through","Shrug It Off","Dropkick"],"picked":"Inflame","floor":23},{"not_picked":["Perfected Strike","Pommel Strike","Hemokinesis"],"picked":"Battle Trance","floor":25},{"not_picked":["Battle Trance","Dark Embrace","Perfected Strike"],"picked":"Ghostly Armor","floor":27},{"not_picked":["Pommel Strike","Fire Breathing","Headbutt"],"picked":"Feel No Pain+1","floor":29},{"not_picked":["Anger","Twin Strike+1","Intimidate"],"picked":"Burning Pact","floor":31},{"not_picked":["Limit Break","Exhume","Reaper"],"picked":"Demon Form","floor":33},{"not_picked":["Warcry","Body Slam","Uppercut+1"],"picked":"Dual Wield","floor":35},{"not_picked":["Sentinel","Cleave","Twin Strike"],"picked":"Second Wind","floor":36},{"not_picked":["Sadistic Nature","Secret Technique","Trip"],"picked":"Dark Shackles","floor":38},{"not_picked":["Mind Blast","Secret Technique","Dramatic Entrance"],"picked":"Master of Strategy","floor":38},{"not_picked":["Chrysalis","Finesse","Good Instincts"],"picked":"Discovery","floor":38},{"not_picked":["Entrench","Rage","Warcry","Thunderclap"],"picked":"SKIP","floor":39},{"not_picked":["Rupture","Sword Boomerang","Iron Wave+1"],"picked":"Entrench+1","floor":41},{"not_picked":["Warcry","Pommel Strike","Intimidate","Flex"],"picked":"SKIP","floor":44},{"not_picked":["Reckless Charge","Searing Blow","Power Through"],"picked":"Heavy Blade","floor":45},{"not_picked":["Shrug It Off","Bloodletting","Cleave"],"picked":"Exhume","floor":55}],"player_experience":2113238,"relics_obtained":[{"floor":6,"key":"Pantograph"},{"floor":6,"key":"Self Forming Clay"},{"floor":8,"key":"Magic Flower"},{"floor":8,"key":"Champion Belt"},{"floor":9,"key":"Question Card"},{"floor":10,"key":"Ice Cream"},{"floor":10,"key":"Bronze Scales"},{"floor":23,"key":"Red Skull"},{"floor":23,"key":"Anchor"},{"floor":26,"key":"Gremlin Horn"},{"floor":27,"key":"Blue Candle"},{"floor":27,"key":"Oddly Smooth Stone"},{"floor":36,"key":"Bird Faced Urn"},{"floor":41,"key":"Calipers"},{"floor":41,"key":"Torii"},{"floor":44,"key":"Vajra"},{"floor":44,"key":"Unceasing Top"},{"floor":48,"key":"Frozen Egg 2"},{"floor":55,"key":"Orichalcum"},{"floor":55,"key":"Incense Burner"}],"event_choices":[{"damage_healed":0,"gold_gain":0,"player_choice":"Lose Max HP","damage_taken":0,"relics_obtained":["Golden Idol"],"max_hp_gain":0,"max_hp_loss":7,"event_name":"Golden Idol","floor":4,"gold_loss":0},{"damage_healed":0,"gold_gain":0,"player_choice":"Rummage","damage_taken":0,"relics_obtained":["WarpedTongs"],"max_hp_gain":0,"max_hp_loss":0,"event_name":"Accursed Blacksmith","floor":11,"gold_loss":0,"cards_obtained":["Pain"]},{"cards_removed":["Strike_R"],"damage_healed":0,"gold_gain":0,"player_choice":"Card Removal","damage_taken":0,"max_hp_gain":0,"max_hp_loss":0,"event_name":"Wheel of Change","floor":20,"gold_loss":0},{"damage_healed":0,"gold_gain":0,"player_choice":"Fight","damage_taken":0,"max_hp_gain":0,"max_hp_loss":0,"event_name":"Mysterious Sphere","floor":36,"gold_loss":0},{"cards_removed":["Perfected Strike"],"damage_healed":0,"gold_gain":0,"player_choice":"Removed Attack","damage_taken":0,"max_hp_gain":0,"max_hp_loss":0,"event_name":"Falling","floor":37,"gold_loss":0},{"damage_healed":0,"gold_gain":0,"player_choice":"Memory 3","damage_taken":10,"max_hp_gain":0,"max_hp_loss":0,"event_name":"SensoryStone","floor":38,"gold_loss":0}],"is_beta":false,"boss_relics":[{"not_picked":["Philosopher\u0027s Stone","Runic Pyramid"],"picked":"Snecko Eye"},{"not_picked":["Runic Dome","Pandora\u0027s Box"],"picked":"Cursed Key"}],"items_purged_floors":[19,30],"is_endless":false,"potions_floor_spawned":[6,8,10,12,16,25,29,33,35,41,44,45],"ascension_level":20}