{"gold_per_floor":[118,118,118,133,153,153,168,168,193,220,220,29,44,44,44,146,146,71,71,71,71,0,0,0,0,0,0,0,0,0,0,0,0],"floor_reached":33,"playtime":1802,"items_purged":["Defend_G"],"score":519,"play_id":"ce6b71c8-578b-4fdf-b6f8-42246c8081cd","local_time":"20180906124417","is_ascension_mode":true,"campfire_choices":[{"data":"Neutralize","floor":6,"key":"SMITH"},{"data":"Cloak And Dagger","floor":8,"key":"SMITH"},{"data":"Sucker Punch","floor":11,"key":"SMITH"},{"data":"Footwork","floor":15,"key":"SMITH"},{"floor":29,"key":"REST"},{"floor":32,"key":"REST"}],"neow_cost":"NONE","seed_source_timestamp":5239929875651139,"circlet_count":0,"master_deck":["Defend_G","Defend_G","Defend_G","Defend_G","Strike_G+1","Strike_G","Strike_G","Survivor","Neutralize+1","AscendersBane","Dodge and Roll+1","Distraction","Sucker Punch+1","Heel Hook","Cloak And Dagger+1","Backflip","Footwork+1","Cloak And Dagger","Deadly Poison","Malaise","Infinite Blades","Noxious Fumes","Leg Sweep+1","Glass Knife","Cloak And Dagger","Leg Sweep","Sucker Punch","Cloak And Dagger+1"],"relics":["Ring of the Snake","Omamori","Oddly Smooth Stone","Potion Belt","Ectoplasm","Lantern","The Courier"],"potions_floor_usage":[23,27,30],"damage_taken":[{"damage":0,"enemies":"Jaw Worm","floor":1,"turns":6},{"damage":0,"enemies":"Small Slimes","floor":4,"turns":6},{"damage":2,"enemies":"Cultist","floor":5,"turns":6},{"damage":1,"enemies":"2 Fungi Beasts","floor":7,"turns":4},{"damage":11,"enemies":"3 Sentries","floor":10,"turns":12},{"damage":0,"enemies":"Red Slaver","floor":13,"turns":6},{"damage":0,"enemies":"The Guardian","floor":16,"turns":18},{"damage":5,"enemies":"2 Thieves","floor":18,"turns":4},{"damage":3,"enemies":"Chosen","floor":20,"turns":7},{"damage":6,"enemies":"Centurion and Healer","floor":21,"turns":10},{"damage":29,"enemies":"Slavers","floor":23,"turns":9},{"damage":2,"enemies":"Snake Plant","floor":27,"turns":6},{"damage":0,"enemies":"Chosen and Byrds","floor":28,"turns":7},{"damage":4,"enemies":"Snecko","floor":30,"turns":7},{"damage":4,"enemies":"3 Cultists","floor":31,"turns":6},{"damage":60,"enemies":"Automaton","floor":33,"turns":18}],"seed_played":"-6889174869509170682","potions_obtained":[{"floor":4,"key":"Weak Potion"},{"floor":5,"key":"Energy Potion"},{"floor":10,"key":"Block Potion"},{"floor":16,"key":"GamblersBrew"},{"floor":27,"key":"Weak Potion"},{"floor":28,"key":"Block Potion"}],"is_trial":false,"path_per_floor":["M","?","?","M","M","R","M","R","T","E","R","$","M","?","R","B",null,"M","$","M","M","?","E","?","$","T","M","M","R","M","M","R"],"character_chosen":"THE_SILENT","items_purchased":["Footwork","Cloak And Dagger"],"campfire_rested":2,"item_purchase_floors":[12,12],"current_hp_per_floor":[63,49,49,49,47,47,46,46,46,35,35,35,35,35,35,35,61,56,56,53,47,47,18,18,18,18,16,16,37,33,29,50,0],"gold":0,"neow_bonus":"RANDOM_COMMON_RELIC","is_prod":false,"is_daily":false,"chose_seed":false,"campfire_upgraded":4,"win_rate":0,"timestamp":1536252257,"path_taken":["M","?","?","M","M","R","M","R","T","E","R","?","M","?","R","BOSS","M","$","M","M","?","E","?","?","T","M","M","R","M","M","R","BOSS"],"build_version":"2018-08-30","purchased_purges":1,"victory":false,"max_hp_per_floor":[70,70,70,70,70,70,70,70,70,70,70,70,70,70,70,70,70,70,70,70,70,70,70,70,70,70,70,70,70,70,70,70,70],"card_choices":[{"not_picked":["Flying Knee","Catalyst"],"picked":"Dodge and Roll","floor":1},{"not_picked":["Skewer","Dagger Spray"],"picked":"Sucker Punch","floor":4},{"not_picked":["Acrobatics","Slice"],"picked":"Heel Hook","floor":5},{"not_picked":["Reflex","Sucker Punch"],"picked":"Cloak And Dagger","floor":7},{"not_picked":["Wraith Form v2","Deadly Poison"],"picked":"Backflip","floor":10},{"not_picked":["Underhanded Strike","Finisher"],"picked":"Deadly Poison","floor":13},{"not_picked":["Adrenaline","A Thousand Cuts"],"picked":"Malaise","floor":16},{"not_picked":["Bouncing Flask+1","Bane"],"picked":"Infinite Blades","floor":18},{"not_picked":["Endless Agony+1","Setup","Acrobatics"],"picked":"SKIP","floor":20},{"not_picked":["Predator","Slice+1"],"picked":"Noxious Fumes","floor":21},{"not_picked":["Deadly Poison+1","Blade Dance"],"picked":"Leg Sweep+1","floor":23},{"not_picked":["Deadly Poison+1","Underhanded Strike"],"picked":"Cloak And Dagger","floor":27},{"not_picked":["Riddle With Holes","Bane+1"],"picked":"Leg Sweep","floor":28},{"not_picked":["Poisoned Stab","Prepared"],"picked":"Sucker Punch","floor":30},{"not_picked":["Backflip","Deflect+1"],"picked":"Cloak And Dagger+1","floor":31}],"player_experience":323629,"relics_obtained":[{"floor":9,"key":"Oddly Smooth Stone"},{"floor":10,"key":"Potion Belt"},{"floor":23,"key":"Lantern"},{"floor":26,"key":"The Courier"}],"event_choices":[{"event_name":"Shining Light","player_choice":"Entered Light","floor":2,"damage_taken":0},{"event_name":"Transmorgrifier","player_choice":"Transform","floor":3,"damage_taken":0},{"event_name":"Liars Game","player_choice":"disagreed","floor":14,"damage_taken":0},{"event_name":"Masked Bandits","player_choice":"Paid Fearfully","floor":22,"damage_taken":0},{"event_name":"Transmorgrifier","player_choice":"Transform","floor":24,"damage_taken":0}],"is_beta":false,"boss_relics":[{"not_picked":["Runic Pyramid","Busted Crown"],"picked":"Ectoplasm"}],"items_purged_floors":[12],"is_endless":false,"potions_floor_spawned":[4,5,10,16,20,27,28],"killed_by":"Automaton","ascension_level":11}