{"gold_per_floor":[117,41,41,56,73,73,73,123,177,177,187,6,34,34,34,108,108,126,51,51,51,66,66,84,84,84,84,102,102],"floor_reached":29,"playtime":733,"items_purged":[],"score":442,"play_id":"b136a08f-3ec5-4afe-bc12-e0120dbdd814","local_time":"20190610204453","is_ascension_mode":true,"campfire_choices":[{"data":"Noxious Fumes","floor":6.0,"key":"SMITH"},{"data":"Caltrops","floor":10.0,"key":"SMITH"},{"data":"Enlightenment","floor":15.0,"key":"SMITH"},{"floor":23,"key":"REST"},{"floor":25,"key":"REST"},{"floor":27,"key":"REST"}],"neow_cost":"NONE","seed_source_timestamp":3831619677711370,"circlet_count":0,"master_deck":["AscendersBane","Survivor","Neutralize","Skewer","Noxious Fumes+1","Riddle With Holes","Caltrops+1","Dash","Bouncing Flask","Enlightenment+1","After Image","Wraith Form v2","Sucker Punch","Prepared","Reflex","Noxious Fumes","Unload","Night Terror","Expertise","Phantasmal Killer","Dodge and Roll","Flying Knee","Infinite Blades"],"special_seed":0,"relics":["Philosopher\u0027s Stone","Bronze Scales","Potion Belt","Pandora\u0027s Box","Bottled Lightning"],"potions_floor_usage":[29],"damage_taken":[{"damage":1.0,"enemies":"2 Louse","floor":1.0,"turns":5.0},{"damage":4.0,"enemies":"Jaw Worm","floor":4.0,"turns":2.0},{"damage":0.0,"enemies":"Cultist","floor":5.0,"turns":4.0},{"damage":15.0,"enemies":"Red Slaver","floor":11.0,"turns":3.0},{"damage":8.0,"enemies":"Lagavulin","floor":13.0,"turns":6.0},{"damage":14.0,"enemies":"Hexaghost","floor":16.0,"turns":7.0},{"damage":22,"enemies":"Chosen","floor":18,"turns":5},{"damage":23,"enemies":"2 Thieves","floor":22,"turns":4},{"damage":24,"enemies":"Snake Plant","floor":24,"turns":4},{"damage":34,"enemies":"Sentry and Sphere","floor":28,"turns":6},{"damage":18,"enemies":"Colosseum Slavers","floor":29,"turns":1}],"seed_played":"-9209836969872872731","potions_obtained":[{"floor":1.0,"key":"Ancient Potion"},{"floor":11.0,"key":"PowerPotion"},{"floor":13.0,"key":"SkillPotion"},{"floor":18,"key":"SkillPotion"},{"floor":22,"key":"EntropicBrew"}],"is_trial":false,"path_per_floor":["M","$","?","M","M","R","?","?","T","R","M","$","E","?","R","B",null,"M","?","?","?","M","R","M","R","T","R","M","?"],"character_chosen":"THE_SILENT","items_purchased":["Noxious Fumes","Bouncing Flask","Enlightenment"],"campfire_rested":3,"item_purchase_floors":[2,12,12],"current_hp_per_floor":[58,58,63,59,59,59,52,52,52,52,37,37,29,29,29,15,57,35,35,15,30,7,29,5,27,27,49,15,0],"gold":102,"neow_bonus":"BOSS_RELIC","is_prod":false,"is_daily":false,"chose_seed":false,"campfire_upgraded":3,"win_rate":0,"timestamp":1560213893,"path_taken":["M","$","?","M","M","R","?","?","T","R","?","?","E","?","R","BOSS","M","?","?","?","M","R","M","R","T","R","M","?"],"build_version":"2019-01-23","purchased_purges":0,"victory":false,"max_hp_per_floor":[66,66,71,71,71,71,71,71,71,71,71,71,71,71,71,71,71,71,71,76,76,76,76,76,76,76,76,76,76],"card_choices":[{"not_picked":["Masterful Stab","Distraction"],"picked":"Skewer","floor":1.0},{"not_picked":["Crippling Poison","Bane"],"picked":"Riddle With Holes","floor":4.0},{"not_picked":["Dagger Spray","Deflect"],"picked":"Caltrops","floor":5.0},{"not_picked":["Predator","Finisher"],"picked":"Dash","floor":11.0},{"not_picked":["Backstab","Dagger Throw"],"picked":"After Image","floor":13.0},{"not_picked":["After Image","Burst"],"picked":"Wraith Form v2","floor":16.0},{"not_picked":["Catalyst","Slice"],"picked":"Dodge and Roll","floor":18},{"not_picked":["Slice+1","Poisoned Stab","Dagger Throw+1"],"picked":"SKIP","floor":22},{"not_picked":["Acrobatics","Deflect"],"picked":"Flying Knee","floor":24},{"not_picked":["Slice","Dagger Spray"],"picked":"Infinite Blades","floor":28}],"player_experience":727866,"relics_obtained":[{"floor":9.0,"key":"Bronze Scales"},{"floor":13.0,"key":"Potion Belt"},{"floor":26,"key":"Bottled Lightning"}],"event_choices":[{"damage_healed":0.0,"max_hp_gain":5.0,"max_hp_loss":0.0,"gold_gain":0.0,"event_name":"Big Fish","player_choice":"Donut","floor":3.0,"gold_loss":0.0,"damage_taken":0.0},{"cards_removed":["Strike_G"],"damage_healed":0.0,"max_hp_gain":0.0,"max_hp_loss":0.0,"gold_gain":0.0,"event_name":"Golden Wing","player_choice":"Card Removal","floor":7.0,"gold_loss":0.0,"damage_taken":7.0},{"damage_healed":0.0,"max_hp_gain":0.0,"max_hp_loss":0.0,"gold_gain":50.0,"event_name":"Golden Shrine","player_choice":"Pray","floor":8.0,"gold_loss":0.0,"damage_taken":0.0},{"damage_healed":0.0,"max_hp_gain":0.0,"max_hp_loss":0.0,"gold_gain":0.0,"event_name":"Scrap Ooze","player_choice":"Fled","floor":14.0,"gold_loss":0.0,"damage_taken":0.0},{"cards_removed":["Tactician"],"damage_healed":0,"gold_gain":0,"player_choice":"Gave Gold","damage_taken":0,"max_hp_gain":0,"max_hp_loss":0,"event_name":"Beggar","floor":19,"gold_loss":75},{"damage_healed":0,"gold_gain":0,"player_choice":"Shed Blood","damage_taken":25,"max_hp_gain":5,"max_hp_loss":0,"event_name":"Forgotten Altar","floor":20,"gold_loss":0},{"damage_healed":15,"gold_gain":0,"player_choice":"Heal","damage_taken":0,"max_hp_gain":0,"max_hp_loss":0,"event_name":"The Library","floor":21,"gold_loss":0},{"damage_healed":0,"gold_gain":0,"player_choice":"Fight","damage_taken":0,"max_hp_gain":0,"max_hp_loss":0,"event_name":"Colosseum","floor":29,"gold_loss":0}],"is_beta":false,"boss_relics":[{"not_picked":["Astrolabe","White Beast Statue"],"picked":"Pandora\u0027s Box"}],"items_purged_floors":[],"is_endless":false,"potions_floor_spawned":[1,11,13,18,22,24],"killed_by":"Colosseum Slavers","ascension_level":20}