{"gold_per_floor":[116,116,36,47,47,47,78,90,90,90,121,131,150,165,165,239,239,257,18,18,31,46,46,71,71,119,119,134,164,164,164,164,164],"floor_reached":33,"playtime":1198,"items_purged":["Strike_G"],"score":640,"play_id":"b5f96dd1-a5b3-4545-bb29-d4ee84e7bf48","local_time":"20190705192104","is_ascension_mode":true,"campfire_choices":[{"data":"Noxious Fumes","floor":6.0,"key":"SMITH"},{"data":"Neutralize","floor":15.0,"key":"SMITH"},{"floor":23,"key":"REST"},{"floor":25,"key":"REST"},{"floor":27,"key":"REST"},{"floor":30,"key":"REST"},{"data":"Blade Dance","floor":32,"key":"SMITH"}],"neow_cost":"NONE","seed_source_timestamp":0,"circlet_count":0,"master_deck":["AscendersBane","Strike_G","Strike_G","Strike_G","Strike_G","Defend_G","Defend_G","Defend_G","Defend_G","Defend_G","Survivor","Neutralize+1","Dagger Spray","Noxious Fumes+1","Deadly Poison","Sucker Punch","Slice","Envenom","Bane","Leg Sweep","Malaise","Finisher","Dash","Glass Knife","Dagger Spray+1","Infinite Blades","Blade Dance+1","Dodge and Roll"],"special_seed":0,"relics":["Ring of the Snake","NeowsBlessing","Matryoshka","Regal Pillow","Darkstone Periapt","Mummified Hand","StoneCalendar","Sozu","Juzu Bracelet","Pantograph","Pen Nib","Bronze Scales","Dodecahedron"],"potions_floor_usage":[24,24],"damage_taken":[{"damage":0.0,"enemies":"Jaw Worm","floor":1.0,"turns":1.0},{"damage":0.0,"enemies":"Cultist","floor":4.0,"turns":1.0},{"damage":0.0,"enemies":"Lagavulin","floor":7.0,"turns":1.0},{"damage":0.0,"enemies":"Small Slimes","floor":8.0,"turns":3.0},{"damage":12.0,"enemies":"3 Sentries","floor":11.0,"turns":5.0},{"damage":4.0,"enemies":"2 Fungi Beasts","floor":12.0,"turns":4.0},{"damage":3.0,"enemies":"Blue Slaver","floor":13.0,"turns":4.0},{"damage":1.0,"enemies":"Red Slaver","floor":14.0,"turns":4.0},{"damage":9.0,"enemies":"Hexaghost","floor":16.0,"turns":8.0},{"damage":11,"enemies":"2 Thieves","floor":18,"turns":5},{"damage":22,"enemies":"Shell Parasite","floor":21,"turns":7},{"damage":12,"enemies":"Snake Plant","floor":22,"turns":6},{"damage":39,"enemies":"Slavers","floor":24,"turns":6},{"damage":31,"enemies":"Cultist and Chosen","floor":28,"turns":6},{"damage":8,"enemies":"Gremlin Leader","floor":29,"turns":5},{"damage":81,"enemies":"Collector","floor":33,"turns":7}],"seed_played":"-859065850974742297","potions_obtained":[{"floor":2.0,"key":"Explosive Potion"},{"floor":2.0,"key":"FairyPotion"},{"floor":8.0,"key":"PowerPotion"},{"floor":13.0,"key":"Weak Potion"},{"floor":14.0,"key":"GamblersBrew"},{"floor":16.0,"key":"Fire Potion"}],"is_trial":false,"path_per_floor":["M","?","$","M","?","R","E","M","T","?","E","M","M","M","R","B",null,"M","$","?","M","M","R","E","R","T","R","M","E","R","?","R","B"],"character_chosen":"THE_SILENT","items_purchased":["Noxious Fumes","Juzu Bracelet"],"campfire_rested":4,"item_purchase_floors":[3,19],"current_hp_per_floor":[59,59,59,59,41,41,41,41,41,41,29,25,22,21,21,12,53,42,42,42,20,8,42,3,37,37,66,35,27,61,61,61,0],"gold":164,"neow_bonus":"THREE_ENEMY_KILL","is_prod":false,"is_daily":false,"chose_seed":false,"campfire_upgraded":3,"win_rate":0,"timestamp":1562368864,"path_taken":["M","?","?","M","?","R","E","M","T","?","E","M","?","M","R","BOSS","M","$","?","M","M","R","E","R","T","R","M","E","R","?","R","BOSS"],"build_version":"2019-07-05","purchased_purges":1,"victory":false,"max_hp_per_floor":[66,66,66,66,66,66,66,66,66,66,66,66,66,66,66,66,66,66,66,66,66,66,66,66,66,66,66,66,66,66,66,66,66],"card_choices":[{"not_picked":["Acrobatics","Backflip"],"picked":"Dagger Spray","floor":1.0},{"not_picked":["Escape Plan","Setup"],"picked":"Deadly Poison","floor":4.0},{"not_picked":["Dagger Spray","Riddle With Holes"],"picked":"Sucker Punch","floor":7.0},{"not_picked":["Expertise","Poisoned Stab"],"picked":"Slice","floor":8.0},{"not_picked":["Blade Dance","Slice"],"picked":"Envenom","floor":11.0},{"not_picked":["Tactician","Prepared"],"picked":"Bane","floor":12.0},{"not_picked":["Infinite Blades","Flechettes"],"picked":"Leg Sweep","floor":13.0},{"not_picked":["Poisoned Stab","Dagger Throw","Bane"],"picked":"SKIP","floor":14.0},{"not_picked":["Glass Knife","Bullet Time"],"picked":"Malaise","floor":16.0},{"not_picked":["Slice+1","Dagger Throw"],"picked":"Finisher","floor":18},{"not_picked":["Slice","Dagger Throw"],"picked":"Dash","floor":21},{"not_picked":["Dagger Throw","Sucker Punch+1"],"picked":"Glass Knife","floor":22},{"not_picked":["Escape Plan","Noxious Fumes"],"picked":"Dagger Spray+1","floor":24},{"not_picked":["Flechettes+1","Sucker Punch"],"picked":"Infinite Blades","floor":28},{"not_picked":["Finisher","Acrobatics"],"picked":"Blade Dance","floor":29}],"player_experience":881337,"relics_obtained":[{"floor":7.0,"key":"Regal Pillow"},{"floor":9.0,"key":"Darkstone Periapt"},{"floor":9.0,"key":"Mummified Hand"},{"floor":11.0,"key":"StoneCalendar"},{"floor":24,"key":"Pantograph"},{"floor":26,"key":"Pen Nib"},{"floor":26,"key":"Bronze Scales"},{"floor":29,"key":"Dodecahedron"}],"event_choices":[{"damage_healed":0.0,"max_hp_gain":0.0,"max_hp_loss":0.0,"gold_gain":0.0,"event_name":"Lab","player_choice":"Got Potions","floor":2.0,"gold_loss":0.0,"damage_taken":0.0},{"damage_healed":0.0,"max_hp_gain":0.0,"max_hp_loss":0.0,"gold_gain":0.0,"event_name":"Scrap Ooze","player_choice":"Success","floor":5.0,"gold_loss":0.0,"damage_taken":18.0,"relics_obtained":["Matryoshka"]},{"damage_healed":0.0,"max_hp_gain":0.0,"max_hp_loss":0.0,"gold_gain":0.0,"event_name":"Shining Light","player_choice":"Ignored","floor":10.0,"gold_loss":0.0,"damage_taken":0.0},{"damage_healed":0,"gold_gain":0,"player_choice":"Read","damage_taken":0,"max_hp_gain":0,"max_hp_loss":0,"event_name":"The Library","floor":31,"gold_loss":0,"cards_obtained":["Dodge and Roll"]}],"is_beta":false,"boss_relics":[{"not_picked":["WristBlade","Black Star"],"picked":"Sozu"}],"items_purged_floors":[19],"is_endless":false,"potions_floor_spawned":[4,8,13,14,16,24,29],"killed_by":"Collector","ascension_level":20}