{"gold_per_floor":[13,13,27,27,46,46,46,78,127,146,163,163,163,196,196,270,270],"floor_reached":17,"playtime":538,"items_purged":[],"score":330,"play_id":"ef78ec9b-79e3-4c28-b048-d9a681ba9f57","local_time":"20190706224108","is_ascension_mode":true,"campfire_choices":[{"data":"Bash","floor":6.0,"key":"SMITH"},{"data":"Carnage","floor":13,"key":"SMITH"},{"floor":15,"key":"REST"}],"neow_cost":"NO_GOLD","seed_source_timestamp":304523544896000,"circlet_count":0,"master_deck":["AscendersBane","Strike_R","Strike_R","Defend_R","Defend_R","Defend_R","Defend_R","Bash+1","Anger","Carnage+1","Clothesline","Sever Soul","Shockwave","Hemokinesis","Barricade","Cleave","Bludgeon"],"special_seed":0,"relics":["Burning Blood","Happy Flower","Strawberry","Self Forming Clay"],"potions_floor_usage":[],"damage_taken":[{"damage":2.0,"enemies":"2 Louse","floor":1.0,"turns":3.0},{"damage":8.0,"enemies":"Small Slimes","floor":3.0,"turns":3.0},{"damage":0.0,"enemies":"Cultist","floor":5.0,"turns":3.0},{"damage":25.0,"enemies":"Lagavulin","floor":8.0,"turns":5.0},{"damage":12.0,"enemies":"Blue Slaver","floor":10.0,"turns":4.0},{"damage":3.0,"enemies":"Large Slime","floor":11.0,"turns":4.0},{"damage":46,"enemies":"3 Sentries","floor":14,"turns":6},{"damage":20,"enemies":"Hexaghost","floor":16,"turns":7}],"seed_played":"-590471842874930092","potions_obtained":[{"floor":3.0,"key":"Regen Potion"},{"floor":8.0,"key":"Dexterity Potion"},{"floor":14,"key":"SkillPotion"}],"is_trial":false,"path_per_floor":["M","?","M","$","M","R","?","E","T","M","M","?","R","E","R","B",null],"character_chosen":"IRONCLAD","items_purchased":[],"campfire_rested":1,"item_purchase_floors":[],"current_hp_per_floor":[72,72,70,70,75,75,80,61,68,62,65,65,65,25,51,37,37],"gold":270,"neow_bonus":"REMOVE_TWO","is_prod":false,"is_daily":false,"chose_seed":false,"campfire_upgraded":2,"win_rate":0,"timestamp":1562449268,"path_taken":["M","?","M","$","M","R","?","E","T","M","M","?","R","E","R","BOSS"],"build_version":"2019-07-05","purchased_purges":0,"victory":false,"max_hp_per_floor":[75,75,75,75,75,75,80,80,87,87,87,87,87,87,87,87,87],"card_choices":[{"not_picked":["Clash","Shrug It Off"],"picked":"Anger","floor":1.0},{"not_picked":["Heavy Blade","Havoc"],"picked":"Clothesline","floor":3.0},{"not_picked":["Rupture","Clothesline"],"picked":"Sever Soul","floor":5.0},{"not_picked":["Iron Wave","Evolve"],"picked":"Shockwave","floor":8.0},{"not_picked":["Armaments","Perfected Strike"],"picked":"Hemokinesis","floor":10.0},{"not_picked":["Clash","Dual Wield","Second Wind"],"picked":"SKIP","floor":11.0},{"not_picked":["Pummel","Flex"],"picked":"Cleave","floor":14},{"not_picked":["Barricade","Dark Embrace"],"picked":"Bludgeon","floor":16}],"player_experience":1540536,"relics_obtained":[{"floor":8.0,"key":"Happy Flower"},{"floor":9.0,"key":"Strawberry"},{"floor":14,"key":"Self Forming Clay"}],"event_choices":[{"damage_healed":0.0,"max_hp_gain":0.0,"max_hp_loss":0.0,"gold_gain":0.0,"cards_transformed":["Strike_R"],"event_name":"Living Wall","player_choice":"Change","floor":2.0,"gold_loss":0.0,"damage_taken":0.0,"cards_obtained":["Carnage"]},{"damage_healed":0.0,"max_hp_gain":5.0,"max_hp_loss":0.0,"gold_gain":0.0,"event_name":"Big Fish","player_choice":"Donut","floor":7.0,"gold_loss":0.0,"damage_taken":0.0},{"damage_healed":0,"gold_gain":0,"player_choice":"1 cards matched","damage_taken":0,"max_hp_gain":0,"max_hp_loss":0,"event_name":"Match and Keep!","floor":12,"gold_loss":0,"cards_obtained":["Barricade"]}],"is_beta":false,"boss_relics":[],"items_purged_floors":[],"is_endless":false,"potions_floor_spawned":[3,8,11,14],"ascension_level":20}