{"gold_per_floor":[116,116,139,155,174,205,205,230,282,317,329,109,109,74,74,170,170,186,186,211,242,261,261,292,292,346,346,58,96,114,14,14,14],"floor_reached":33,"playtime":1700,"items_purged":["Strike_B","Strike_B"],"score":470,"play_id":"d0f57e19-1626-4255-a194-a990e34c7994","local_time":"20180727194436","is_ascension_mode":true,"campfire_choices":[{"data":"Zap","floor":7.0,"key":"SMITH"},{"floor":11.0,"key":"REST"},{"data":"Conserve Battery","floor":15.0,"key":"SMITH"},{"floor":23,"key":"REST"},{"floor":27,"key":"REST"},{"data":"Capacitor","floor":32,"key":"SMITH"}],"neow_cost":"NONE","seed_source_timestamp":0,"circlet_count":0,"master_deck":["Defend_B","Defend_B","Defend_B","Zap+1","Dualcast","AscendersBane","Sweeping Beam","Conserve Battery+1","Gash","Glacier","Conserve Battery","Electrodynamics","Ball Lightning","Ball Lightning","Steam","Self Repair+1","Core Surge","Reinforced Body","Capacitor+1","Cold Snap","Biased Cognition","Barrage"],"special_seed":0,"relics":["Cracked Core","NeowsBlessing","Golden Idol","Juzu Bracelet","MawBank","Orichalcum","Empty Cage","Red Mask","Matryoshka","Potion Belt","Tiny Chest","Bronze Scales","Sundial"],"potions_floor_usage":[21,22,24,24],"damage_taken":[{"damage":0.0,"enemies":"Jaw Worm","floor":1.0,"turns":1.0},{"damage":0.0,"enemies":"Small Slimes","floor":3.0,"turns":1.0},{"damage":0.0,"enemies":"Cultist","floor":4.0,"turns":1.0},{"damage":10.0,"enemies":"Lots of Slimes","floor":5.0,"turns":4.0},{"damage":4.0,"enemies":"3 Sentries","floor":6.0,"turns":8.0},{"damage":1.0,"enemies":"Looter","floor":8.0,"turns":3.0},{"damage":21.0,"enemies":"Gremlin Gang","floor":10.0,"turns":2.0},{"damage":55.0,"enemies":"Hexaghost","floor":16.0,"turns":16.0},{"damage":4,"enemies":"Shell Parasite","floor":18,"turns":8},{"damage":19,"enemies":"Spheric Guardian","floor":20,"turns":4},{"damage":20,"floor":21,"turns":3},{"damage":16,"enemies":"Snake Plant","floor":22,"turns":6},{"damage":36,"enemies":"Book of Stabbing","floor":24,"turns":6},{"damage":15,"enemies":"Gremlin Leader","floor":29,"turns":6},{"damage":10,"enemies":"Centurion and Healer","floor":30,"turns":6},{"damage":77,"enemies":"Champ","floor":33,"turns":12}],"seed_played":"-2556540840284854426","potions_obtained":[{"floor":3.0,"key":"SteroidPotion"},{"floor":4.0,"key":"SkillPotion"},{"floor":5.0,"key":"SkillPotion"},{"floor":8.0,"key":"Fruit Juice"},{"floor":16.0,"key":"Energy Potion"},{"floor":20,"key":"Explosive Potion"},{"floor":21,"key":"Explosive Potion"},{"floor":22,"key":"Fire Potion"}],"is_trial":false,"path_per_floor":["M","?","M","M","M","E","R","M","T","M","R","$","?","?","R","B",null,"M","?","M","?","M","R","E","?","T","R","$","E","M","$","R"],"character_chosen":"DEFECT","items_purchased":["Orichalcum","Capacitor","Bronze Scales","Cold Snap"],"campfire_rested":3,"item_purchase_floors":[12,28,28,28],"current_hp_per_floor":[68,50,50,50,40,36,36,35,35,19,43,43,43,63,63,8,62,58,58,39,19,13,37,11,37,37,61,61,56,56,56,56,0],"gold":14,"neow_bonus":"THREE_ENEMY_KILL","is_prod":false,"is_daily":false,"chose_seed":false,"campfire_upgraded":3,"win_rate":0,"timestamp":1532735076,"path_taken":["M","?","?","M","M","E","R","M","T","M","R","$","?","?","R","BOSS","M","?","M","?","M","R","E","?","T","R","$","E","M","$","R","BOSS"],"build_version":"2018-07-26","purchased_purges":2,"victory":false,"max_hp_per_floor":[75,75,75,75,75,75,75,75,75,80,80,80,80,80,80,80,80,80,80,80,80,80,80,80,80,80,80,80,80,80,80,80,80],"card_choices":[{"not_picked":["Coolheaded","Skim"],"picked":"Sweeping Beam","floor":1.0},{"not_picked":["Reinforced Body","Barrage"],"picked":"Conserve Battery","floor":3.0},{"not_picked":["Streamline","Scrape"],"picked":"Gash","floor":4.0},{"not_picked":["Skim","Hologram"],"picked":"Glacier","floor":5.0},{"not_picked":["Streamline","Rebound"],"picked":"Conserve Battery","floor":6.0},{"not_picked":["Fusion","Steam"],"picked":"Electrodynamics","floor":8.0},{"not_picked":["Go for the Eyes","Rip and Tear"],"picked":"Ball Lightning","floor":10.0},{"not_picked":["Multi-Cast","Amplify"],"picked":"Meteor Strike","floor":16.0},{"not_picked":["Conserve Battery+1","Turbo"],"picked":"Ball Lightning","floor":18},{"not_picked":["Skim","Multi-Cast"],"picked":"Steam","floor":20},{"not_picked":["Skim","Gash"],"picked":"Self Repair+1","floor":21},{"not_picked":["Rebound","Redo"],"picked":"Core Surge","floor":22},{"not_picked":["Turbo","Redo"],"picked":"Reinforced Body","floor":24},{"not_picked":["Darkness","Fusion"],"picked":"Biased Cognition","floor":29},{"not_picked":["Doom and Gloom","Force Field"],"picked":"Barrage","floor":30}],"player_experience":166003,"relics_obtained":[{"floor":6.0,"key":"Juzu Bracelet"},{"floor":9.0,"key":"MawBank"},{"floor":21,"key":"Red Mask"},{"floor":24,"key":"Matryoshka"},{"floor":26,"key":"Potion Belt"},{"floor":26,"key":"Tiny Chest"},{"floor":29,"key":"Sundial"}],"event_choices":[{"event_name":"Golden Idol","player_choice":"Take Damage","floor":2.0,"damage_taken":0.0},{"event_name":"Wheel of Change","player_choice":"Card Removal","floor":13.0,"damage_taken":0.0},{"event_name":"The Cleric","player_choice":"Healed","floor":14.0,"damage_taken":0.0},{"event_name":"Purifier","player_choice":"One Purge","floor":19,"damage_taken":0},{"event_name":"Masked Bandits","player_choice":"Fought over 211 gold","floor":21,"damage_taken":0},{"event_name":"The Library","player_choice":"Heal","floor":25,"damage_taken":0}],"is_beta":false,"boss_relics":[{"not_picked":["Ectoplasm","Black Star"],"picked":"Empty Cage"}],"items_purged_floors":[12,31],"is_endless":false,"potions_floor_spawned":[3,4,5,8,16,20,21,22],"killed_by":"Champ","ascension_level":13}