{"gold_per_floor":[115,36,55,69,19,19,43,43,43,74,74,92,111,130,130,130],"floor_reached":16,"playtime":455,"items_purged":[],"score":107,"play_id":"6707e8cb-14bd-4beb-ad62-bd5fe7f1e5cb","local_time":"20190212121444","is_ascension_mode":true,"campfire_choices":[{"data":"Bash","floor":6,"key":"SMITH"},{"data":"Shrug It Off","floor":8,"key":"SMITH"},{"floor":15,"key":"REST"}],"neow_cost":"TEN_PERCENT_HP_LOSS","seed_source_timestamp":1273307999741077,"circlet_count":0,"master_deck":["Strike_R","Strike_R","Strike_R","Strike_R","Defend_R","Defend_R","Defend_R","Defend_R","Bash+1","Feel No Pain","Shrug It Off+1","Dropkick","Clothesline","Burning Pact"],"relics":["Burning Blood","Charon\u0027s Ashes","Bag of Marbles","Question Card","Singing Bowl"],"potions_floor_usage":[10,10,10],"damage_taken":[{"damage":1,"enemies":"2 Louse","floor":1,"turns":2},{"damage":14,"enemies":"Jaw Worm","floor":3,"turns":4},{"damage":0,"enemies":"Cultist","floor":4,"turns":3},{"damage":48,"enemies":"Lagavulin","floor":10,"turns":13},{"damage":1,"enemies":"3 Louse","floor":12,"turns":5},{"damage":0,"enemies":"Exordium Wildlife","floor":13,"turns":4},{"damage":6,"enemies":"Red Slaver","floor":14,"turns":3},{"damage":63,"enemies":"Hexaghost","floor":16,"turns":12}],"seed_played":"-3467212534982294765","potions_obtained":[{"floor":3,"key":"EntropicBrew"}],"is_trial":false,"path_per_floor":["M","$","M","M","?","R","T","R","T","E","$","M","M","M","R","B"],"character_chosen":"IRONCLAD","items_purchased":["Feel No Pain"],"campfire_rested":1,"item_purchase_floors":[2],"current_hp_per_floor":[72,72,64,70,70,70,70,70,70,28,28,33,41,41,63,0],"gold":130,"neow_bonus":"ONE_RARE_RELIC","is_prod":false,"is_daily":false,"chose_seed":false,"campfire_upgraded":2,"win_rate":0,"timestamp":1550002484,"path_taken":["M","$","M","M","?","R","?","R","T","E","$","M","?","M","R","BOSS"],"build_version":"2019-01-23","purchased_purges":0,"victory":false,"max_hp_per_floor":[72,72,72,72,72,72,72,72,72,72,72,72,74,74,74,74],"card_choices":[{"not_picked":["Thunderclap","Armaments","Rage"],"picked":"SKIP","floor":1},{"not_picked":["Wild Strike","Ghostly Armor"],"picked":"Shrug It Off","floor":3},{"not_picked":["Body Slam","Iron Wave","Anger"],"picked":"SKIP","floor":4},{"not_picked":["Pommel Strike","Sentinel","Barricade"],"picked":"Dropkick","floor":10},{"not_picked":["Dual Wield","Clash","Shrug It Off"],"picked":"Clothesline","floor":12},{"not_picked":["Feel No Pain","Entrench","Hemokinesis","Clash"],"picked":"Singing Bowl","floor":13},{"not_picked":["Warcry","Havoc","Thunderclap"],"picked":"Burning Pact","floor":14}],"player_experience":204806,"relics_obtained":[{"floor":7,"key":"Bag of Marbles"},{"floor":9,"key":"Question Card"},{"floor":10,"key":"Singing Bowl"}],"event_choices":[{"cards_removed":["Strike_R"],"damage_healed":0,"gold_gain":0,"player_choice":"Card Removal","damage_taken":0,"max_hp_gain":0,"max_hp_loss":0,"event_name":"The Cleric","floor":5,"gold_loss":50}],"is_beta":false,"boss_relics":[],"items_purged_floors":[],"is_endless":false,"potions_floor_spawned":[3],"killed_by":"Hexaghost","ascension_level":1}