{"gold_per_floor":[118,138,154,154,165,165,179,179,179,179,191,191,201,201,201,201],"floor_reached":16,"playtime":341,"items_purged":[],"score":208,"play_id":"4011cc29-c2c0-4f68-876b-168f0df6796d","local_time":"20190516211018","is_ascension_mode":true,"campfire_choices":[{"data":"Uppercut","floor":6,"key":"SMITH"},{"data":"Bloodletting","floor":8,"key":"SMITH"},{"floor":12,"key":"REST"},{"floor":15,"key":"REST"}],"neow_cost":"NONE","seed_source_timestamp":13125675191100,"circlet_count":0,"master_deck":["AscendersBane","Strike_R","Strike_R","Strike_R","Strike_R","Defend_R","Defend_R","Defend_R","Defend_R","Bash","Uppercut+1","Iron Wave","Flex","Shrug It Off","Bloodletting+1","Clothesline","Shrug It Off+1","Reaper"],"special_seed":0,"relics":["Burning Blood","Toxic Egg 2"],"potions_floor_usage":[10,11],"damage_taken":[{"damage":12.0,"enemies":"Cultist","floor":1.0,"turns":4.0},{"damage":11.0,"enemies":"Jaw Worm","floor":2.0,"turns":5.0},{"damage":11.0,"enemies":"Small Slimes","floor":3.0,"turns":4.0},{"damage":12,"enemies":"Looter","floor":5,"turns":3},{"damage":6,"enemies":"Red Slaver","floor":7,"turns":4},{"damage":48,"enemies":"Lagavulin","floor":10,"turns":8},{"damage":0,"enemies":"3 Louse","floor":11,"turns":2},{"damage":10,"enemies":"Large Slime","floor":13,"turns":5},{"damage":0,"enemies":"The Guardian","floor":16,"turns":1}],"seed_played":"4956052849790324962","potions_obtained":[{"floor":3.0,"key":"Explosive Potion"},{"floor":5,"key":"SmokeBomb"},{"floor":13,"key":"Swift Potion"}],"is_trial":false,"path_per_floor":["M","M","M","?","M","R","M","R","T","E","M","R","M","?","R","B"],"character_chosen":"IRONCLAD","items_purchased":[],"campfire_rested":2,"item_purchase_floors":[],"current_hp_per_floor":[69,64,59,59,53,53,53,53,53,11,17,41,37,30,54,54],"gold":201,"neow_bonus":"TEN_PERCENT_HP_BONUS","is_prod":false,"is_daily":false,"chose_seed":false,"campfire_upgraded":2,"win_rate":0,"timestamp":1558037418,"path_taken":["M","M","M","?","M","R","M","R","T","E","M","R","?","?","R","BOSS"],"build_version":"2019-01-23","purchased_purges":0,"victory":false,"max_hp_per_floor":[82,82,82,82,82,82,82,82,82,82,82,82,82,82,82,82],"card_choices":[{"not_picked":["Headbutt","Intimidate"],"picked":"Uppercut","floor":1.0},{"not_picked":["Bloodletting","Rampage"],"picked":"Iron Wave","floor":2.0},{"not_picked":["Anger","Thunderclap"],"picked":"Flex","floor":3.0},{"not_picked":["Disarm","Sword Boomerang"],"picked":"Bloodletting","floor":5},{"not_picked":["Reckless Charge","Body Slam"],"picked":"Clothesline","floor":7},{"not_picked":["Twin Strike","Metallicize"],"picked":"Shrug It Off+1","floor":11},{"not_picked":["Rampage","Havoc+1"],"picked":"Reaper","floor":13}],"player_experience":1358845,"relics_obtained":[{"floor":9,"key":"Toxic Egg 2"}],"event_choices":[{"damage_healed":0,"gold_gain":0,"player_choice":"1 cards matched","damage_taken":0,"max_hp_gain":0,"max_hp_loss":0,"event_name":"Match and Keep!","floor":4,"gold_loss":0,"cards_obtained":["Shrug It Off"]},{"cards_removed":["Strike_R"],"damage_healed":0,"gold_gain":0,"player_choice":"Card Removal","damage_taken":7,"max_hp_gain":0,"max_hp_loss":0,"event_name":"Golden Wing","floor":14,"gold_loss":0}],"is_beta":false,"boss_relics":[],"items_purged_floors":[],"is_endless":false,"potions_floor_spawned":[3,5,13],"killed_by":"The Guardian","ascension_level":20}