{"gold_per_floor":[414,272,272,289,299,299,95,121,148,73,73,104,29,77,77,150,150,170,147,147,200,200,200],"floor_reached":23,"playtime":677,"items_purged":["Strike_G"],"score":394,"play_id":"c3ef2a73-bc39-430b-bcd2-61cf1a695f19","local_time":"20190707192848","is_ascension_mode":true,"campfire_choices":[{"data":"Footwork","floor":6.0,"key":"SMITH"},{"data":"Apotheosis","floor":15.0,"key":"SMITH"}],"neow_cost":"TEN_PERCENT_HP_LOSS","seed_source_timestamp":0,"circlet_count":0,"master_deck":["AscendersBane","Strike_G","Strike_G","Strike_G","Strike_G","Defend_G","Defend_G","Defend_G","Defend_G","Defend_G","Survivor","Neutralize","All Out Attack","Die Die Die","Choke","Neutralize","Terror","Footwork+1","Apotheosis+1","Deadly Poison","Footwork","PiercingWail","Wraith Form v2","Leg Sweep"],"special_seed":0,"relics":["Ring of the Snake","Old Coin","Tiny Chest","PreservedInsect","Anchor","Boot","Orichalcum","Black Star","Oddly Smooth Stone"],"potions_floor_usage":[],"damage_taken":[{"damage":8.0,"enemies":"Jaw Worm","floor":1.0,"turns":6.0},{"damage":0.0,"enemies":"Cultist","floor":4.0,"turns":3.0},{"damage":5.0,"enemies":"2 Louse","floor":5.0,"turns":2.0},{"damage":4.0,"enemies":"Lagavulin","floor":8.0,"turns":6.0},{"damage":0.0,"enemies":"Exordium Wildlife","floor":11.0,"turns":1.0},{"damage":23.0,"enemies":"3 Sentries","floor":12.0,"turns":4.0},{"damage":3.0,"enemies":"The Guardian","floor":16.0,"turns":14.0},{"damage":9.0,"enemies":"Shell Parasite","floor":18.0,"turns":8.0},{"damage":15.0,"enemies":"2 Thieves","floor":19.0,"turns":4.0},{"damage":37,"enemies":"Slavers","floor":23,"turns":3}],"seed_played":"1251482374352031608","potions_obtained":[{"floor":1.0,"key":"Swift Potion"},{"floor":4.0,"key":"SmokeBomb"}],"is_trial":false,"path_per_floor":["M","$","?","M","M","R","$","E","T","$","M","E","$","T","R","B",null,"M","M","?","T","?","E"],"character_chosen":"THE_SILENT","items_purchased":["Tiny Chest","Apotheosis","Footwork"],"campfire_rested":0,"item_purchase_floors":[2,7,10],"current_hp_per_floor":[51,51,51,51,46,46,46,42,42,42,42,19,19,19,19,16,49,40,25,25,25,37,0],"gold":200,"neow_bonus":"ONE_RARE_RELIC","is_prod":false,"is_daily":false,"chose_seed":false,"campfire_upgraded":2,"win_rate":0,"timestamp":1562542128,"path_taken":["M","$","?","M","M","R","$","E","T","?","M","E","$","?","R","BOSS","M","M","?","?","?","E"],"build_version":"2019-07-05","purchased_purges":1,"victory":false,"max_hp_per_floor":[60,60,60,60,60,60,60,60,60,60,60,60,60,60,60,60,60,60,60,60,60,60,60],"card_choices":[{"not_picked":["Blur","Outmaneuver"],"picked":"All Out Attack","floor":1.0},{"not_picked":["Dagger Throw","Calculated Gamble"],"picked":"Terror","floor":4.0},{"not_picked":["PiercingWail","Blade Dance"],"picked":"Footwork","floor":5.0},{"not_picked":["Skewer","Dagger Throw"],"picked":"Deadly Poison","floor":8.0},{"not_picked":["Setup","Venomology"],"picked":"PiercingWail","floor":12.0},{"not_picked":["Phantasmal Killer","Envenom"],"picked":"Wraith Form v2","floor":16.0},{"not_picked":["Poisoned Stab","Deflect","Deadly Poison"],"picked":"SKIP","floor":18.0},{"not_picked":["Deadly Poison","Deflect"],"picked":"Leg Sweep","floor":19.0}],"player_experience":907730,"relics_obtained":[{"floor":8.0,"key":"PreservedInsect"},{"floor":9.0,"key":"Anchor"},{"floor":12.0,"key":"Boot"},{"floor":14.0,"key":"Orichalcum"},{"floor":21.0,"key":"Oddly Smooth Stone"}],"event_choices":[{"damage_healed":0.0,"max_hp_gain":0.0,"max_hp_loss":0.0,"gold_gain":0.0,"event_name":"Match and Keep!","player_choice":"3 cards matched","floor":3.0,"gold_loss":0.0,"damage_taken":0.0,"cards_obtained":["Die Die Die","Choke","Neutralize"]},{"damage_healed":0.0,"max_hp_gain":0.0,"max_hp_loss":0.0,"gold_gain":0.0,"event_name":"The Mausoleum","player_choice":"Ignored","floor":20.0,"gold_loss":0.0,"damage_taken":0.0},{"damage_healed":12.0,"max_hp_gain":0.0,"max_hp_loss":0.0,"gold_gain":0.0,"event_name":"The Library","player_choice":"Heal","floor":22.0,"gold_loss":0.0,"damage_taken":0.0}],"is_beta":false,"boss_relics":[{"not_picked":["WristBlade","Tiny House"],"picked":"Black Star"}],"items_purged_floors":[13],"is_endless":false,"potions_floor_spawned":[1,4],"killed_by":"Slavers","ascension_level":20}