{"gold_per_floor":[118,118,63,63,83,83,95,128,128,128,156,156,183,139,139,216,266,279,329,329,329,347,347,358,358],"floor_reached":25,"playtime":742,"items_purged":[],"score":494,"play_id":"5d87c9cd-2ad3-474d-bc3d-f01f56da40f6","local_time":"20180831124212","is_ascension_mode":true,"campfire_choices":[{"data":"Zap","floor":6,"key":"SMITH"},{"floor":10,"key":"REST"},{"floor":12,"key":"REST"},{"data":"1","floor":15,"key":"LIFT"},{"floor":23,"key":"REST"}],"neow_cost":"NONE","seed_source_timestamp":4722576178179301,"circlet_count":0,"master_deck":["Strike_B","Strike_B","Strike_B","Strike_B","Defend_B","Defend_B+1","Defend_B","Defend_B","Zap+1","Dualcast","AscendersBane","Hologram","Leap","Go for the Eyes","Core Surge","Echo Form","Ball Lightning","Ball Lightning","FTL","Seek","Rebound","Coolheaded","Leap","Conserve Battery"],"relics":["Cracked Core","Girya","Symbiotic Virus","Ornamental Fan","Blood Vial","Tiny House"],"potions_floor_usage":[8,16,16,24,25,25],"damage_taken":[{"damage":10,"enemies":"Small Slimes","floor":1,"turns":3},{"damage":4,"enemies":"Jaw Worm","floor":5,"turns":4},{"damage":0,"enemies":"2 Louse","floor":7,"turns":3},{"damage":35,"enemies":"3 Sentries","floor":8,"turns":7},{"damage":22,"enemies":"Gremlin Nob","floor":11,"turns":4},{"damage":20,"enemies":"Lagavulin","floor":13,"turns":7},{"damage":0,"enemies":"Slime Boss","floor":16,"turns":4},{"damage":24,"enemies":"Shell Parasite","floor":18,"turns":4},{"damage":2,"enemies":"Chosen","floor":22,"turns":4},{"damage":24,"enemies":"Snake Plant","floor":24,"turns":2},{"damage":46,"enemies":"Gremlin Leader","floor":25,"turns":7}],"seed_played":"4208136852023544566","potions_obtained":[{"floor":7,"key":"Explosive Potion"},{"floor":11,"key":"Strength Potion"},{"floor":13,"key":"FocusPotion"},{"floor":17,"key":"SpeedPotion"},{"floor":18,"key":"AttackPotion"},{"floor":24,"key":"Regen Potion"}],"is_trial":false,"path_per_floor":["M","?","$","?","M","R","M","E","T","R","E","R","E","$","R","B",null,"M","?","?","?","M","R","M"],"character_chosen":"DEFECT","items_purchased":["Leap","FTL"],"campfire_rested":3,"item_purchase_floors":[3,14],"current_hp_per_floor":[61,61,61,61,57,57,57,22,22,45,23,46,26,26,26,28,71,49,49,25,25,25,51,29,0],"gold":358,"neow_bonus":"TEN_PERCENT_HP_BONUS","is_prod":false,"is_daily":false,"chose_seed":false,"campfire_upgraded":1,"win_rate":0,"timestamp":1535733732,"path_taken":["M","?","$","?","?","R","?","E","T","R","E","R","E","?","R","BOSS","M","?","?","?","M","R","?","E"],"build_version":"2018-08-30","purchased_purges":0,"victory":false,"max_hp_per_floor":[78,78,78,78,78,78,78,78,78,78,78,78,78,78,78,78,83,83,83,88,88,88,88,88,88],"card_choices":[{"not_picked":["Rip and Tear","Darkness"],"picked":"Hologram","floor":1},{"not_picked":["Beam Cell","Rebound"],"picked":"Go for the Eyes","floor":5},{"not_picked":["Turbo","Cold Snap"],"picked":"Core Surge","floor":7},{"not_picked":["Stack","Reboot"],"picked":"Echo Form","floor":8},{"not_picked":["Compile Driver","Skim"],"picked":"Ball Lightning","floor":11},{"not_picked":["Scrape","Capacitor"],"picked":"Ball Lightning","floor":13},{"not_picked":["Rainbow","Hyperbeam"],"picked":"Seek","floor":16},{"not_picked":["Gash","Doom and Gloom"],"picked":"Rebound","floor":17},{"not_picked":["Genetic Algorithm+1","Rebound"],"picked":"Coolheaded","floor":18},{"not_picked":["Steam","Scrape+1"],"picked":"Leap","floor":22},{"not_picked":["Go for the Eyes","Rip and Tear"],"picked":"Conserve Battery","floor":24}],"player_experience":292448,"relics_obtained":[{"floor":8,"key":"Girya"},{"floor":9,"key":"Symbiotic Virus"},{"floor":11,"key":"Ornamental Fan"},{"floor":13,"key":"Blood Vial"}],"event_choices":[{"event_name":"Liars Game","player_choice":"disagreed","floor":2,"damage_taken":0},{"event_name":"Golden Wing","player_choice":"Ignored","floor":4,"damage_taken":0},{"event_name":"Golden Shrine","player_choice":"Pray","floor":19,"damage_taken":0},{"event_name":"Forgotten Altar","player_choice":"Shed Blood","floor":20,"damage_taken":0},{"event_name":"Ghosts","player_choice":"Ignored","floor":21,"damage_taken":0}],"is_beta":false,"boss_relics":[{"not_picked":["Runic Pyramid","Cursed Key"],"picked":"Tiny House"}],"items_purged_floors":[],"is_endless":false,"potions_floor_spawned":[7,11,13,18,24],"killed_by":"Gremlin Leader","ascension_level":17}