{"gold_per_floor":[115,115,115,115,125,150,150,4,77,77,91,91,123,134,134,209,209,226,141,99,76,76],"floor_reached":22,"playtime":717,"items_purged":[],"score":434,"play_id":"3e8e96fd-fc80-4306-8f57-db602341830c","local_time":"20190705143349","is_ascension_mode":true,"campfire_choices":[{"data":"Spot Weakness","floor":7,"key":"SMITH"},{"data":"Clothesline","floor":15,"key":"SMITH"}],"neow_cost":"NONE","seed_source_timestamp":5969140849221612,"circlet_count":0,"master_deck":["AscendersBane","Strike_R+1","Strike_R+1","Strike_R+1","Defend_R","Defend_R","Defend_R","Defend_R","Bash+1","Disarm+1","Sword Boomerang","Spot Weakness+1","Feel No Pain","Clothesline+1","Shrug It Off","Reckless Charge","Cleave","Juggernaut","Disarm","Metallicize","Shrug It Off"],"relics":["Black Blood","NeowsBlessing","Whetstone","Matryoshka","Regal Pillow","Orichalcum"],"potions_floor_usage":[16,16,22],"damage_taken":[{"damage":0,"enemies":"Small Slimes","floor":1,"turns":1},{"damage":0,"enemies":"Jaw Worm","floor":5,"turns":1},{"damage":0,"enemies":"Lagavulin","floor":6,"turns":1},{"damage":8,"enemies":"2 Louse","floor":11,"turns":3},{"damage":30,"enemies":"Gremlin Nob","floor":13,"turns":5},{"damage":18,"enemies":"Lots of Slimes","floor":14,"turns":5},{"damage":10,"enemies":"Hexaghost","floor":16,"turns":7},{"damage":26,"enemies":"Shell Parasite","floor":18,"turns":6},{"damage":25,"enemies":"2 Thieves","floor":21,"turns":4},{"damage":38,"enemies":"Sentry and Sphere","floor":22,"turns":7}],"seed_played":"-7050088123487336789","potions_obtained":[{"floor":1,"key":"BloodPotion"},{"floor":13,"key":"Strength Potion"},{"floor":16,"key":"Fire Potion"}],"is_trial":false,"path_per_floor":["M","?","?","?","M","E","R","$","T","$","M","?","E","M","R","B",null,"M","?","$","M","M"],"character_chosen":"IRONCLAD","items_purchased":["Feel No Pain","Clothesline","Metallicize"],"campfire_rested":0,"item_purchase_floors":[8,8,20],"current_hp_per_floor":[74,51,44,44,50,56,56,56,56,56,54,54,30,18,18,32,64,48,48,48,33,0],"gold":76,"neow_bonus":"THREE_ENEMY_KILL","is_prod":false,"is_daily":false,"chose_seed":false,"campfire_upgraded":2,"win_rate":0,"timestamp":1562351629,"path_taken":["M","?","?","?","M","E","R","$","T","$","?","?","E","M","R","BOSS","M","?","$","M","M"],"build_version":"2019-07-01","purchased_purges":0,"victory":false,"max_hp_per_floor":[75,75,75,75,75,75,75,75,75,75,75,75,75,75,75,75,75,75,75,75,75,75],"card_choices":[{"not_picked":["Twin Strike","Iron Wave"],"picked":"Disarm","floor":1},{"not_picked":["Thunderclap","Demon Form"],"picked":"Sword Boomerang","floor":5},{"not_picked":["True Grit","Rampage"],"picked":"Spot Weakness","floor":6},{"not_picked":["Twin Strike","Pommel Strike"],"picked":"Shrug It Off","floor":11},{"not_picked":["Intimidate","Exhume"],"picked":"Cleave","floor":13},{"not_picked":["Clash","Anger","Spot Weakness"],"picked":"SKIP","floor":14},{"not_picked":["Double Tap","Brutality"],"picked":"Juggernaut","floor":16},{"not_picked":["Headbutt","Anger"],"picked":"Disarm","floor":18},{"not_picked":["Body Slam","Metallicize"],"picked":"Shrug It Off","floor":21}],"player_experience":873688,"relics_obtained":[{"floor":6,"key":"Whetstone"},{"floor":9,"key":"Matryoshka"},{"floor":13,"key":"Regal Pillow"}],"event_choices":[{"damage_healed":0,"gold_gain":0,"player_choice":"Entered Light","damage_taken":23,"max_hp_gain":0,"max_hp_loss":0,"event_name":"Shining Light","floor":2,"gold_loss":0,"cards_upgraded":["Bash","Strike_R"]},{"cards_removed":["Strike_R"],"damage_healed":0,"gold_gain":0,"player_choice":"Card Removal","damage_taken":7,"max_hp_gain":0,"max_hp_loss":0,"event_name":"Golden Wing","floor":3,"gold_loss":0},{"damage_healed":0,"gold_gain":0,"player_choice":"Upgraded","damage_taken":0,"max_hp_gain":0,"max_hp_loss":0,"event_name":"Upgrade Shrine","floor":4,"gold_loss":0,"cards_upgraded":["Disarm"]},{"damage_healed":0,"gold_gain":0,"cards_transformed":["Strike_R"],"player_choice":"Change","damage_taken":0,"max_hp_gain":0,"max_hp_loss":0,"event_name":"Living Wall","floor":12,"gold_loss":0,"cards_obtained":["Reckless Charge"]},{"damage_healed":0,"gold_gain":0,"player_choice":"Obtained Relic","damage_taken":0,"relics_obtained":["Orichalcum"],"max_hp_gain":0,"max_hp_loss":0,"event_name":"Addict","floor":19,"gold_loss":85}],"is_beta":false,"boss_relics":[{"not_picked":["Calling Bell","Busted Crown"],"picked":"Black Blood"}],"items_purged_floors":[],"is_endless":false,"potions_floor_spawned":[1,13,14,16],"killed_by":"Sentry and Sphere","ascension_level":20}