{"gold_per_floor":[17,30,47,47,47,47,77,77,77,127,145,145,172,172,172,172],"floor_reached":16,"playtime":439,"items_purged":[],"score":196,"play_id":"28b9283d-da0c-438f-864a-86b4f7da225d","local_time":"20190417220523","is_ascension_mode":true,"campfire_choices":[{"data":"Caltrops","floor":6.0,"key":"SMITH"},{"data":"Neutralize","floor":8.0,"key":"SMITH"},{"floor":12,"key":"REST"},{"data":"Cloak And Dagger","floor":15,"key":"SMITH"}],"neow_cost":"NO_GOLD","seed_source_timestamp":10136849459586608,"circlet_count":0,"master_deck":["AscendersBane","Defend_G","Defend_G","Defend_G","Defend_G","Defend_G","Strike_G","Strike_G","Survivor","Neutralize+1","Skewer","Caltrops+1","Cloak And Dagger","Backstab","Cloak And Dagger+1","Dagger Throw"],"special_seed":0,"relics":["Ring of the Snake","Darkstone Periapt","Bottled Tornado","Odd Mushroom","Ginger"],"potions_floor_usage":[16],"damage_taken":[{"damage":0.0,"enemies":"2 Louse","floor":1.0,"turns":4.0},{"damage":12.0,"enemies":"Cultist","floor":2.0,"turns":4.0},{"damage":1.0,"enemies":"Small Slimes","floor":3.0,"turns":4.0},{"damage":26.0,"enemies":"3 Sentries","floor":7.0,"turns":12.0},{"damage":1,"enemies":"2 Fungi Beasts","floor":11,"turns":3},{"damage":14,"enemies":"The Mushroom Lair","floor":13,"turns":5},{"damage":20,"enemies":"Hexaghost","floor":16,"turns":9}],"seed_played":"7924298375822513519","potions_obtained":[{"floor":1.0,"key":"Weak Potion"},{"floor":2.0,"key":"Energy Potion"}],"is_trial":false,"path_per_floor":["M","M","M","?","$","R","E","R","T","?","M","R","?","?","R","B"],"character_chosen":"THE_SILENT","items_purchased":[],"campfire_rested":1,"item_purchase_floors":[],"current_hp_per_floor":[59,47,46,46,46,46,20,20,20,14,13,32,18,18,18,0],"gold":172,"neow_bonus":"REMOVE_TWO","is_prod":false,"is_daily":false,"chose_seed":false,"campfire_upgraded":3,"win_rate":0,"timestamp":1555553123,"path_taken":["M","M","M","?","?","R","E","R","T","?","?","R","?","?","R","BOSS"],"build_version":"2019-01-23","purchased_purges":0,"victory":false,"max_hp_per_floor":[66,66,66,66,66,66,66,66,66,66,66,66,66,66,66,66],"card_choices":[{"not_picked":["Tactician","Acrobatics"],"picked":"Skewer","floor":1.0},{"not_picked":["All Out Attack","Concentrate"],"picked":"Caltrops","floor":2.0},{"not_picked":["PiercingWail","Endless Agony"],"picked":"Cloak And Dagger","floor":3.0},{"not_picked":["Deflect","Quick Slash"],"picked":"Backstab","floor":7.0},{"not_picked":["Escape Plan","Leg Sweep"],"picked":"Cloak And Dagger","floor":11},{"not_picked":["Backflip","Expertise"],"picked":"Dagger Throw","floor":13}],"player_experience":642700,"relics_obtained":[{"floor":7.0,"key":"Darkstone Periapt"},{"floor":9.0,"key":"Bottled Tornado"},{"floor":13,"key":"Odd Mushroom"}],"event_choices":[{"cards_removed":["Strike_G"],"damage_healed":0.0,"max_hp_gain":0.0,"max_hp_loss":0.0,"gold_gain":0.0,"event_name":"Bonfire Elementals","player_choice":"Offered Basic","floor":4.0,"gold_loss":0.0,"damage_taken":0.0},{"damage_healed":0,"gold_gain":50,"player_choice":"Touch","damage_taken":6,"max_hp_gain":0,"max_hp_loss":0,"event_name":"FaceTrader","floor":10,"gold_loss":0},{"damage_healed":0,"gold_gain":0,"player_choice":"Fought Mushrooms","damage_taken":0,"max_hp_gain":0,"max_hp_loss":0,"event_name":"Mushrooms","floor":13,"gold_loss":0},{"damage_healed":0,"gold_gain":0,"player_choice":"Gave Potion","damage_taken":0,"relics_obtained":["Ginger"],"max_hp_gain":0,"max_hp_loss":0,"event_name":"WeMeetAgain","floor":14,"gold_loss":0}],"is_beta":false,"boss_relics":[],"items_purged_floors":[],"is_endless":false,"potions_floor_spawned":[1,2],"killed_by":"Hexaghost","ascension_level":20}