{"gold_per_floor":[114,130,130,149,149,174,174,193,274,239,250,268,295,315,315,315],"floor_reached":16,"playtime":570,"items_purged":[],"score":208,"play_id":"3ac39baf-e956-41c6-a75b-b621e5c5b1dc","local_time":"20190629203240","is_ascension_mode":true,"campfire_choices":[{"floor":7,"key":"REST"},{"floor":15,"key":"REST"}],"neow_cost":"NONE","seed_source_timestamp":5472522538693573,"circlet_count":0,"master_deck":["AscendersBane","Defend_G","Defend_G","Defend_G","Defend_G","Defend_G","Strike_G","Strike_G","Strike_G","Strike_G","Survivor","Neutralize","All Out Attack","Sucker Punch","After Image","Dodge and Roll","Cloak And Dagger","Escape Plan","Infinite Blades"],"relics":["Ring of the Snake","NeowsBlessing","Turnip","Singing Bowl","Odd Mushroom"],"potions_floor_usage":[6,14,16],"damage_taken":[{"damage":0,"enemies":"Cultist","floor":1,"turns":1},{"damage":0,"enemies":"Small Slimes","floor":2,"turns":1},{"damage":0,"enemies":"2 Louse","floor":4,"turns":1},{"damage":59,"enemies":"Lagavulin","floor":6,"turns":13},{"damage":0,"enemies":"2 Fungi Beasts","floor":8,"turns":4},{"damage":2,"enemies":"Looter","floor":11,"turns":4},{"damage":6,"enemies":"Lots of Slimes","floor":12,"turns":4},{"damage":30,"enemies":"The Mushroom Lair","floor":13,"turns":4},{"damage":0,"enemies":"3 Louse","floor":14,"turns":3},{"damage":31,"enemies":"Slime Boss","floor":16,"turns":6}],"seed_played":"-1454905273070230417","potions_obtained":[{"floor":1,"key":"Block Potion"},{"floor":2,"key":"Energy Potion"},{"floor":8,"key":"EssenceOfSteel"}],"is_trial":false,"path_per_floor":["M","M","?","M","?","E","R","M","T","?","M","M","?","M","R","B"],"character_chosen":"THE_SILENT","items_purchased":[],"campfire_rested":2,"item_purchase_floors":[],"current_hp_per_floor":[59,59,52,52,66,7,26,26,26,42,40,36,8,8,29,0],"gold":315,"neow_bonus":"THREE_ENEMY_KILL","is_prod":false,"is_daily":false,"chose_seed":false,"campfire_upgraded":0,"win_rate":0,"timestamp":1561854760,"path_taken":["M","M","?","M","?","E","R","M","T","?","M","M","?","M","R","BOSS"],"build_version":"2019-01-23","purchased_purges":0,"victory":false,"max_hp_per_floor":[66,66,66,66,66,66,66,66,66,66,66,68,70,70,70,70],"card_choices":[{"not_picked":["Accuracy","Skewer"],"picked":"All Out Attack","floor":1},{"not_picked":["All Out Attack","PiercingWail"],"picked":"Sucker Punch","floor":2},{"not_picked":["Setup","Flying Knee"],"picked":"After Image","floor":4},{"not_picked":["Finisher","Slice"],"picked":"Dodge and Roll","floor":6},{"not_picked":["Flechettes","Bane"],"picked":"Cloak And Dagger","floor":8},{"not_picked":["Dodge and Roll","Underhanded Strike"],"picked":"Escape Plan","floor":11},{"not_picked":["Outmaneuver","Blade Dance","Catalyst"],"picked":"Singing Bowl","floor":12},{"not_picked":["Dodge and Roll","Flechettes","Prepared"],"picked":"Singing Bowl","floor":13},{"not_picked":["Flying Knee","Sucker Punch"],"picked":"Infinite Blades","floor":14}],"player_experience":809206,"relics_obtained":[{"floor":6,"key":"Turnip"},{"floor":9,"key":"Singing Bowl"},{"floor":13,"key":"Odd Mushroom"}],"event_choices":[{"cards_removed":["Strike_G"],"damage_healed":0,"gold_gain":0,"player_choice":"Card Removal","damage_taken":7,"max_hp_gain":0,"max_hp_loss":0,"event_name":"Golden Wing","floor":3,"gold_loss":0},{"damage_healed":22,"gold_gain":0,"player_choice":"Banana","damage_taken":0,"max_hp_gain":0,"max_hp_loss":0,"event_name":"Big Fish","floor":5,"gold_loss":0},{"damage_healed":16,"gold_gain":0,"player_choice":"Healed","damage_taken":0,"max_hp_gain":0,"max_hp_loss":0,"event_name":"The Cleric","floor":10,"gold_loss":35},{"damage_healed":0,"gold_gain":0,"player_choice":"Fought Mushrooms","damage_taken":0,"max_hp_gain":0,"max_hp_loss":0,"event_name":"Mushrooms","floor":13,"gold_loss":0}],"is_beta":false,"boss_relics":[],"items_purged_floors":[],"is_endless":false,"potions_floor_spawned":[1,2,8,12,13],"killed_by":"Slime Boss","ascension_level":20}