{"gold_per_floor":[119,132,151,151,163,188,188,219,244,209,209,223,223,241,241,241],"floor_reached":16,"playtime":673,"items_purged":[],"score":112,"play_id":"21fc6c5d-2328-4606-88b5-2c5bffd6ad9e","local_time":"20180706215948","is_ascension_mode":false,"campfire_choices":[{"floor":7,"key":"REST"},{"floor":11,"key":"REST"},{"data":"Deadly Poison","floor":15,"key":"SMITH"}],"neow_cost":"NONE","seed_source_timestamp":5826651601855401,"circlet_count":0,"master_deck":["Defend_G","Defend_G","Defend_G","Defend_G","Defend_G","Strike_G","Strike_G","Strike_G","Strike_G","Survivor","Neutralize","Dagger Throw","Deadly Poison+1","Poisoned Stab","Infinite Blades","Quick Slash","Crippling Poison","PiercingWail","Poisoned Stab","Reflex"],"relics":["Philosopher\u0027s Stone","Gremlin Horn","Orichalcum","Oddly Smooth Stone","SsserpentHead"],"potions_floor_usage":[],"damage_taken":[{"damage":0,"enemies":"Cultist","floor":1,"turns":4},{"damage":6,"enemies":"Jaw Worm","floor":2,"turns":4},{"damage":0,"enemies":"Small Slimes","floor":3,"turns":4},{"damage":10,"enemies":"Blue Slaver","floor":5,"turns":3},{"damage":22,"enemies":"Lagavulin","floor":6,"turns":5},{"damage":16,"enemies":"3 Sentries","floor":8,"turns":7},{"damage":16,"enemies":"Exordium Thugs","floor":12,"turns":4},{"damage":5,"enemies":"Red Slaver","floor":14,"turns":4},{"damage":59,"enemies":"Slime Boss","floor":16,"turns":7}],"seed_played":"9070250340214990454","potions_obtained":[{"floor":3,"key":"GhostInAJar"},{"floor":6,"key":"SteroidPotion"},{"floor":8,"key":"Block Potion"}],"is_trial":false,"path_per_floor":["M","M","M","?","M","E","R","E","T","?","R","M","?","M","R"],"character_chosen":"THE_SILENT","items_purchased":[],"campfire_rested":2,"item_purchase_floors":[],"current_hp_per_floor":[70,64,64,64,54,32,53,37,37,54,70,54,54,49,49,0],"gold":241,"neow_bonus":"BOSS_RELIC","is_prod":false,"is_daily":false,"chose_seed":false,"campfire_upgraded":1,"win_rate":0.0,"timestamp":1530928788,"path_taken":["M","?","M","?","M","E","R","E","T","?","R","?","?","M","R","BOSS"],"build_version":"2018-07-05","purchased_purges":0,"victory":false,"max_hp_per_floor":[70,70,70,70,70,70,70,70,70,70,70,70,70,70,70,70],"card_choices":[{"not_picked":["PiercingWail","Blur"],"picked":"Dagger Throw","floor":1},{"not_picked":["Acrobatics","Underhanded Strike"],"picked":"Deadly Poison","floor":2},{"not_picked":["Catalyst","Infinite Blades"],"picked":"Poisoned Stab","floor":3},{"not_picked":["Escape Plan","Dodge and Roll"],"picked":"Quick Slash","floor":5},{"not_picked":["Dagger Throw","Prepared"],"picked":"Crippling Poison","floor":6},{"not_picked":["Masterful Stab","Caltrops"],"picked":"PiercingWail","floor":8},{"not_picked":["Dodge and Roll","All Out Attack"],"picked":"Poisoned Stab","floor":12},{"not_picked":["Underhanded Strike","Quick Slash"],"picked":"Reflex","floor":14}],"player_experience":77838,"relics_obtained":[{"floor":6,"key":"Gremlin Horn"},{"floor":8,"key":"Orichalcum"},{"floor":9,"key":"Oddly Smooth Stone"}],"event_choices":[{"event_name":"Transmorgrifier","player_choice":"Transform","floor":4,"damage_taken":0},{"event_name":"The Cleric","player_choice":"Healed","floor":10,"damage_taken":0},{"event_name":"FaceTrader","player_choice":"Trade","floor":13,"damage_taken":0}],"boss_relics":[],"items_purged_floors":[],"is_endless":false,"potions_floor_spawned":[3,6,8,14],"killed_by":"Slime Boss","ascension_level":0}