{"gold_per_floor":[113,29,29,40,40,67,67,77,77,77,77,102,114,131,131,207,207,218,218,236,236,28,28,38,68,68,68,80,30,44,44,44,121,121,138,151,151,83,33,33,44,44,44,44,6,6,6,24,24,24],"floor_reached":51,"playtime":1785,"items_purged":[],"score":1249,"play_id":"0f12433f-966c-4145-8fb8-3f1070f0aebe","local_time":"20180831224300","is_ascension_mode":true,"campfire_choices":[{"data":"Zap","floor":7.0,"key":"SMITH"},{"data":"FTL","floor":11.0,"key":"SMITH"},{"data":"Conserve Battery","floor":15.0,"key":"SMITH"},{"floor":23.0,"key":"REST"},{"data":"Echo Form","floor":27.0,"key":"SMITH"},{"floor":32.0,"key":"REST"},{"floor":40,"key":"REST"},{"data":"Loop","floor":42,"key":"SMITH"},{"data":"Go for the Eyes","floor":44,"key":"SMITH"},{"data":"Stack","floor":49,"key":"SMITH"}],"neow_cost":"NONE","seed_source_timestamp":4757333934949493,"circlet_count":0,"master_deck":["Zap+1","Dualcast+1","AscendersBane","Compile Driver+1","FTL+1","Reinforced Body+1","Sunder+1","Conserve Battery+1","Sweeping Beam+1","Compile Driver+1","Echo Form+1","Turbo+1","FTL+1","Self Repair+1","Chill+1","Go for the Eyes+1","Cold Snap+1","Coolheaded+1","Electrodynamics+1","Conserve Battery+1","Go for the Eyes+1","Compile Driver+1","Ball Lightning+1","Coolheaded+1","Hologram+1","Double Energy+1","Rebound+1","Capacitor+1","Loop+1","Defragment+1","Stack+1"],"special_seed":0,"relics":["Cracked Core","NeowsBlessing","Letter Opener","Whetstone","Dodecahedron","Boot","Mercury Hourglass","Lizard Tail","MutagenicStrength","DataDisk","The Courier","Meat on the Bone","Pandora\u0027s Box","Bird Faced Urn","Mark of the Bloom"],"potions_floor_usage":[33,36,50],"damage_taken":[{"damage":0.0,"enemies":"Jaw Worm","floor":1.0,"turns":1.0},{"damage":0.0,"enemies":"Small Slimes","floor":4.0,"turns":1.0},{"damage":0.0,"enemies":"Gremlin Nob","floor":6.0,"turns":1.0},{"damage":0.0,"enemies":"Cultist","floor":8.0,"turns":2.0},{"damage":5.0,"enemies":"3 Sentries","floor":12.0,"turns":4.0},{"damage":0.0,"enemies":"Gremlin Gang","floor":13.0,"turns":2.0},{"damage":6.0,"enemies":"Lots of Slimes","floor":14.0,"turns":2.0},{"damage":10.0,"enemies":"Slime Boss","floor":16.0,"turns":7.0},{"damage":23.0,"enemies":"Chosen","floor":18.0,"turns":4.0},{"damage":29.0,"enemies":"2 Thieves","floor":20.0,"turns":3.0},{"damage":27.0,"enemies":"Snecko","floor":24.0,"turns":7.0},{"damage":9.0,"enemies":"Gremlin Leader","floor":25.0,"turns":6.0},{"damage":37.0,"enemies":"Snake Plant","floor":28.0,"turns":5.0},{"damage":7.0,"enemies":"Cultist and Chosen","floor":30.0,"turns":6.0},{"damage":37,"enemies":"Collector","floor":33,"turns":15},{"damage":4,"enemies":"3 Shapes","floor":35,"turns":3},{"damage":33,"enemies":"3 Darklings","floor":36,"turns":5},{"damage":2,"enemies":"4 Shapes","floor":41,"turns":4},{"damage":0,"enemies":"Sphere and 2 Shapes","floor":48,"turns":3},{"damage":58,"enemies":"Time Eater","floor":50,"turns":13}],"seed_played":"6059660515444361251","potions_obtained":[{"floor":4.0,"key":"AttackPotion"},{"floor":13.0,"key":"Explosive Potion"},{"floor":16.0,"key":"Regen Potion"},{"floor":18.0,"key":"Regen Potion"},{"floor":28.0,"key":"Dexterity Potion"},{"floor":30.0,"key":"Weak Potion"},{"floor":33,"key":"SpeedPotion"}],"is_trial":false,"path_per_floor":["M","$","?","M","?","E","R","M","T","T","R","E","M","M","R","B",null,"M","?","M","?","$","R","M","E","T","R","M","$","M","?","R","B",null,"M","M","?","$","?","R","M","R","T","R","$","?","$","M","R","B"],"character_chosen":"DEFECT","items_purchased":["FTL","DataDisk","Self Repair","Cold Snap","Loop","Defragment"],"campfire_rested":3,"item_purchase_floors":[2,22,22,29,38,45],"current_hp_per_floor":[64,64,64,64,46,46,46,46,46,46,46,41,41,35,35,25,60,37,37,8,8,8,29,49,47,47,47,36,36,48,48,69,51,66,62,48,48,48,48,69,67,67,67,67,67,67,67,67,67,9],"gold":24,"neow_bonus":"THREE_ENEMY_KILL","is_prod":false,"is_daily":false,"chose_seed":false,"campfire_upgraded":7,"win_rate":0,"timestamp":1535769780,"path_taken":["M","$","?","M","?","E","R","M","T","?","R","E","M","M","R","BOSS","M","?","M","?","$","R","M","E","T","R","?","?","?","?","R","BOSS","M","M","?","?","?","R","M","R","T","R","$","?","$","M","R","BOSS"],"build_version":"2018-08-30","purchased_purges":0,"victory":true,"max_hp_per_floor":[71,71,71,71,71,71,71,71,71,71,71,71,71,71,71,71,71,71,71,71,71,71,71,71,71,71,71,71,71,71,71,71,71,71,71,71,71,71,71,71,71,71,71,71,71,71,71,71,71,71],"card_choices":[{"not_picked":["Coolheaded","Melter"],"picked":"Compile Driver","floor":1.0},{"not_picked":["Compile Driver","Rebound"],"picked":"Reinforced Body","floor":4.0},{"not_picked":["BootSequence","Turbo"],"picked":"Sunder","floor":6.0},{"not_picked":["Leap","Hello World"],"picked":"Conserve Battery","floor":8.0},{"not_picked":["Fission","Tempest","Rip and Tear"],"picked":"SKIP","floor":12.0},{"not_picked":["Streamline","Gash"],"picked":"Sweeping Beam","floor":13.0},{"not_picked":["Chaos","Reprogram"],"picked":"Compile Driver","floor":14.0},{"not_picked":["Meteor Strike","Fission"],"picked":"Echo Form","floor":16.0},{"not_picked":["Redo","Turbo","Blizzard"],"picked":"SKIP","floor":18.0},{"not_picked":["Melter","Aggregate"],"picked":"FTL+1","floor":20.0},{"not_picked":["Compile Driver","Thunder Strike","Melter"],"picked":"SKIP","floor":24.0},{"not_picked":["Rip and Tear","Steam"],"picked":"Chill","floor":25.0},{"not_picked":["Aggregate","Rebound"],"picked":"Go for the Eyes","floor":28.0},{"not_picked":["Rip and Tear","Storm"],"picked":"Coolheaded","floor":30.0},{"not_picked":["Buffer","Hyperbeam"],"picked":"Electrodynamics","floor":33},{"not_picked":["Streamline+1","Sweeping Beam"],"picked":"Rebound","floor":35},{"not_picked":["Ball Lightning+1","Leap"],"picked":"Capacitor","floor":36},{"not_picked":["Double Energy","Rebound+1","Undo"],"picked":"SKIP","floor":41},{"not_picked":["Beam Cell","White Noise+1"],"picked":"Stack","floor":48}],"player_experience":295742,"relics_obtained":[{"floor":6.0,"key":"Whetstone"},{"floor":9.0,"key":"Dodecahedron"},{"floor":10.0,"key":"Boot"},{"floor":12.0,"key":"Mercury Hourglass"},{"floor":25.0,"key":"The Courier"},{"floor":26.0,"key":"Meat on the Bone"},{"floor":43,"key":"Bird Faced Urn"}],"event_choices":[{"event_name":"The Cleric","player_choice":"Leave","floor":3.0,"damage_taken":0.0},{"event_name":"Scrap Ooze","player_choice":"success","floor":5.0,"damage_taken":18.0},{"event_name":"Transmorgrifier","player_choice":"Transform","floor":19.0,"damage_taken":0.0},{"event_name":"Drug Dealer","player_choice":"Inject Mutagens","floor":21.0,"damage_taken":0.0},{"event_name":"Upgrade Shrine","player_choice":"Upgraded","floor":37,"damage_taken":0},{"event_name":"Designer","player_choice":"Upgrade Card","floor":39,"damage_taken":0},{"event_name":"MindBloom","player_choice":"Upgrade","floor":46,"damage_taken":0}],"is_beta":false,"boss_relics":[{"not_picked":["Velvet Choker","FrozenCore"],"picked":"Lizard Tail"},{"not_picked":["Coffee Dripper","Philosopher\u0027s Stone"],"picked":"Pandora\u0027s Box"}],"items_purged_floors":[],"is_endless":false,"potions_floor_spawned":[4,13,16,18,28,30,33,35],"ascension_level":17}