{"gold_per_floor":[111,81,14,28,28,28,43,43,97,122,138,152,252,268,268,365,365,355,280,295,195,209,209,235,235,235,253,253],"floor_reached":28,"playtime":920,"items_purged":["Strike_R","Strike_R"],"score":348,"play_id":"db925dbc-3d57-4b1b-a83e-3bea790f98e6","local_time":"20190627000225","is_ascension_mode":true,"campfire_choices":[{"data":"Armaments","floor":6,"key":"SMITH"},{"data":"Metallicize","floor":8,"key":"SMITH"},{"data":"Whirlwind","floor":15,"key":"SMITH"},{"floor":23,"key":"REST"},{"floor":25,"key":"REST"}],"neow_cost":"NONE","seed_source_timestamp":99293009040222,"circlet_count":0,"master_deck":["Strike_R","Strike_R","Strike_R","Defend_R","Defend_R","Defend_R","Defend_R","Bash","Armaments+1","Metallicize+1","Iron Wave","Whirlwind+1","True Grit","Feed","Impervious","Power Through","Evolve+1","Searing Blow"],"relics":["Burning Blood","NeowsBlessing","Pen Nib","Vajra","Runic Cube","Regal Pillow","Sundial"],"potions_floor_usage":[10,24,27,28,28],"damage_taken":[{"damage":0,"enemies":"Small Slimes","floor":1,"turns":1},{"damage":0,"enemies":"Cultist","floor":4,"turns":1},{"damage":0,"enemies":"2 Louse","floor":7,"turns":1},{"damage":23,"enemies":"Lagavulin","floor":10,"turns":10},{"damage":21,"enemies":"Gremlin Gang","floor":11,"turns":3},{"damage":9,"enemies":"2 Fungi Beasts","floor":12,"turns":4},{"damage":4,"enemies":"Blue Slaver","floor":14,"turns":5},{"damage":45,"enemies":"Slime Boss","floor":16,"turns":12},{"damage":14,"enemies":"2 Thieves","floor":18,"turns":4},{"damage":0,"enemies":"3 Byrds","floor":20,"turns":6},{"damage":20,"enemies":"Cultist and Chosen","floor":22,"turns":9},{"damage":55,"enemies":"Book of Stabbing","floor":24,"turns":10},{"damage":60,"enemies":"3 Cultists","floor":27,"turns":8},{"damage":27,"enemies":"Slavers","floor":28,"turns":4}],"seed_played":"-3036067341872013370","potions_obtained":[{"floor":1,"key":"SkillPotion"},{"floor":2,"key":"Fire Potion"},{"floor":2,"key":"FearPotion"},{"floor":14,"key":"SteroidPotion"},{"floor":20,"key":"LiquidBronze"},{"floor":24,"key":"Explosive Potion"}],"is_trial":false,"path_per_floor":["M","?","$","M","$","R","M","R","T","E","M","M","?","M","R","B",null,"M","$","M","$","M","R","E","R","T","M","E"],"character_chosen":"IRONCLAD","items_purchased":["Metallicize"],"campfire_rested":2,"item_purchase_floors":[3],"current_hp_per_floor":[78,78,78,80,80,80,80,80,80,63,48,45,45,47,47,8,62,54,54,63,63,52,77,32,74,74,23,0],"gold":253,"neow_bonus":"THREE_ENEMY_KILL","is_prod":false,"is_daily":false,"chose_seed":false,"campfire_upgraded":3,"win_rate":0,"timestamp":1561564945,"path_taken":["M","?","$","M","?","R","?","R","T","E","M","M","?","M","R","BOSS","M","$","?","$","M","R","E","R","T","M","E"],"build_version":"2019-01-23","purchased_purges":2,"victory":false,"max_hp_per_floor":[80,80,80,80,80,80,80,80,80,80,80,80,80,80,80,80,80,80,80,83,83,86,86,90,90,90,93,93],"card_choices":[{"not_picked":["Power Through","Sever Soul"],"picked":"Armaments","floor":1},{"not_picked":["Flex","Anger"],"picked":"Iron Wave","floor":4},{"not_picked":["Spot Weakness","Clash"],"picked":"Whirlwind","floor":7},{"not_picked":["Wild Strike","Clothesline"],"picked":"True Grit","floor":10},{"not_picked":["Clothesline","Iron Wave","Sword Boomerang"],"picked":"SKIP","floor":11},{"not_picked":["Clothesline","Perfected Strike","Warcry"],"picked":"SKIP","floor":12},{"not_picked":["Thunderclap","Perfected Strike"],"picked":"Feed","floor":14},{"not_picked":["Immolate","Bludgeon"],"picked":"Impervious","floor":16},{"not_picked":["True Grit+1","Heavy Blade"],"picked":"Power Through","floor":18},{"not_picked":["Thunderclap","Wild Strike+1"],"picked":"Evolve+1","floor":20},{"not_picked":["Berserk","Armaments","Heavy Blade"],"picked":"SKIP","floor":22},{"not_picked":["Headbutt","Havoc"],"picked":"Searing Blow","floor":24},{"not_picked":["Hemokinesis","Headbutt","Dropkick"],"picked":"SKIP","floor":27}],"player_experience":1013059,"relics_obtained":[{"floor":9,"key":"Pen Nib"},{"floor":10,"key":"Vajra"},{"floor":24,"key":"Regal Pillow"},{"floor":26,"key":"Sundial"}],"event_choices":[{"damage_healed":0,"gold_gain":0,"player_choice":"Bought 2 Potions","damage_taken":0,"max_hp_gain":0,"max_hp_loss":0,"event_name":"The Woman in Blue","floor":2,"gold_loss":0},{"damage_healed":0,"gold_gain":100,"player_choice":"Pray","damage_taken":0,"max_hp_gain":0,"max_hp_loss":0,"event_name":"Golden Shrine","floor":13,"gold_loss":0}],"is_beta":false,"boss_relics":[{"not_picked":["Pandora\u0027s Box","Lizard Tail"],"picked":"Runic Cube"}],"items_purged_floors":[19,21],"is_endless":false,"potions_floor_spawned":[1,14,20,24],"killed_by":"Slavers","ascension_level":9}