{"gold_per_floor":[363,374,387,343,61,93,108,108,157,98,108,124,154,174,174,174],"floor_reached":16,"playtime":994,"items_purged":[],"score":228,"play_id":"9407dfb7-4803-4cf6-9fb1-2d5b467ba3ad","local_time":"20190521180049","is_ascension_mode":true,"campfire_choices":[{"floor":8,"key":"REST"},{"data":"Lockon","floor":15,"key":"SMITH"}],"neow_cost":"PERCENT_DAMAGE","seed_source_timestamp":2094048356116613,"circlet_count":0,"master_deck":["AscendersBane","Strike_B","Strike_B","Strike_B","Strike_B","Defend_B","Defend_B","Defend_B","Defend_B","Zap","Dualcast","Compile Driver","Glacier","Self Repair","Hologram","Streamline","Lockon+1","Ball Lightning"],"relics":["Cracked Core","Mercury Hourglass","Gremlin Horn","Dream Catcher","Lantern"],"potions_floor_usage":[12,16,16],"damage_taken":[{"damage":1,"enemies":"Cultist","floor":1,"turns":3},{"damage":6,"enemies":"Small Slimes","floor":2,"turns":4},{"damage":0,"enemies":"2 Louse","floor":3,"turns":2},{"damage":25,"enemies":"Lagavulin","floor":6,"turns":10},{"damage":9,"enemies":"Red Slaver","floor":7,"turns":3},{"damage":2,"enemies":"Blue Slaver","floor":11,"turns":6},{"damage":3,"enemies":"Exordium Wildlife","floor":12,"turns":2},{"damage":32,"enemies":"Gremlin Nob","floor":13,"turns":4},{"damage":0,"enemies":"2 Fungi Beasts","floor":14,"turns":3},{"damage":28,"enemies":"Hexaghost","floor":16,"turns":9}],"seed_played":"2716094115885658481","potions_obtained":[{"floor":1,"key":"Fire Potion"},{"floor":2,"key":"Energy Potion"},{"floor":13,"key":"Ancient Potion"},{"floor":14,"key":"LiquidBronze"}],"is_trial":false,"path_per_floor":["M","M","M","$","$","E","M","R","T","?","M","M","E","M","R","B"],"character_chosen":"DEFECT","items_purchased":["Glacier","Mercury Hourglass"],"campfire_rested":1,"item_purchase_floors":[4,5],"current_hp_per_floor":[45,39,39,39,39,14,12,33,33,33,38,42,17,24,24,0],"gold":174,"neow_bonus":"TWO_FIFTY_GOLD","is_prod":false,"is_daily":false,"chose_seed":false,"campfire_upgraded":1,"win_rate":0,"timestamp":1558476049,"path_taken":["M","M","M","?","$","E","?","R","T","?","M","M","E","M","R","BOSS"],"build_version":"2019-01-23","purchased_purges":0,"victory":false,"max_hp_per_floor":[71,71,71,71,71,71,71,71,71,71,71,71,71,71,71,71],"card_choices":[{"not_picked":["Double Energy","Chill","Stack"],"picked":"SKIP","floor":1},{"not_picked":["Turbo","Leap","Steam Power"],"picked":"SKIP","floor":2},{"not_picked":["Scrape","Aggregate"],"picked":"Compile Driver","floor":3},{"not_picked":["Fission","Leap"],"picked":"Self Repair","floor":6},{"not_picked":["Coolheaded","Compile Driver"],"picked":"Hologram","floor":7},{"not_picked":["Reprogram","Rebound","Steam"],"picked":"SKIP","floor":11},{"not_picked":["Gash","FTL"],"picked":"Streamline","floor":12},{"not_picked":["Rebound","Redo"],"picked":"Lockon","floor":13},{"not_picked":["Echo Form","Coolheaded"],"picked":"Ball Lightning","floor":14}],"player_experience":702265,"relics_obtained":[{"floor":6,"key":"Gremlin Horn"},{"floor":9,"key":"Dream Catcher"},{"floor":13,"key":"Lantern"}],"event_choices":[{"damage_healed":0,"gold_gain":0,"player_choice":"Left Gold","damage_taken":0,"max_hp_gain":0,"max_hp_loss":0,"event_name":"World of Goop","floor":10,"gold_loss":59}],"is_beta":false,"boss_relics":[],"items_purged_floors":[],"is_endless":false,"potions_floor_spawned":[1,2,3,13,14],"killed_by":"Hexaghost","ascension_level":20}