{"gold_per_floor":[109,121,134,11,22,49,49,75,102,102,67,142,154,104,104,204,204,223,223,223,235,252,252,285,303,327,327,327,327,343,443,443,538,538,556,121,121,221,234,234,267,267,267,171,171,202,217,12,12,12],"floor_reached":51,"playtime":2301,"items_purged":["Defend_B","Strike_B"],"score":791,"play_id":"1835245f-4432-4524-9d1e-fb23a18c28a9","local_time":"20190127123546","is_ascension_mode":true,"campfire_choices":[{"floor":10,"key":"REST"},{"floor":15,"key":"REST"},{"floor":23,"key":"REST"},{"floor":27,"key":"REST"},{"floor":29,"key":"REST"},{"floor":32,"key":"REST"},{"floor":40,"key":"REST"},{"floor":42,"key":"REST"},{"data":"Defragment","floor":45,"key":"SMITH"},{"floor":49,"key":"REST"}],"neow_cost":"NONE","seed_source_timestamp":242870366801582,"circlet_count":0,"master_deck":["Strike_B+1","Defend_B+1","Defend_B+1","Zap","Dualcast","Cold Snap","Hologram+1","Hologram","Cold Snap","Leap","BootSequence","Reinforced Body","Undo","Hello World","Machine Learning","Hologram+1","Electrodynamics+1","Conserve Battery+1","Streamline","Chill+1","Redo+1","Thunder Strike","Streamline","Defragment+1","Echo Form","Coolheaded","Madness","Madness","Consume+1","Jack Of All Trades","Conserve Battery"],"relics":["Cracked Core","War Paint","Juzu Bracelet","Smiling Mask","Astrolabe","Oddly Smooth Stone","Pen Nib","StoneCalendar","Mummified Hand","Nuclear Battery","Runic Capacitor","Bottled Tornado","Nunchaku","Strawberry","Bottled Flame","Molten Egg 2","Sling"],"potions_floor_usage":[16,16,33,41,50,50],"damage_taken":[{"damage":0,"enemies":"Cultist","floor":1,"turns":3},{"damage":3,"enemies":"Small Slimes","floor":2,"turns":3},{"damage":3,"enemies":"Jaw Worm","floor":3,"turns":4},{"damage":8,"enemies":"2 Fungi Beasts","floor":5,"turns":4},{"damage":14,"enemies":"3 Sentries","floor":6,"turns":11},{"damage":11,"enemies":"Lagavulin","floor":8,"turns":9},{"damage":3,"enemies":"Looter","floor":13,"turns":3},{"damage":35,"enemies":"The Guardian","floor":16,"turns":13},{"damage":0,"enemies":"Shell Parasite","floor":18,"turns":13},{"damage":2,"enemies":"2 Thieves","floor":21,"turns":5},{"damage":15,"enemies":"Cultist and Chosen","floor":22,"turns":7},{"damage":43,"enemies":"Slavers","floor":24,"turns":6},{"damage":19,"enemies":"3 Cultists","floor":25,"turns":6},{"damage":6,"enemies":"Shelled Parasite and Fungi","floor":30,"turns":9},{"damage":14,"enemies":"Colosseum Slavers","floor":31,"turns":4},{"damage":21,"enemies":"Colosseum Nobs","floor":31,"turns":5},{"damage":15,"enemies":"Automaton","floor":33,"turns":9},{"damage":0,"enemies":"Orb Walker","floor":35,"turns":3},{"damage":30,"enemies":"Mind Bloom Boss Battle","floor":38,"turns":7},{"damage":0,"enemies":"3 Shapes","floor":39,"turns":4},{"damage":0,"enemies":"Reptomancer","floor":41,"turns":6},{"damage":4,"enemies":"Giant Head","floor":46,"turns":8},{"damage":1,"enemies":"Spire Growth","floor":47,"turns":4},{"damage":21,"enemies":"Donu and Deca","floor":50,"turns":9}],"seed_played":"5561048988609780193","potions_obtained":[{"floor":3,"key":"Strength Potion"},{"floor":8,"key":"Fire Potion"},{"floor":16,"key":"FearPotion"},{"floor":25,"key":"SteroidPotion"},{"floor":33,"key":"AttackPotion"},{"floor":38,"key":"EssenceOfSteel"},{"floor":46,"key":"Regen Potion"}],"is_trial":false,"path_per_floor":["M","M","M","$","M","E","$","E","T","R","?","?","M","$","R","B",null,"M","?","$","M","M","R","E","M","T","R","?","R","M","?","R","B",null,"M","$","?","?","M","R","E","R","T","$","R","E","M","$","R","B",null],"character_chosen":"DEFECT","items_purchased":["Leap","Runic Capacitor","Bottled Tornado","Jack Of All Trades","Sling"],"campfire_rested":9,"item_purchase_floors":[4,36,36,44,48],"current_hp_per_floor":[75,72,69,69,61,47,47,36,36,58,75,64,61,61,75,40,75,75,75,75,73,58,75,32,13,13,35,60,75,69,34,56,41,75,75,75,66,36,36,58,65,82,82,82,82,78,77,77,82,61],"gold":12,"neow_bonus":"THREE_CARDS","is_prod":false,"is_daily":false,"chose_seed":false,"campfire_upgraded":1,"win_rate":0,"timestamp":1548621346,"path_taken":["M","?","M","$","M","E","$","E","T","R","?","?","M","?","R","BOSS","M","?","$","M","M","R","E","M","T","R","?","R","M","?","R","BOSS","M","$","?","?","M","R","E","R","T","$","R","E","M","$","R","BOSS"],"build_version":"2019-01-23","purchased_purges":2,"victory":true,"max_hp_per_floor":[75,75,75,75,75,75,75,75,75,75,75,75,75,75,75,75,75,75,75,75,75,75,75,75,75,75,75,75,75,75,75,75,75,75,75,75,75,75,75,75,82,82,82,82,82,82,82,82,82,82],"card_choices":[{"not_picked":["Redo","Skim"],"picked":"Cold Snap","floor":0},{"not_picked":["Aggregate","Skim"],"picked":"Hologram","floor":1},{"not_picked":["Streamline","Gash"],"picked":"Hologram","floor":2},{"not_picked":["Undo","Steam"],"picked":"Cold Snap","floor":3},{"not_picked":["Fission","Force Field"],"picked":"BootSequence","floor":5},{"not_picked":["Scrape","Go for the Eyes"],"picked":"Reinforced Body","floor":6},{"not_picked":["Scrape","Go for the Eyes"],"picked":"Undo","floor":8},{"not_picked":["Beam Cell","Turbo"],"picked":"Hello World","floor":13},{"not_picked":["Fission","Biased Cognition"],"picked":"Machine Learning","floor":16},{"not_picked":["Gash+1","Aggregate"],"picked":"Streamline","floor":18},{"not_picked":["Cold Snap","Sweeping Beam+1","Beam Cell"],"picked":"SKIP","floor":21},{"not_picked":["Go for the Eyes","Skim"],"picked":"Chill+1","floor":22},{"not_picked":["Compile Driver+1","Cold Snap"],"picked":"Redo+1","floor":24},{"not_picked":["Glacier","Stack+1"],"picked":"Thunder Strike","floor":25},{"not_picked":["Coolheaded","Hologram"],"picked":"Streamline","floor":30},{"not_picked":["Barrage","Ball Lightning"],"picked":"Defragment","floor":31},{"not_picked":["Rainbow","All For One"],"picked":"Echo Form","floor":33},{"not_picked":["Streamline","Barrage"],"picked":"Coolheaded","floor":35},{"not_picked":["Beam Cell","Steam"],"picked":"Consume+1","floor":38},{"not_picked":["Streamline","Reprogram+1","Buffer"],"picked":"SKIP","floor":39},{"not_picked":["Compile Driver","Heatsinks+1","Barrage"],"picked":"SKIP","floor":41},{"not_picked":["Static Discharge","Leap"],"picked":"Conserve Battery","floor":46},{"not_picked":["Coolheaded+1","Sweeping Beam+1","Ball Lightning+1"],"picked":"SKIP","floor":47}],"player_experience":170987,"relics_obtained":[{"floor":6,"key":"War Paint"},{"floor":8,"key":"Juzu Bracelet"},{"floor":9,"key":"Smiling Mask"},{"floor":24,"key":"Oddly Smooth Stone"},{"floor":26,"key":"Pen Nib"},{"floor":31,"key":"StoneCalendar"},{"floor":31,"key":"Mummified Hand"},{"floor":38,"key":"Nunchaku"},{"floor":41,"key":"Strawberry"},{"floor":43,"key":"Bottled Flame"},{"floor":46,"key":"Molten Egg 2"}],"event_choices":[{"damage_healed":18,"gold_gain":0,"player_choice":"Healed","damage_taken":0,"max_hp_gain":0,"max_hp_loss":0,"event_name":"The Cleric","floor":11,"gold_loss":35},{"damage_healed":0,"gold_gain":75,"player_choice":"Gather Gold","damage_taken":11,"max_hp_gain":0,"max_hp_loss":0,"event_name":"World of Goop","floor":12,"gold_loss":0},{"damage_healed":0,"gold_gain":0,"player_choice":"Simplicity","damage_taken":0,"max_hp_gain":0,"max_hp_loss":0,"event_name":"Back to Basics","floor":19,"gold_loss":0,"cards_upgraded":["Strike_B","Defend_B"]},{"damage_healed":25,"gold_gain":0,"player_choice":"Heal","damage_taken":0,"max_hp_gain":0,"max_hp_loss":0,"event_name":"The Library","floor":28,"gold_loss":0},{"damage_healed":0,"gold_gain":0,"player_choice":"Fight","damage_taken":0,"max_hp_gain":0,"max_hp_loss":0,"event_name":"Colosseum","floor":31,"gold_loss":0},{"damage_healed":0,"gold_gain":0,"player_choice":"Fought Nobs","damage_taken":0,"max_hp_gain":0,"max_hp_loss":0,"event_name":"Colosseum","floor":31,"gold_loss":0},{"damage_healed":0,"gold_gain":0,"player_choice":"Embrace Madness","damage_taken":9,"max_hp_gain":0,"max_hp_loss":0,"event_name":"Winding Halls","floor":37,"gold_loss":0,"cards_obtained":["Madness","Madness"]},{"damage_healed":0,"gold_gain":0,"player_choice":"Fight","damage_taken":0,"max_hp_gain":0,"max_hp_loss":0,"event_name":"MindBloom","floor":38,"gold_loss":0}],"is_beta":false,"boss_relics":[{"not_picked":["Eternal Feather","White Beast Statue"],"picked":"Astrolabe"},{"not_picked":["Pandora\u0027s Box","FrozenCore"],"picked":"Nuclear Battery"}],"items_purged_floors":[4,14],"is_endless":false,"potions_floor_spawned":[3,8,16,25,31,33,38,46],"ascension_level":1}