{"gold_per_floor":[115,133,151,168,12,12,43,60,85,97,122,122,141,161,161,266,266,286,286,8,19,33,68,68,78,78,89,89,106,31,31,31,31],"floor_reached":33,"playtime":1537,"items_purged":[],"score":298,"play_id":"953e5f42-89a2-452f-ac56-2eb4bc969ee8","local_time":"20181202182528","is_ascension_mode":false,"campfire_choices":[{"data":"Whirlwind","floor":6,"key":"SMITH"},{"floor":12,"key":"REST"},{"data":"Inflame","floor":15,"key":"SMITH"},{"data":"Armaments","floor":24,"key":"SMITH"},{"floor":32,"key":"REST"}],"neow_cost":"NONE","seed_source_timestamp":100453943226871,"circlet_count":0,"master_deck":["Bash","Shrug It Off","Thunderclap","Whirlwind+1","Heavy Blade","Pommel Strike","Feed","Disarm","Metallicize","Ghostly Armor","Inflame+1","Heavy Blade","Fiend Fire","Thunderclap","Anger","Flex+1","Carnage","Twin Strike","Disarm","Thunderclap","Combust","Rampage","Armaments+1","Shrug It Off","Body Slam+1","Twin Strike","Reaper","Headbutt+1"],"relics":["Burning Blood","Omamori","Centennial Puzzle","Odd Mushroom","Pandora\u0027s Box","Chemical X","Art of War","Darkstone Periapt"],"potions_floor_usage":[16,33],"damage_taken":[{"damage":0,"enemies":"2 Louse","floor":1,"turns":2},{"damage":12,"enemies":"Cultist","floor":2,"turns":5},{"damage":0,"enemies":"Small Slimes","floor":3,"turns":4},{"damage":16,"enemies":"2 Fungi Beasts","floor":4,"turns":4},{"damage":46,"enemies":"Lagavulin","floor":7,"turns":8},{"damage":13,"enemies":"Large Slime","floor":8,"turns":7},{"damage":10,"enemies":"Exordium Thugs","floor":10,"turns":4},{"damage":10,"enemies":"The Mushroom Lair","floor":11,"turns":3},{"damage":4,"enemies":"Blue Slaver","floor":13,"turns":5},{"damage":6,"enemies":"Large Slime","floor":14,"turns":6},{"damage":51,"enemies":"The Guardian","floor":16,"turns":18},{"damage":10,"enemies":"Chosen","floor":18,"turns":3},{"damage":11,"enemies":"Spheric Guardian","floor":21,"turns":3},{"damage":34,"enemies":"Centurion and Healer","floor":22,"turns":8},{"damage":32,"enemies":"Slavers","floor":23,"turns":3},{"damage":7,"enemies":"Snecko","floor":25,"turns":5},{"damage":10,"enemies":"Shelled Parasite and Fungi","floor":27,"turns":3},{"damage":27,"enemies":"Snake Plant","floor":29,"turns":4},{"damage":73,"enemies":"Champ","floor":33,"turns":11}],"seed_played":"5996033524350632545","potions_obtained":[{"floor":1,"key":"Block Potion"},{"floor":2,"key":"SmokeBomb"},{"floor":10,"key":"GamblersBrew"},{"floor":16,"key":"Weak Potion"}],"is_trial":false,"path_per_floor":["M","M","M","M","$","R","E","M","T","M","?","R","M","M","R","B",null,"M","?","$","M","M","E","R","M","T","M","?","M","?","$","R","B"],"character_chosen":"IRONCLAD","items_purchased":["Feed","Armaments","Shrug It Off","Chemical X"],"campfire_rested":2,"item_purchase_floors":[5,20,20,20],"current_hp_per_floor":[80,74,80,70,70,70,30,26,26,25,21,46,51,54,54,12,95,91,91,91,86,62,36,36,35,35,31,31,22,22,22,51,0],"gold":31,"neow_bonus":"THREE_CARDS","is_prod":false,"is_daily":false,"chose_seed":false,"campfire_upgraded":3,"win_rate":0.0,"timestamp":1543793128,"path_taken":["M","M","M","M","$","R","E","M","T","M","?","R","M","M","R","BOSS","M","?","?","M","M","E","R","M","T","M","?","M","?","$","R","BOSS"],"build_version":"2018-11-15","purchased_purges":0,"victory":false,"max_hp_per_floor":[80,80,80,80,80,80,80,83,83,86,86,86,89,92,92,95,95,95,95,95,95,99,99,99,99,99,99,99,99,99,99,99,99],"card_choices":[{"not_picked":["Clash","Power Through"],"picked":"Shrug It Off","floor":0},{"not_picked":["Burning Pact","True Grit"],"picked":"Thunderclap","floor":1},{"not_picked":["Shrug It Off","Clash"],"picked":"Whirlwind","floor":2},{"not_picked":["Clothesline","Body Slam"],"picked":"Heavy Blade","floor":3},{"not_picked":["True Grit","Rupture"],"picked":"Pommel Strike","floor":4},{"not_picked":["Combust","Sword Boomerang","Rupture"],"picked":"SKIP","floor":7},{"not_picked":["Anger","Rage"],"picked":"Disarm","floor":8},{"not_picked":["Flame Barrier","Headbutt"],"picked":"Metallicize","floor":10},{"not_picked":["Twin Strike","Shrug It Off"],"picked":"Ghostly Armor","floor":11},{"not_picked":["Intimidate","Double Tap"],"picked":"Inflame","floor":13},{"not_picked":["Anger","Pommel Strike"],"picked":"Heavy Blade","floor":14},{"not_picked":["Dark Embrace","Feed"],"picked":"Fiend Fire","floor":16},{"not_picked":["Inflame","Fire Breathing"],"picked":"Rampage","floor":18},{"not_picked":["Burning Pact","Clothesline+1"],"picked":"Body Slam+1","floor":21},{"not_picked":["Thunderclap+1","Entrench"],"picked":"Twin Strike","floor":22},{"not_picked":["Pommel Strike","Clash"],"picked":"Reaper","floor":23},{"not_picked":["Dual Wield","Twin Strike+1"],"picked":"Headbutt+1","floor":25},{"not_picked":["Anger","Entrench","Intimidate"],"picked":"SKIP","floor":27},{"not_picked":["Twin Strike","Fire Breathing","Anger"],"picked":"SKIP","floor":29}],"player_experience":478342,"relics_obtained":[{"floor":7,"key":"Omamori"},{"floor":9,"key":"Centennial Puzzle"},{"floor":11,"key":"Odd Mushroom"},{"floor":23,"key":"Art of War"},{"floor":26,"key":"Darkstone Periapt"}],"event_choices":[{"damage_healed":0,"gold_gain":0,"player_choice":"Fought Mushrooms","damage_taken":0,"max_hp_gain":0,"max_hp_loss":0,"event_name":"Mushrooms","floor":11,"gold_loss":0},{"damage_healed":0,"gold_gain":0,"player_choice":"Forge","damage_taken":0,"max_hp_gain":0,"max_hp_loss":0,"event_name":"Accursed Blacksmith","floor":19,"gold_loss":0,"cards_upgraded":["Flex"]},{"damage_healed":0,"gold_gain":0,"player_choice":"Ignored","damage_taken":0,"max_hp_gain":0,"max_hp_loss":0,"event_name":"Ghosts","floor":28,"gold_loss":0},{"cards_removed":["Clash"],"damage_healed":0,"gold_gain":0,"player_choice":"Gave Gold","damage_taken":0,"max_hp_gain":0,"max_hp_loss":0,"event_name":"Beggar","floor":30,"gold_loss":75}],"is_beta":false,"boss_relics":[{"not_picked":["Eternal Feather","Coffee Dripper"],"picked":"Pandora\u0027s Box"}],"items_purged_floors":[],"is_endless":false,"potions_floor_spawned":[1,2,10,11,13,16,23,25,27,29],"killed_by":"Champ","ascension_level":0}