{"gold_per_floor":[118,118,132,132,143,159,189,199,199,219,219,239,34,50,50,50],"floor_reached":16,"playtime":328,"items_purged":[],"score":131,"play_id":"ac3280e3-f86d-4918-9dd1-b42bfad90744","local_time":"20190210124518","daily_mods":["Specialized","Uncertain Future","Lethality"],"is_ascension_mode":false,"campfire_choices":[{"floor":11,"key":"REST"},{"floor":15,"key":"REST"}],"neow_cost":"","seed_source_timestamp":0,"circlet_count":0,"master_deck":["Strike_R","Strike_R","Strike_R","Strike_R","Strike_R","Defend_R","Defend_R","Defend_R","Defend_R","Bash","Exhume","Exhume","Exhume","Exhume","Perfected Strike","Cleave","Perfected Strike","Barricade","Havoc","True Grit","Warcry","Warcry"],"relics":["Burning Blood","Ancient Tea Set","Pantograph","Toolbox"],"potions_floor_usage":[6,16,16],"damage_taken":[{"damage":0,"enemies":"Cultist","floor":1,"turns":3},{"damage":0,"enemies":"2 Louse","floor":3,"turns":1},{"damage":14,"enemies":"Jaw Worm","floor":5,"turns":2},{"damage":19,"enemies":"Lots of Slimes","floor":6,"turns":2},{"damage":21,"enemies":"3 Sentries","floor":7,"turns":5},{"damage":10,"enemies":"Blue Slaver","floor":8,"turns":3},{"damage":13,"enemies":"3 Louse","floor":10,"turns":4},{"damage":13,"enemies":"Looter","floor":12,"turns":2},{"damage":15,"enemies":"Blue Slaver","floor":14,"turns":2},{"damage":93,"enemies":"Hexaghost","floor":16,"turns":7}],"seed_played":"543966190310315066","potions_obtained":[{"floor":1,"key":"Dexterity Potion"},{"floor":3,"key":"Explosive Potion"},{"floor":7,"key":"GamblersBrew"},{"floor":12,"key":"EssenceOfSteel"}],"is_trial":true,"path_per_floor":["M","?","M","?","M","M","E","M","T","M","R","M","$","M","R","B"],"character_chosen":"IRONCLAD","items_purchased":["Toolbox"],"campfire_rested":2,"item_purchase_floors":[13],"current_hp_per_floor":[80,80,80,85,77,64,49,45,45,38,63,56,56,47,72,0],"gold":50,"neow_bonus":"","is_prod":false,"is_daily":false,"chose_seed":false,"campfire_upgraded":0,"win_rate":0,"timestamp":1549831518,"path_taken":["M","?","M","?","?","M","E","M","T","M","R","M","$","M","R","BOSS"],"build_version":"2019-01-23","purchased_purges":0,"victory":false,"max_hp_per_floor":[80,80,80,85,85,85,85,85,85,85,85,85,85,85,85,85],"card_choices":[{"not_picked":["Dropkick","Pommel Strike"],"picked":"Perfected Strike","floor":1},{"not_picked":["Armaments","Wild Strike","Heavy Blade"],"picked":"SKIP","floor":3},{"not_picked":["Double Tap","Twin Strike"],"picked":"Perfected Strike","floor":5},{"not_picked":["Sword Boomerang","Entrench","Fire Breathing"],"picked":"SKIP","floor":6},{"not_picked":["Anger","Warcry"],"picked":"Barricade","floor":7},{"not_picked":["Twin Strike","Sentinel"],"picked":"Havoc","floor":8},{"not_picked":["Bloodletting","Pommel Strike"],"picked":"True Grit","floor":10},{"not_picked":["Heavy Blade","Wild Strike"],"picked":"Warcry","floor":12},{"not_picked":["Clothesline","Rampage"],"picked":"Warcry","floor":14}],"player_experience":203909,"relics_obtained":[{"floor":7,"key":"Ancient Tea Set"},{"floor":9,"key":"Pantograph"}],"event_choices":[{"damage_healed":0,"gold_gain":0,"cards_transformed":["Exhume"],"player_choice":"Change","damage_taken":0,"max_hp_gain":0,"max_hp_loss":0,"event_name":"Living Wall","floor":2,"gold_loss":0,"cards_obtained":["Cleave"]},{"damage_healed":0,"gold_gain":0,"player_choice":"Donut","damage_taken":0,"max_hp_gain":5,"max_hp_loss":0,"event_name":"Big Fish","floor":4,"gold_loss":0}],"is_beta":false,"boss_relics":[],"items_purged_floors":[],"is_endless":false,"potions_floor_spawned":[1,3,7,12,14],"killed_by":"Hexaghost","ascension_level":0}