{"path_per_floor":["M","?","?","?","?","E","R","M","T","R","M","R","M","M","R","B",null,"M","$","M","M","?"],"character_chosen":"DEFECT","items_purchased":["Tempest","Static Discharge","Letter Opener"],"gold_per_floor":[114,114,114,114,114,154,154,177,177,177,200,200,216,236,236,366,366,382,17,26,44,44,44],"floor_reached":23,"campfire_rested":1,"playtime":1427,"current_hp_per_floor":[75,69,69,74,74,62,62,62,62,62,62,62,60,57,74,46,74,64,64,44,22,22,0],"items_purged":[],"gold":44,"score":191,"play_id":"9d73ba29-b6d4-46a3-a8c9-48602acd6aab","local_time":"20180501143015","is_prod":false,"is_daily":false,"chose_seed":false,"is_ascension_mode":false,"campfire_upgraded":3,"timestamp":1525210215,"path_taken":["M","?","?","?","?","E","R","?","T","R","M","R","M","M","R","BOSS","M","$","M","M","?","E"],"build_version":"2018-04-30","seed_source_timestamp":1389343483380188,"purchased_purges":0,"victory":false,"master_deck":["Strike_B","Strike_B","Strike_B","Defend_B","Defend_B","Defend_B","Defend_B","Zap+1","Dualcast","Glacier+1","Impulse+1","Buffer+1","Hologram","Ball Lightning","Amplify","Fission","Axe Kick+1","Tempest","Static Discharge","Darkness"],"max_hp_per_floor":[75,69,69,74,74,74,74,74,74,74,74,74,74,74,74,74,74,74,74,74,74,74,74],"relics":["Cracked Core","Golden Idol","Oddly Smooth Stone","Pantograph","Runic Pyramid","Letter Opener"],"card_choices":[{"not_picked":["Ball Lightning","Skim"],"picked":"Doom and Gloom","floor":1},{"not_picked":["Heatsinks","Glacier"],"picked":"Impulse","floor":6},{"not_picked":["Darkness","Hologram"],"picked":"Buffer","floor":8},{"not_picked":["Reprogram","Go for the Eyes"],"picked":"Hologram","floor":11},{"not_picked":["Leap","Coolheaded"],"picked":"Ball Lightning","floor":13},{"not_picked":["Steam Power","Auto Shields"],"picked":"Amplify","floor":14},{"not_picked":["Biased Cognition","Fusion"],"picked":"Fission","floor":16},{"not_picked":["Steam Power","Impulse"],"picked":"Axe Kick","floor":18},{"not_picked":["Impulse","Rip and Tear"],"picked":"Darkness","floor":20}],"player_experience":21073,"potions_floor_usage":[16,18],"damage_taken":[{"damage":0,"enemies":"2 Louse","floor":1,"turns":2},{"damage":12,"enemies":"3 Sentries","floor":6,"turns":13},{"damage":0,"enemies":"Jaw Worm","floor":8,"turns":2},{"damage":0,"enemies":"Cultist","floor":11,"turns":3},{"damage":2,"enemies":"Exordium Wildlife","floor":13,"turns":9},{"damage":3,"enemies":"Red Slaver","floor":14,"turns":3},{"damage":28,"enemies":"The Guardian","floor":16,"turns":15},{"damage":10,"enemies":"Spheric Guardian","floor":18,"turns":7},{"damage":20,"enemies":"2 Thieves","floor":20,"turns":5},{"damage":22,"enemies":"Snecko","floor":21,"turns":6},{"damage":22,"enemies":"Gremlin Leader","floor":23,"turns":1}],"event_choices":[{"event_name":"Golden Idol","player_choice":"Lose Max HP","floor":2,"damage_taken":0},{"event_name":"Bonfire Elementals","player_choice":"UNCOMMON","floor":3,"damage_taken":0},{"event_name":"Big Fish","player_choice":"Donut","floor":4,"damage_taken":0},{"event_name":"Living Wall","player_choice":"Change","floor":5,"damage_taken":0},{"event_name":"Addict","player_choice":"Ignored","floor":22,"damage_taken":0}],"boss_relics":[{"not_picked":["Black Star","Lizard Tail"],"picked":"Runic Pyramid"}],"potions_floor_spawned":[8,13,14,20,21],"seed_played":"-7801866520199335809","killed_by":"Gremlin Leader","ascension_level":0,"is_trial":false}