{"gold_per_floor":[110,110,129,54,54,81,81,81,107,119,15,46,57,68,68,68],"floor_reached":16,"playtime":354,"items_purged":["Regret"],"score":266,"play_id":"691dc770-f5f2-42e8-a380-5599d447579a","local_time":"20190619210846","is_ascension_mode":true,"campfire_choices":[{"data":"All Out Attack","floor":7,"key":"SMITH"},{"floor":10,"key":"RECALL"},{"data":"Footwork","floor":15,"key":"SMITH"}],"neow_cost":"NONE","seed_source_timestamp":477248397486900,"circlet_count":0,"master_deck":["AscendersBane","Defend_G","Defend_G","Defend_G","Defend_G","Defend_G","Strike_G","Strike_G","Strike_G","Strike_G","Survivor","Neutralize+1","All Out Attack+1","Flying Knee","Flying Knee","Footwork+1","Dodge and Roll","Crippling Poison","Dodge and Roll"],"relics":["Ring of the Snake","NeowsBlessing","Darkstone Periapt","Potion Belt","Happy Flower","MawBank","PreservedInsect"],"potions_floor_usage":[12],"damage_taken":[{"damage":0,"enemies":"Small Slimes","floor":1,"turns":1},{"damage":0,"enemies":"2 Louse","floor":3,"turns":1},{"damage":0,"enemies":"3 Sentries","floor":6,"turns":1},{"damage":14,"enemies":"Gremlin Nob","floor":12,"turns":4},{"damage":0,"enemies":"Jaw Worm","floor":13,"turns":4},{"damage":3,"enemies":"Large Slime","floor":14,"turns":8},{"damage":36,"enemies":"Hexaghost","floor":16,"turns":14}],"seed_played":"1784065070433145617","potions_obtained":[{"floor":1,"key":"Fire Potion"},{"floor":3,"key":"Regen Potion"},{"floor":6,"key":"FearPotion"},{"floor":14,"key":"Explosive Potion"}],"is_trial":false,"path_per_floor":["M","?","M","?","?","E","R","?","T","R","$","E","M","M","R","B"],"character_chosen":"THE_SILENT","items_purchased":["Footwork"],"campfire_rested":0,"item_purchase_floors":[11],"current_hp_per_floor":[59,59,59,59,65,65,65,60,60,60,60,46,46,43,43,7],"gold":68,"neow_bonus":"THREE_ENEMY_KILL","is_prod":false,"is_daily":false,"chose_seed":false,"campfire_upgraded":2,"win_rate":0,"timestamp":1560974926,"path_taken":["M","?","M","?","?","E","R","?","T","R","$","E","M","M","R","BOSS"],"build_version":"2019-01-23","purchased_purges":1,"victory":false,"max_hp_per_floor":[66,66,66,66,72,72,72,72,72,72,72,72,72,72,72,72],"card_choices":[{"not_picked":["Leg Sweep","Infinite Blades"],"picked":"All Out Attack","floor":1},{"not_picked":["Dagger Throw","Prepared"],"picked":"Flying Knee","floor":3},{"not_picked":["Tools of the Trade","Cloak And Dagger"],"picked":"Flying Knee","floor":6},{"not_picked":["Setup","Slice"],"picked":"Dodge and Roll","floor":12},{"not_picked":["Acrobatics","Slice"],"picked":"Crippling Poison","floor":13},{"not_picked":["All Out Attack","Escape Plan"],"picked":"Dodge and Roll","floor":14}],"player_experience":1479825,"relics_obtained":[{"floor":6,"key":"Potion Belt"},{"floor":9,"key":"MawBank"},{"floor":12,"key":"PreservedInsect"}],"event_choices":[{"damage_healed":0,"gold_gain":0,"player_choice":"Grow","damage_taken":0,"max_hp_gain":0,"max_hp_loss":0,"event_name":"Living Wall","floor":2,"gold_loss":0,"cards_upgraded":["Neutralize"]},{"cards_removed":["Strike_G"],"damage_healed":0,"gold_gain":0,"player_choice":"Card Removal","damage_taken":0,"max_hp_gain":0,"max_hp_loss":0,"event_name":"The Cleric","floor":4,"gold_loss":75},{"damage_healed":0,"gold_gain":0,"player_choice":"Box","damage_taken":0,"relics_obtained":["Darkstone Periapt"],"max_hp_gain":0,"max_hp_loss":0,"event_name":"Big Fish","floor":5,"gold_loss":0,"cards_obtained":["Regret"]},{"damage_healed":0,"gold_gain":0,"player_choice":"Success","damage_taken":5,"relics_obtained":["Happy Flower"],"max_hp_gain":0,"max_hp_loss":0,"event_name":"Scrap Ooze","floor":8,"gold_loss":0}],"is_beta":false,"boss_relics":[],"items_purged_floors":[11],"is_endless":false,"potions_floor_spawned":[1,3,6,14],"killed_by":"Hexaghost","ascension_level":20}