{"gold_per_floor":[19,19,19,39,39,39,59,59,59,74,99,114,114,133,133,207,207,207,207,207,207,41,41,41],"floor_reached":24,"playtime":746,"items_purged":[],"score":376,"play_id":"7b601596-f0cf-4c00-b8bd-296e4f32f608","local_time":"20180921234501","is_ascension_mode":true,"campfire_choices":[{"floor":6.0,"key":"DIG"},{"floor":8.0,"key":"DIG"},{"floor":13.0,"key":"DIG"},{"floor":15.0,"key":"DIG"},{"floor":23,"key":"DIG"}],"neow_cost":"NO_GOLD","seed_source_timestamp":131055039359541,"circlet_count":0,"master_deck":["Strike_B+1","Strike_B","Strike_B","Strike_B","Defend_B","Defend_B","Defend_B","Defend_B","Zap+1","Dualcast+1","AscendersBane","Ball Lightning","Hologram","Conserve Battery","Leap","Cold Snap","Go for the Eyes","Seek","Rebound","Conserve Battery","FTL","Self Repair"],"special_seed":0,"relics":["Cracked Core","Shovel","Pocketwatch","Matryoshka","Bag of Marbles","Meat on the Bone","Darkstone Periapt","PreservedInsect","Dream Catcher","Ectoplasm","Girya"],"potions_floor_usage":[16,20,24],"damage_taken":[{"damage":0.0,"enemies":"Cultist","floor":1.0,"turns":3.0},{"damage":0.0,"enemies":"2 Louse","floor":4.0,"turns":2.0},{"damage":4.0,"enemies":"Jaw Worm","floor":7.0,"turns":4.0},{"damage":5.0,"enemies":"Blue Slaver","floor":10.0,"turns":2.0},{"damage":11.0,"enemies":"Lagavulin","floor":11.0,"turns":5.0},{"damage":0.0,"enemies":"Large Slime","floor":12.0,"turns":5.0},{"damage":0.0,"enemies":"3 Louse","floor":14.0,"turns":4.0},{"damage":33,"enemies":"Hexaghost","floor":16,"turns":11},{"damage":23,"enemies":"3 Byrds","floor":18,"turns":4},{"damage":2,"enemies":"Chosen","floor":20,"turns":5},{"damage":8,"enemies":"Centurion and Healer","floor":21,"turns":9},{"damage":42,"enemies":"Book of Stabbing","floor":24,"turns":3}],"seed_played":"-3698348045961536921","potions_obtained":[{"floor":1.0,"key":"Weak Potion"},{"floor":4.0,"key":"FocusPotion"},{"floor":5.0,"key":"PowerPotion"},{"floor":10.0,"key":"AttackPotion"},{"floor":11.0,"key":"Regen Potion"},{"floor":18,"key":"AttackPotion"},{"floor":21,"key":"Fire Potion"}],"is_trial":false,"path_per_floor":["M","?","?","M","?","R","M","R","T","M","E","M","R","M","R","B",null,"M","?","M","M","$","R"],"character_chosen":"DEFECT","items_purchased":["FTL","Self Repair"],"campfire_rested":0,"item_purchase_floors":[22,22],"current_hp_per_floor":[64,64,43,43,43,43,39,39,39,46,47,61,61,61,61,40,63,40,40,38,42,42,42,0],"gold":41,"neow_bonus":"ONE_RARE_RELIC","is_prod":false,"is_daily":false,"chose_seed":false,"campfire_upgraded":0,"win_rate":0,"timestamp":1537587901,"path_taken":["M","?","?","M","?","R","M","R","T","?","E","?","R","?","R","BOSS","M","?","?","M","?","R","E"],"build_version":"2018-09-20","purchased_purges":0,"victory":false,"max_hp_per_floor":[71,71,71,71,71,71,71,71,71,71,71,71,71,71,71,71,71,71,71,71,71,71,71,71],"card_choices":[{"not_picked":["Heatsinks","Self Repair"],"picked":"Ball Lightning","floor":1.0},{"not_picked":["BootSequence","Static Discharge"],"picked":"Hologram","floor":4.0},{"not_picked":["Redo","Doom and Gloom"],"picked":"Conserve Battery","floor":7.0},{"not_picked":["Capacitor","Hologram"],"picked":"Leap","floor":10.0},{"not_picked":["Melter","Blizzard","Stack"],"picked":"SKIP","floor":11.0},{"not_picked":["Beam Cell","Barrage"],"picked":"Cold Snap","floor":12.0},{"not_picked":["Double Energy","Scrape"],"picked":"Go for the Eyes","floor":14.0},{"not_picked":["Thunder Strike","Multi-Cast"],"picked":"Seek","floor":16},{"not_picked":["Barrage","Undo","Reprogram"],"picked":"SKIP","floor":18},{"not_picked":["Recycle","BootSequence"],"picked":"Rebound","floor":20},{"not_picked":["Barrage","Coolheaded"],"picked":"Conserve Battery","floor":21}],"player_experience":343515,"relics_obtained":[{"floor":6.0,"key":"Pocketwatch"},{"floor":8.0,"key":"Matryoshka"},{"floor":9.0,"key":"Bag of Marbles"},{"floor":9.0,"key":"Meat on the Bone"},{"floor":11.0,"key":"Darkstone Periapt"},{"floor":13.0,"key":"PreservedInsect"},{"floor":15.0,"key":"Dream Catcher"},{"floor":23,"key":"Girya"}],"event_choices":[{"event_name":"Living Wall","player_choice":"Grow","floor":2.0,"damage_taken":0.0},{"event_name":"Shining Light","player_choice":"Entered Light","floor":3.0,"damage_taken":0.0},{"event_name":"The Lab","player_choice":"Got Potions","floor":5.0,"damage_taken":0.0},{"event_name":"Vampires","player_choice":"Ignored","floor":19,"damage_taken":0}],"is_beta":false,"boss_relics":[{"not_picked":["Runic Dome","Orrery"],"picked":"Ectoplasm"}],"items_purged_floors":[],"is_endless":false,"potions_floor_spawned":[1,4,10,11,18,21],"killed_by":"Book of Stabbing","ascension_level":18}