{"gold_per_floor":[117,117,43,43,56,56,97,110,110,110,134,134,148,194,194,287,287,310,333,58,83,106,106,137,137,137,171,194,238,238,258,258,354,354,373,595,196,215,128,128,142,156,207,207,242,263,263],"floor_reached":47,"playtime":1802,"items_purged":["Strike_B"],"score":1069,"play_id":"81d56f9d-3207-419d-a676-6d8127b00a29","local_time":"20190524161547","is_ascension_mode":true,"campfire_choices":[{"data":"Static Discharge","floor":6.0,"key":"SMITH"},{"data":"Self Repair","floor":10.0,"key":"SMITH"},{"data":"Go for the Eyes","floor":12.0,"key":"SMITH"},{"data":"Zap","floor":15.0,"key":"SMITH"},{"floor":23.0,"key":"REST"},{"data":"Streamline","floor":30.0,"key":"SMITH"},{"data":"Sweeping Beam","floor":32.0,"key":"SMITH"},{"floor":40.0,"key":"RECALL"},{"floor":44.0,"key":"REST"}],"neow_cost":"PERCENT_DAMAGE","seed_source_timestamp":0,"circlet_count":0,"master_deck":["AscendersBane","Defend_B","Defend_B","Defend_B","Defend_B","Zap+1","Dualcast","Go for the Eyes+1","Static Discharge+1","Self Repair+1","Sweeping Beam+1","FTL","Biased Cognition","Electrodynamics+1","Stack+1","Capacitor+1","Ball Lightning+1","Conserve Battery","Machine Learning","Conserve Battery+1","Streamline+1","Ball Lightning","Core Surge","Sunder","Leap+1","Defragment","Core Surge","Force Field+1","Blind+1","Loop","Ball Lightning","Leap+1"],"special_seed":0,"relics":["Cracked Core","Pocketwatch","Golden Idol","Blue Candle","Darkstone Periapt","DataDisk","Astrolabe","Question Card","Bird Faced Urn","Toxic Egg 2","Red Mask","Oddly Smooth Stone","Orrery","OrangePellets","Letter Opener"],"potions_floor_usage":[47],"damage_taken":[{"damage":0.0,"enemies":"2 Louse","floor":1.0,"turns":2.0},{"damage":0.0,"enemies":"Jaw Worm","floor":5.0,"turns":4.0},{"damage":24.0,"enemies":"Lagavulin","floor":7.0,"turns":8.0},{"damage":0.0,"enemies":"Cultist","floor":8.0,"turns":4.0},{"damage":4.0,"enemies":"Blue Slaver","floor":11.0,"turns":4.0},{"damage":9.0,"enemies":"Exordium Thugs","floor":13.0,"turns":4.0},{"damage":22.0,"enemies":"Hexaghost","floor":16.0,"turns":5.0},{"damage":17.0,"enemies":"2 Thieves","floor":18.0,"turns":2.0},{"damage":28.0,"enemies":"Shell Parasite","floor":19.0,"turns":4.0},{"damage":17.0,"enemies":"Snake Plant","floor":21.0,"turns":3.0},{"damage":15.0,"enemies":"Chosen and Byrds","floor":22.0,"turns":5.0},{"damage":0.0,"enemies":"Gremlin Leader","floor":24.0,"turns":5.0},{"damage":7.0,"enemies":"Masked Bandits","floor":27.0,"turns":2.0},{"damage":2.0,"enemies":"3 Cultists","floor":28.0,"turns":2.0},{"damage":12.0,"enemies":"Book of Stabbing","floor":29.0,"turns":4.0},{"damage":8.0,"enemies":"Snecko","floor":31.0,"turns":5.0},{"damage":35.0,"enemies":"Collector","floor":33.0,"turns":7.0},{"damage":7.0,"enemies":"Orb Walker","floor":35.0,"turns":3.0},{"damage":21.0,"enemies":"3 Darklings","floor":38.0,"turns":3.0},{"damage":13.0,"enemies":"Transient","floor":41.0,"turns":6.0},{"damage":22.0,"enemies":"Sphere and 2 Shapes","floor":42.0,"turns":5.0},{"damage":56.0,"enemies":"Reptomancer","floor":45.0,"turns":4.0},{"damage":3.0,"enemies":"Jaw Worm Horde","floor":46.0,"turns":4.0},{"damage":27,"enemies":"3 Darklings","floor":47,"turns":2}],"seed_played":"-7034640863283600904","potions_obtained":[{"floor":1.0,"key":"Ancient Potion"},{"floor":5.0,"key":"FearPotion"},{"floor":18.0,"key":"Regen Potion"},{"floor":22.0,"key":"PowerPotion"},{"floor":24.0,"key":"EssenceOfSteel"},{"floor":27.0,"key":"PowerPotion"},{"floor":28.0,"key":"Fruit Juice"},{"floor":38.0,"key":"SpeedPotion"},{"floor":42.0,"key":"SkillPotion"}],"is_trial":false,"path_per_floor":["M","$","?","?","M","R","E","M","T","R","M","R","M","T","R","B",null,"M","M","$","M","M","R","E","?","T","?","M","E","R","M","R","B",null,"M","?","$","M","$","R","M","M","T","R","E","M","M"],"character_chosen":"DEFECT","items_purchased":["Question Card","OrangePellets","Blind+1","Loop"],"campfire_rested":2,"item_purchase_floors":[20,37,37,39],"current_hp_per_floor":[46,46,46,46,46,46,22,22,22,22,28,28,29,29,29,17,52,45,39,39,32,27,46,56,56,56,53,60,58,58,69,69,52,65,64,64,64,49,49,49,56,52,52,69,19,20,0],"gold":263,"neow_bonus":"ONE_RARE_RELIC","is_prod":false,"is_daily":false,"chose_seed":false,"campfire_upgraded":6,"win_rate":0,"timestamp":1558728947,"path_taken":["M","$","?","?","M","R","E","M","T","R","M","R","M","?","R","BOSS","M","M","$","M","M","R","E","?","T","?","M","E","R","M","R","BOSS","M","?","$","M","$","R","M","M","T","R","E","M","M"],"build_version":"2019-01-23","purchased_purges":1,"victory":false,"max_hp_per_floor":[71,71,71,64,64,64,64,64,64,64,64,64,64,64,64,64,64,64,64,64,64,64,64,64,64,64,64,69,69,69,69,69,69,69,69,69,69,69,69,69,69,69,69,69,69,69,69],"card_choices":[{"not_picked":["Tempest","Hologram"],"picked":"Go for the Eyes","floor":1.0},{"not_picked":["Auto Shields","Barrage"],"picked":"Static Discharge","floor":5.0},{"not_picked":["Redo","Compile Driver","Consume"],"picked":"SKIP","floor":7.0},{"not_picked":["Leap","Steam"],"picked":"Self Repair","floor":8.0},{"not_picked":["Consume","Coolheaded"],"picked":"Sweeping Beam","floor":11.0},{"not_picked":["Recycle","Steam"],"picked":"FTL","floor":13.0},{"not_picked":["Buffer","Hyperbeam"],"picked":"Biased Cognition","floor":16.0},{"not_picked":["Darkness","Coolheaded"],"picked":"Ball Lightning+1","floor":18.0},{"not_picked":["Force Field","Rebound","Redo"],"picked":"SKIP","floor":19.0},{"not_picked":["Sweeping Beam","Redo","Ball Lightning"],"picked":"Conserve Battery","floor":21.0},{"not_picked":["Chaos","Barrage","Steam"],"picked":"Machine Learning","floor":22.0},{"not_picked":["Fission","Lockon","Reprogram","Storm"],"picked":"SKIP","floor":24.0},{"not_picked":["Coolheaded+1","Gash","Turbo+1"],"picked":"Conserve Battery+1","floor":27.0},{"not_picked":["Capacitor","Ball Lightning","Rebound"],"picked":"Streamline","floor":28.0},{"not_picked":["Go for the Eyes","Tempest+1","Undo+1"],"picked":"Ball Lightning","floor":29.0},{"not_picked":["Gash+1","Go for the Eyes","Sweeping Beam","BootSequence+1"],"picked":"SKIP","floor":31.0},{"not_picked":["Amplify+1","Biased Cognition","Multi-Cast+1"],"picked":"Core Surge","floor":33.0},{"not_picked":["Steam+1","Streamline","Reprogram+1"],"picked":"Sunder","floor":34.0},{"not_picked":["Gash+1","Beam Cell","Fusion+1"],"picked":"Leap+1","floor":34.0},{"not_picked":["Blizzard","Turbo+1","Tempest+1"],"picked":"Defragment","floor":34.0},{"not_picked":["Streamline","Undo+1","Go for the Eyes+1"],"picked":"Core Surge","floor":34.0},{"not_picked":["Recycle+1","Self Repair","BootSequence+1"],"picked":"Force Field+1","floor":35.0},{"not_picked":["Barrage+1","Capacitor","Compile Driver","Steam+1"],"picked":"SKIP","floor":38.0},{"not_picked":["Compile Driver","Streamline","Heatsinks","Sunder"],"picked":"SKIP","floor":41.0},{"not_picked":["Fusion+1","Compile Driver","Conserve Battery+1"],"picked":"Ball Lightning","floor":42.0},{"not_picked":["Hyperbeam","Storm","Coolheaded+1","Skim+1"],"picked":"SKIP","floor":45.0},{"not_picked":["Storm","Skim+1","Conserve Battery+1"],"picked":"Leap+1","floor":46.0}],"player_experience":707929,"relics_obtained":[{"floor":7.0,"key":"Blue Candle"},{"floor":9.0,"key":"Darkstone Periapt"},{"floor":14.0,"key":"DataDisk"},{"floor":24.0,"key":"Bird Faced Urn"},{"floor":26.0,"key":"Toxic Egg 2"},{"floor":27.0,"key":"Red Mask"},{"floor":29.0,"key":"Oddly Smooth Stone"},{"floor":45.0,"key":"Letter Opener"}],"event_choices":[{"damage_healed":0.0,"max_hp_gain":0.0,"max_hp_loss":0.0,"gold_gain":0.0,"event_name":"World of Goop","player_choice":"Left Gold","floor":3.0,"gold_loss":74.0,"damage_taken":0.0},{"damage_healed":0.0,"max_hp_gain":0.0,"max_hp_loss":7.0,"gold_gain":0.0,"event_name":"Golden Idol","player_choice":"Lose Max HP","floor":4.0,"gold_loss":0.0,"damage_taken":0.0,"relics_obtained":["Golden Idol"]},{"damage_healed":0.0,"max_hp_gain":0.0,"max_hp_loss":0.0,"gold_gain":0.0,"event_name":"Cursed Tome","player_choice":"Ignored","floor":25.0,"gold_loss":0.0,"damage_taken":0.0},{"damage_healed":0.0,"max_hp_gain":0.0,"max_hp_loss":0.0,"gold_gain":0.0,"event_name":"Masked Bandits","player_choice":"Fought Bandits","floor":27.0,"gold_loss":0.0,"damage_taken":0.0},{"damage_healed":0.0,"max_hp_gain":0.0,"max_hp_loss":0.0,"gold_gain":222.0,"event_name":"Tomb of Lord Red Mask","player_choice":"Wore Mask","floor":36.0,"gold_loss":0.0,"damage_taken":0.0}],"is_beta":false,"boss_relics":[{"not_picked":["Busted Crown","Nuclear Battery"],"picked":"Astrolabe"},{"not_picked":["Calling Bell","FrozenCore"],"picked":"Orrery"}],"items_purged_floors":[37],"is_endless":false,"potions_floor_spawned":[1,5,16,18,22,24,27,28,38,42,45],"killed_by":"3 Darklings","ascension_level":20}