{"gold_per_floor":[109,109,209,219,219,244,263,263,314,347,359,374,394,429,429,527,527,546,563,563,579,189,189],"floor_reached":23,"playtime":903,"items_purged":["Strike_R"],"score":341,"play_id":"11e09a35-4112-4907-b700-b602183a104c","local_time":"20190111211823","is_ascension_mode":true,"campfire_choices":[{"data":"Uppercut","floor":8.0,"key":"SMITH"},{"floor":15.0,"key":"REST"}],"neow_cost":"NONE","seed_source_timestamp":0,"circlet_count":0,"master_deck":["AscendersBane","Strike_R","Strike_R","Strike_R","Defend_R","Defend_R","Defend_R","Defend_R","Bash+1","Twin Strike","Uppercut+1","Infernal Blade","Battle Trance","Rampage","Battle Trance","True Grit","Warcry","Armaments","Feed","Anger","Rampage","Flex","Shrug It Off","Pommel Strike","Sword Boomerang","Uppercut+1","Feel No Pain","Sadistic Nature","Flash of Steel","Metallicize"],"special_seed":0,"relics":["Burning Blood","Lantern","Strawberry","Red Skull","Charon\u0027s Ashes","Shuriken","Orrery","Nilry\u0027s Codex"],"potions_floor_usage":[23],"damage_taken":[{"damage":9.0,"enemies":"2 Louse","floor":1.0,"turns":4.0},{"damage":0.0,"enemies":"Small Slimes","floor":4.0,"turns":3.0},{"damage":35.0,"enemies":"3 Sentries","floor":6.0,"turns":7.0},{"damage":0.0,"enemies":"Cultist","floor":7.0,"turns":2.0},{"damage":18.0,"enemies":"Gremlin Nob","floor":10.0,"turns":3.0},{"damage":0.0,"enemies":"2 Fungi Beasts","floor":11.0,"turns":2.0},{"damage":6.0,"enemies":"Looter","floor":12.0,"turns":2.0},{"damage":0.0,"enemies":"Large Slime","floor":13.0,"turns":2.0},{"damage":23.0,"enemies":"3 Sentries","floor":14.0,"turns":5.0},{"damage":45.0,"enemies":"Slime Boss","floor":16.0,"turns":7.0},{"damage":22.0,"enemies":"Spheric Guardian","floor":18.0,"turns":4.0},{"damage":12,"enemies":"2 Thieves","floor":19,"turns":3},{"damage":16,"enemies":"Centurion and Healer","floor":21,"turns":9},{"damage":41,"enemies":"Book of Stabbing","floor":23,"turns":3}],"seed_played":"-5225477516908831073","potions_obtained":[{"floor":1.0,"key":"Strength Potion"},{"floor":6.0,"key":"LiquidBronze"},{"floor":10.0,"key":"LiquidBronze"},{"floor":18.0,"key":"SpeedPotion"}],"is_trial":false,"path_per_floor":["M","?","?","M","?","E","M","R","T","E","M","M","M","E","R","B",null,"M","M","?","M","$","E"],"character_chosen":"IRONCLAD","items_purchased":["Sadistic Nature","Flash of Steel","Metallicize"],"campfire_rested":1,"item_purchase_floors":[22,22,22],"current_hp_per_floor":[69,62,62,68,61,39,45,45,45,33,39,39,45,28,54,15,69,53,47,31,21,21,0],"gold":189,"neow_bonus":"UPGRADE_CARD","is_prod":false,"is_daily":false,"chose_seed":false,"campfire_upgraded":1,"win_rate":0,"timestamp":1547259503,"path_taken":["M","?","?","?","?","E","M","R","T","E","M","M","M","E","R","BOSS","M","M","?","M","$","E"],"build_version":"2019-01-10","purchased_purges":1,"victory":false,"max_hp_per_floor":[80,80,80,80,80,87,87,87,87,87,87,87,87,87,87,87,87,87,87,87,87,87,87],"card_choices":[{"not_picked":["Pummel","Cleave"],"picked":"Twin Strike","floor":1.0},{"not_picked":["Infernal Blade","Anger"],"picked":"Uppercut","floor":4.0},{"not_picked":["Wild Strike","Power Through"],"picked":"Infernal Blade","floor":6.0},{"not_picked":["True Grit","Heavy Blade"],"picked":"Battle Trance","floor":7.0},{"not_picked":["Clash","Thunderclap"],"picked":"Rampage","floor":10.0},{"not_picked":["Second Wind","Power Through"],"picked":"Battle Trance","floor":11.0},{"not_picked":["Rage","Intimidate"],"picked":"True Grit","floor":12.0},{"not_picked":["Berserk","Iron Wave"],"picked":"Warcry","floor":13.0},{"not_picked":["Headbutt","Heavy Blade"],"picked":"Armaments","floor":14.0},{"not_picked":["Limit Break","Reaper"],"picked":"Feed","floor":16.0},{"not_picked":["Rage","Fire Breathing"],"picked":"Anger","floor":17.0},{"not_picked":["Battle Trance","Entrench"],"picked":"Rampage","floor":17.0},{"not_picked":["Twin Strike","Dual Wield"],"picked":"Flex","floor":17.0},{"not_picked":["Headbutt","Body Slam"],"picked":"Shrug It Off","floor":17.0},{"not_picked":["Havoc","Twin Strike"],"picked":"Pommel Strike","floor":17.0},{"not_picked":["Clothesline","Fiend Fire"],"picked":"Sword Boomerang","floor":18.0},{"not_picked":["Blood for Blood","Thunderclap"],"picked":"Uppercut+1","floor":19},{"not_picked":["Headbutt","Iron Wave"],"picked":"Feel No Pain","floor":21}],"player_experience":551635,"relics_obtained":[{"floor":6.0,"key":"Strawberry"},{"floor":9.0,"key":"Red Skull"},{"floor":10.0,"key":"Charon\u0027s Ashes"},{"floor":14.0,"key":"Shuriken"},{"floor":20,"key":"Nilry\u0027s Codex"}],"event_choices":[{"damage_healed":0.0,"max_hp_gain":0.0,"max_hp_loss":0.0,"gold_gain":0.0,"event_name":"Scrap Ooze","player_choice":"Success","floor":2.0,"gold_loss":0.0,"damage_taken":7.0,"relics_obtained":["Lantern"]},{"damage_healed":0.0,"max_hp_gain":0.0,"max_hp_loss":0.0,"gold_gain":100.0,"event_name":"Wheel of Change","player_choice":"Gold","floor":3.0,"gold_loss":0.0,"damage_taken":0.0},{"cards_removed":["Strike_R"],"damage_healed":0.0,"max_hp_gain":0.0,"max_hp_loss":0.0,"gold_gain":0.0,"event_name":"Golden Wing","player_choice":"Card Removal","floor":5.0,"gold_loss":0.0,"damage_taken":7.0},{"damage_healed":0,"gold_gain":0,"player_choice":"Obtained Book","damage_taken":16,"max_hp_gain":0,"max_hp_loss":0,"event_name":"Cursed Tome","floor":20,"gold_loss":0}],"is_beta":false,"boss_relics":[{"not_picked":["Fusion Hammer","Black Star"],"picked":"Orrery"}],"items_purged_floors":[22],"is_endless":false,"potions_floor_spawned":[1,6,10,13,18],"killed_by":"Book of Stabbing","ascension_level":12}