{"gold_per_floor":[117,136,153,104,104,104,120,152,152,184,184,217,230,249,249,347,347,357,280,127,137,137,166,166,179,179,194,194],"floor_reached":28,"playtime":3586,"items_purged":[],"score":260,"play_id":"2c2f9758-4efa-469d-9cf1-b1d199ea0306","local_time":"20180701152128","is_ascension_mode":false,"campfire_choices":[{"data":"Zap","floor":6,"key":"SMITH"},{"floor":11,"key":"REST"},{"floor":15,"key":"REST"},{"floor":24,"key":"REST"}],"neow_cost":"","seed_source_timestamp":5367903145885923,"circlet_count":0,"master_deck":["Strike_B","Strike_B","Strike_B","Strike_B","Defend_B","Defend_B+1","Defend_B","Defend_B","Zap+1","Dualcast","Go for the Eyes","Cold Snap","Tempest","Redo+1","Defragment","Ball Lightning","Gash","FTL","Genetic Algorithm+1","Doom and Gloom","Seek+1","BootSequence+1","J.A.X.+1","Genetic Algorithm+1","Self Repair","Gash+1","Fission+1","Chaos+1","Genetic Algorithm+1","Redo+1"],"relics":["Cracked Core","War Paint","Ancient Tea Set","Toxic Egg 2","Bottled Flame","Fusion Hammer","Gremlin Horn","Ornamental Fan"],"potions_floor_usage":[],"damage_taken":[{"damage":1,"enemies":"2 Louse","floor":1,"turns":3},{"damage":5,"enemies":"Small Slimes","floor":2,"turns":5},{"damage":0,"enemies":"Jaw Worm","floor":3,"turns":3},{"damage":9,"enemies":"Blue Slaver","floor":7,"turns":3},{"damage":11,"enemies":"3 Sentries","floor":8,"turns":9},{"damage":15,"enemies":"Lagavulin","floor":10,"turns":5},{"damage":13,"enemies":"Gremlin Nob","floor":12,"turns":4},{"damage":0,"enemies":"2 Fungi Beasts","floor":13,"turns":2},{"damage":0,"enemies":"Large Slime","floor":14,"turns":4},{"damage":27,"enemies":"Slime Boss","floor":16,"turns":10},{"damage":8,"enemies":"Shell Parasite","floor":18,"turns":5},{"damage":18,"enemies":"3 Byrds","floor":21,"turns":6},{"damage":53,"enemies":"Gremlin Leader","floor":23,"turns":8},{"damage":31,"enemies":"Snecko","floor":25,"turns":7},{"damage":0,"enemies":"Centurion and Healer","floor":27,"turns":4},{"damage":27,"enemies":"Slaver and Parasite","floor":28,"turns":5}],"seed_played":"7367660725176128328","potions_obtained":[{"floor":2,"key":"PowerPotion"},{"floor":7,"key":"Explosive Potion"},{"floor":12,"key":"LiquidBronze"}],"is_trial":false,"path_per_floor":["M","M","M","$","?","R","M","E","T","E","R","E","M","M","R","B",null,"M","?","$","M","?","E","R","M","T","M"],"character_chosen":"DEFECT","items_purchased":["Redo","Genetic Algorithm+1","Self Repair"],"campfire_rested":3,"item_purchase_floors":[4,20,20],"current_hp_per_floor":[74,69,69,69,74,74,65,54,54,39,63,50,50,50,74,47,80,72,72,72,61,61,15,39,15,15,22,0],"gold":194,"neow_bonus":"","is_prod":false,"is_daily":false,"chose_seed":false,"campfire_upgraded":1,"win_rate":0.0,"timestamp":1530472888,"path_taken":["M","M","M","$","?","R","M","E","T","E","R","E","M","M","R","BOSS","M","?","$","M","?","E","R","M","T","M","M"],"build_version":"2018-06-28","purchased_purges":0,"victory":false,"max_hp_per_floor":[75,75,75,75,80,80,80,80,80,80,80,80,80,80,80,80,80,80,80,80,80,80,80,80,80,80,80,80],"card_choices":[{"not_picked":["Compile Driver","Gash"],"picked":"Go for the Eyes","floor":1},{"not_picked":["Self Repair","Hello World"],"picked":"Cold Snap","floor":2},{"not_picked":["Sweeping Beam","Streamline"],"picked":"Tempest","floor":3},{"not_picked":["Ball Lightning","Skim"],"picked":"Defragment","floor":7},{"not_picked":["Go for the Eyes","Coolheaded"],"picked":"Ball Lightning","floor":8},{"not_picked":["Sweeping Beam","Aggregate"],"picked":"Gash","floor":10},{"not_picked":["Leap+1","Thunder Strike"],"picked":"FTL","floor":12},{"not_picked":["Scrape","Doom and Gloom"],"picked":"Genetic Algorithm+1","floor":13},{"not_picked":["Gash","Leap+1"],"picked":"Doom and Gloom","floor":14},{"not_picked":["Reboot+1","Buffer"],"picked":"Seek+1","floor":16},{"not_picked":["Stack+1","Force Field+1"],"picked":"BootSequence+1","floor":18},{"not_picked":["Leap+1","Sweeping Beam"],"picked":"Gash+1","floor":21},{"not_picked":["Tempest+1","Stack+1"],"picked":"Chaos+1","floor":23},{"not_picked":["Go for the Eyes","Hello World"],"picked":"Genetic Algorithm+1","floor":25},{"not_picked":["Seek+1","Heatsinks+1"],"picked":"Redo+1","floor":27}],"player_experience":12149,"relics_obtained":[{"floor":8,"key":"War Paint"},{"floor":9,"key":"Ancient Tea Set"},{"floor":10,"key":"Toxic Egg 2"},{"floor":12,"key":"Bottled Flame"},{"floor":23,"key":"Gremlin Horn"},{"floor":26,"key":"Ornamental Fan"}],"event_choices":[{"event_name":"Big Fish","player_choice":"Donut","floor":5,"damage_taken":0},{"event_name":"Drug Dealer","player_choice":"Got JAXXED","floor":19,"damage_taken":0},{"event_name":"The Library","player_choice":"Read","floor":22,"damage_taken":0}],"boss_relics":[{"not_picked":["Coffee Dripper","Lizard Tail"],"picked":"Fusion Hammer"}],"items_purged_floors":[],"is_endless":false,"potions_floor_spawned":[2,7,12,13,14,18,21],"killed_by":"Slaver and Parasite","ascension_level":0}