{"gold_per_floor":[114,126,138,155,170,170,195,207,219,231,303,341,353,365,377,508,520,552,33,33,58,77,77,108,108,157,157,17,61,61,79,79,204,204,218,242,47,72,0,0,16,16,16,16,60,116,116,116,116,116],"floor_reached":51,"playtime":2022,"items_purged":["Strike_R","Strike_R"],"score":806,"play_id":"ee6c5721-4614-4b5b-9bd2-f34f8f9be397","local_time":"20181208173208","is_ascension_mode":true,"campfire_choices":[{"data":"Armaments","floor":6.0,"key":"SMITH"},{"data":"Bash","floor":8.0,"key":"SMITH"},{"data":"Combust","floor":10.0,"key":"SMITH"},{"data":"Rage","floor":13.0,"key":"SMITH"},{"floor":15.0,"key":"REST"},{"data":"Rupture","floor":23.0,"key":"SMITH"},{"data":"Barricade","floor":25.0,"key":"SMITH"},{"data":"Inflame","floor":30.0,"key":"SMITH"},{"floor":32.0,"key":"REST"},{"data":"Iron Wave","floor":40,"key":"SMITH"},{"data":"Iron Wave","floor":42,"key":"SMITH"},{"data":"Shrug It Off","floor":44,"key":"SMITH"},{"floor":49,"key":"REST"}],"neow_cost":"NONE","seed_source_timestamp":0,"circlet_count":0,"master_deck":["Strike_R","Strike_R","Strike_R","Defend_R","Defend_R","Defend_R","Bash+1","Purity","Combust+1","Rage+1","Armaments+1","Iron Wave+1","Shrug It Off+1","Iron Wave+1","Twin Strike+1","Blood for Blood+1","Inflame+1","Dropkick+1","Rupture+1","Uppercut+1","Heavy Blade+1","Barricade+1","Whirlwind+1","Berserk+1","Flex+1","Twin Strike+1","Sword Boomerang+1","Ghostly Armor+1","Anger+1","Twin Strike+1"],"special_seed":0,"relics":["Burning Blood","MawBank","Matryoshka","Molten Egg 2","Self Forming Clay","Golden Idol","Velvet Choker","Incense Burner","Vajra","Frozen Egg 2","Lantern","Gremlin Horn","WingedGreaves","Eternal Feather","Pen Nib","Red Mask","Dream Catcher","Shuriken","Pear","Ginger"],"potions_floor_usage":[33,50,50,50],"damage_taken":[{"damage":0.0,"enemies":"2 Louse","floor":1.0,"turns":4.0},{"damage":4.0,"enemies":"Jaw Worm","floor":2.0,"turns":3.0},{"damage":1.0,"enemies":"Small Slimes","floor":3.0,"turns":3.0},{"damage":6.0,"enemies":"Blue Slaver","floor":4.0,"turns":5.0},{"damage":29.0,"enemies":"Exordium Thugs","floor":5.0,"turns":5.0},{"damage":22.0,"enemies":"Gremlin Nob","floor":7.0,"turns":5.0},{"damage":15.0,"enemies":"Gremlin Nob","floor":11.0,"turns":5.0},{"damage":33.0,"enemies":"Lagavulin","floor":12.0,"turns":8.0},{"damage":18.0,"enemies":"Slime Boss","floor":16.0,"turns":5.0},{"damage":8.0,"enemies":"2 Thieves","floor":18.0,"turns":4.0},{"damage":12.0,"enemies":"Chosen","floor":21.0,"turns":5.0},{"damage":4.0,"enemies":"Centurion and Healer","floor":22.0,"turns":4.0},{"damage":23.0,"enemies":"Slavers","floor":24.0,"turns":6.0},{"damage":3.0,"enemies":"Gremlin Leader","floor":29.0,"turns":4.0},{"damage":25.0,"enemies":"Shelled Parasite and Fungi","floor":31.0,"turns":5.0},{"damage":41,"enemies":"Champ","floor":33,"turns":10},{"damage":4,"enemies":"3 Shapes","floor":35,"turns":2},{"damage":0,"enemies":"3 Darklings","floor":36,"turns":4},{"damage":37,"enemies":"Jaw Worm Horde","floor":38,"turns":4},{"damage":12,"enemies":"Spire Growth","floor":41,"turns":4},{"damage":24,"enemies":"Reptomancer","floor":45,"turns":7},{"damage":35,"enemies":"2 Orb Walkers","floor":46,"turns":5},{"damage":75,"enemies":"Awakened One","floor":50,"turns":12}],"seed_played":"-4135678558292999666","potions_obtained":[{"floor":3.0,"key":"FearPotion"},{"floor":4.0,"key":"Regen Potion"},{"floor":5.0,"key":"LiquidBronze"},{"floor":12.0,"key":"Fire Potion"},{"floor":16.0,"key":"Block Potion"},{"floor":21.0,"key":"Block Potion"},{"floor":29.0,"key":"Fire Potion"},{"floor":31.0,"key":"SkillPotion"},{"floor":33,"key":"LiquidBronze"},{"floor":36,"key":"LiquidBronze"}],"is_trial":false,"path_per_floor":["M","M","M","M","M","R","E","R","T","R","?","E","R","?","R","B",null,"M","$","?","M","M","R","E","R","T","?","$","E","R","M","R","B",null,"M","M","$","M","?","R","M","R","T","R","E","?","?","?","R","B",null],"character_chosen":"IRONCLAD","items_purchased":["Dropkick+1","Incense Burner","Rupture","Whirlwind+1","Pen Nib","Sword Boomerang+1"],"campfire_rested":3,"item_purchase_floors":[19,19,19,28,37,37],"current_hp_per_floor":[80,80,80,80,57,57,41,41,41,41,32,20,20,20,42,30,74,72,72,72,66,68,68,51,51,51,51,51,54,54,35,57,22,74,74,74,74,43,43,58,52,67,67,74,66,37,37,37,80,11],"gold":116,"neow_bonus":"RANDOM_COLORLESS","is_prod":false,"is_daily":false,"chose_seed":false,"campfire_upgraded":10,"win_rate":0,"timestamp":1544308328,"path_taken":["M","M","M","M","M","R","E","R","T","R","?","E","R","?","R","BOSS","M","$","?","M","M","R","E","R","T","?","$","E","R","?","R","BOSS","M","M","$","?","?","R","M","R","T","R","E","?","?","?","R","BOSS"],"build_version":"2018-12-06","purchased_purges":2,"victory":true,"max_hp_per_floor":[80,80,80,80,80,80,80,80,80,80,80,80,80,74,74,74,74,74,74,74,74,74,74,74,74,74,74,74,74,74,74,74,74,74,74,74,74,74,74,74,74,74,74,74,84,84,84,84,84,84],"card_choices":[{"not_picked":["Heavy Blade","Havoc"],"picked":"Combust","floor":1.0},{"not_picked":["Wild Strike","Corruption"],"picked":"Rage","floor":2.0},{"not_picked":["Sword Boomerang","Wild Strike"],"picked":"Armaments","floor":3.0},{"not_picked":["Fiend Fire","Headbutt"],"picked":"Iron Wave","floor":4.0},{"not_picked":["Thunderclap","Entrench"],"picked":"Shrug It Off","floor":5.0},{"not_picked":["Perfected Strike","Shrug It Off"],"picked":"Iron Wave","floor":7.0},{"not_picked":["Battle Trance","Wild Strike+1"],"picked":"Twin Strike+1","floor":11.0},{"not_picked":["Heavy Blade+1","Bloodletting"],"picked":"Blood for Blood+1","floor":12.0},{"not_picked":["Cleave+1","Anger+1"],"picked":"Inflame","floor":18.0},{"not_picked":["Battle Trance","Warcry"],"picked":"Heavy Blade+1","floor":21.0},{"not_picked":["Flex","Sword Boomerang+1"],"picked":"Barricade","floor":22.0},{"not_picked":["Combust","Sentinel+1","Bloodletting"],"picked":"SKIP","floor":24.0},{"not_picked":["Anger+1","Power Through"],"picked":"Berserk+1","floor":29.0},{"not_picked":["Carnage+1","Twin Strike+1"],"picked":"Flex+1","floor":31.0},{"not_picked":["Perfected Strike+1","Battle Trance+1","Sentinel"],"picked":"SKIP","floor":35},{"not_picked":["True Grit","Perfected Strike+1"],"picked":"Twin Strike+1","floor":36},{"not_picked":["Anger+1","Fire Breathing+1"],"picked":"Ghostly Armor+1","floor":38},{"not_picked":["Spot Weakness","Perfected Strike+1","Rage"],"picked":"SKIP","floor":41},{"not_picked":["Corruption+1","Uppercut+1"],"picked":"Anger+1","floor":45},{"not_picked":["Dropkick+1","Pommel Strike+1"],"picked":"Twin Strike+1","floor":46}],"player_experience":491462,"relics_obtained":[{"floor":7.0,"key":"MawBank"},{"floor":9.0,"key":"Matryoshka"},{"floor":12.0,"key":"Self Forming Clay"},{"floor":24.0,"key":"Vajra"},{"floor":26.0,"key":"Frozen Egg 2"},{"floor":26.0,"key":"Lantern"},{"floor":29.0,"key":"WingedGreaves"},{"floor":43,"key":"Dream Catcher"},{"floor":43,"key":"Shuriken"},{"floor":45,"key":"Pear"},{"floor":46,"key":"Ginger"}],"event_choices":[{"damage_healed":0.0,"max_hp_gain":0.0,"max_hp_loss":0.0,"gold_gain":0.0,"event_name":"Dead Adventurer","player_choice":"Searched \u00273\u0027 times","floor":11.0,"gold_loss":0.0,"damage_taken":0.0,"relics_obtained":["Molten Egg 2"]},{"damage_healed":0.0,"max_hp_gain":0.0,"max_hp_loss":6.0,"gold_gain":0.0,"event_name":"Golden Idol","player_choice":"Lose Max HP","floor":14.0,"gold_loss":0.0,"damage_taken":0.0,"relics_obtained":["Golden Idol"]},{"damage_healed":0.0,"max_hp_gain":0.0,"max_hp_loss":0.0,"gold_gain":0.0,"event_name":"The Library","player_choice":"Read","floor":20.0,"gold_loss":0.0,"damage_taken":0.0,"cards_obtained":["Uppercut"]},{"damage_healed":0.0,"max_hp_gain":0.0,"max_hp_loss":0.0,"gold_gain":0.0,"event_name":"WeMeetAgain","player_choice":"Gave Potion","floor":27.0,"gold_loss":0.0,"damage_taken":0.0,"relics_obtained":["Gremlin Horn"]},{"damage_healed":0,"gold_gain":0,"player_choice":"Paid","damage_taken":0,"relics_obtained":["Red Mask"],"max_hp_gain":0,"max_hp_loss":0,"event_name":"Tomb of Lord Red Mask","floor":39,"gold_loss":72},{"damage_healed":0,"gold_gain":0,"player_choice":"Fight","damage_taken":0,"max_hp_gain":0,"max_hp_loss":0,"event_name":"Mysterious Sphere","floor":46,"gold_loss":0},{"damage_healed":0,"gold_gain":0,"player_choice":"Ignored","damage_taken":0,"max_hp_gain":0,"max_hp_loss":0,"event_name":"The Moai Head","floor":47,"gold_loss":0},{"cards_removed":["Defend_R"],"damage_healed":0,"gold_gain":0,"player_choice":"Removed Skill","damage_taken":0,"max_hp_gain":0,"max_hp_loss":0,"event_name":"Falling","floor":48,"gold_loss":0}],"is_beta":false,"boss_relics":[{"not_picked":["Busted Crown","Coffee Dripper"],"picked":"Velvet Choker"},{"not_picked":["Mark of Pain","Philosopher\u0027s Stone"],"picked":"Eternal Feather"}],"items_purged_floors":[19,28],"is_endless":false,"potions_floor_spawned":[3,4,5,12,16,21,29,31,33,36,41],"ascension_level":1}