{"gold_per_floor":[111,111,131,131,131,131,158,158,234,266,285,285,320,330,330,405,405,425,459,459,471,103,131,131,158,158,169,169,181,181,200,200,271,271,281,281,301,301,301,336,44,44,117,131,151,151,162,191,191,191],"floor_reached":51,"playtime":1756,"items_purged":["Strike_R"],"score":1563,"play_id":"69e47414-202a-4d13-8490-55fb150bb0f8","local_time":"20190618195857","is_ascension_mode":true,"campfire_choices":[{"data":"Bash","floor":6.0,"key":"SMITH"},{"data":"Spot Weakness","floor":12.0,"key":"SMITH"},{"floor":15.0,"key":"REST"},{"data":"Disarm","floor":24.0,"key":"SMITH"},{"data":"Strike_R","floor":30.0,"key":"PURGE"},{"data":"Strike_R","floor":32.0,"key":"PURGE"},{"floor":42.0,"key":"REST"},{"data":"Strike_R","floor":46,"key":"PURGE"},{"floor":49,"key":"REST"}],"neow_cost":"NONE","seed_source_timestamp":0,"circlet_count":0,"master_deck":["AscendersBane","Defend_R","Defend_R","Defend_R","Defend_R","Bash+1","Shrug It Off","Sword Boomerang","Whirlwind+1","Spot Weakness+1","Reaper+1","Clothesline+1","Fiend Fire+1","Pommel Strike+1","Disarm+1","Spot Weakness+1","Apotheosis","Heavy Blade+1","Feed+1","Rampage+1","Uppercut+1","Double Tap","Searing Blow+1","Clothesline+1","Dramatic Entrance+1","Whirlwind+1","Heavy Blade+1","Clothesline+1","Evolve","Fiend Fire+1"],"special_seed":0,"relics":["Burning Blood","NeowsBlessing","FossilizedHelix","Blood Vial","Ginger","Kunai","Molten Egg 2","Matryoshka","Snecko Eye","Red Mask","PreservedInsect","Peace Pipe","Calipers","Mercury Hourglass","Self Forming Clay","Fusion Hammer","Pen Nib","Strawberry","HandDrill","Pear","Bottled Lightning","Omamori"],"potions_floor_usage":[45,50],"damage_taken":[{"damage":0.0,"enemies":"Small Slimes","floor":1.0,"turns":1.0},{"damage":0.0,"enemies":"Jaw Worm","floor":3.0,"turns":1.0},{"damage":0.0,"enemies":"3 Sentries","floor":7.0,"turns":2.0},{"damage":49.0,"enemies":"Lagavulin","floor":10.0,"turns":10.0},{"damage":0.0,"enemies":"2 Louse","floor":11.0,"turns":1.0},{"damage":10.0,"enemies":"3 Sentries","floor":13.0,"turns":3.0},{"damage":17.0,"enemies":"Exordium Thugs","floor":14.0,"turns":4.0},{"damage":60.0,"enemies":"Slime Boss","floor":16.0,"turns":10.0},{"damage":37.0,"enemies":"2 Thieves","floor":18.0,"turns":5.0},{"damage":6.0,"enemies":"Masked Bandits","floor":19.0,"turns":2.0},{"damage":12.0,"enemies":"Shell Parasite","floor":21.0,"turns":3.0},{"damage":9.0,"enemies":"Book of Stabbing","floor":23.0,"turns":3.0},{"damage":5.0,"enemies":"Slavers","floor":25.0,"turns":2.0},{"damage":6.0,"enemies":"Snake Plant","floor":27.0,"turns":2.0},{"damage":3.0,"enemies":"3 Cultists","floor":29.0,"turns":4.0},{"damage":10.0,"enemies":"Chosen and Byrds","floor":31.0,"turns":3.0},{"damage":61.0,"enemies":"Automaton","floor":33.0,"turns":7.0},{"damage":34.0,"enemies":"3 Darklings","floor":35.0,"turns":5.0},{"damage":7.0,"enemies":"3 Shapes","floor":37.0,"turns":6.0},{"damage":19.0,"enemies":"Giant Head","floor":40.0,"turns":5.0},{"damage":0.0,"enemies":"3 Darklings","floor":44.0,"turns":2.0},{"damage":0,"enemies":"Transient","floor":45,"turns":6},{"damage":0,"enemies":"Spire Growth","floor":47,"turns":3},{"damage":57,"enemies":"Reptomancer","floor":48,"turns":5},{"damage":76,"enemies":"Donu and Deca","floor":50,"turns":6}],"seed_played":"8488659099306582789","potions_obtained":[{"floor":1.0,"key":"SkillPotion"},{"floor":3.0,"key":"Weak Potion"},{"floor":13.0,"key":"SkillPotion"},{"floor":16.0,"key":"Fruit Juice"},{"floor":19.0,"key":"Fire Potion"},{"floor":21.0,"key":"SkillPotion"},{"floor":27.0,"key":"FairyPotion"},{"floor":45,"key":"Explosive Potion"}],"is_trial":false,"path_per_floor":["M","?","M","?","?","R","E","T","T","E","M","R","E","M","R","B",null,"M","?","?","M","$","E","R","E","T","M","?","M","R","M","R","B",null,"M","?","M","?","?","E","$","R","T","M","M","R","M","E","R","B",null],"character_chosen":"IRONCLAD","items_purchased":["PreservedInsect","Apotheosis","HandDrill"],"campfire_rested":3,"item_purchase_floors":[22,22,41],"current_hp_per_floor":[74,74,75,68,57,57,63,63,63,22,30,30,28,29,51,40,70,51,70,70,74,74,78,78,80,80,80,80,84,84,80,80,45,74,48,48,53,53,53,49,49,76,86,101,101,101,101,62,92,57],"gold":191,"neow_bonus":"THREE_ENEMY_KILL","is_prod":false,"is_daily":false,"chose_seed":false,"campfire_upgraded":3,"win_rate":0,"timestamp":1560902337,"path_taken":["M","?","M","?","?","R","E","?","T","E","?","R","E","M","R","BOSS","M","?","?","M","$","E","R","E","T","M","?","?","R","M","R","BOSS","M","?","?","?","?","E","?","R","T","M","M","R","M","E","R","BOSS"],"build_version":"2019-01-23","purchased_purges":1,"victory":true,"max_hp_per_floor":[75,75,75,75,75,75,75,75,75,75,75,75,75,75,75,80,80,80,80,80,80,80,80,80,80,80,80,80,84,84,84,84,84,84,84,84,88,84,84,91,91,91,101,101,101,101,101,101,101,101],"card_choices":[{"not_picked":["Second Wind","Heavy Blade"],"picked":"Shrug It Off","floor":1.0},{"not_picked":["Flex","Combust"],"picked":"Sword Boomerang","floor":3.0},{"not_picked":["Seeing Red","Thunderclap","Corruption"],"picked":"SKIP","floor":7.0},{"not_picked":["Uppercut","Iron Wave"],"picked":"Whirlwind","floor":10.0},{"not_picked":["Sword Boomerang+1","Armaments"],"picked":"Spot Weakness","floor":11.0},{"not_picked":["Body Slam+1","True Grit"],"picked":"Reaper+1","floor":13.0},{"not_picked":["Body Slam+1","Carnage+1"],"picked":"Clothesline+1","floor":14.0},{"not_picked":["Limit Break","Immolate+1"],"picked":"Fiend Fire+1","floor":16.0},{"not_picked":["Carnage+1","Warcry"],"picked":"Pommel Strike+1","floor":18.0},{"not_picked":["Anger+1","Warcry+1"],"picked":"Disarm","floor":19.0},{"not_picked":["Thunderclap+1","Dropkick+1"],"picked":"Perfected Strike+1","floor":21.0},{"not_picked":["Cleave+1","Wild Strike+1"],"picked":"Heavy Blade+1","floor":23.0},{"not_picked":["Anger+1","Flame Barrier"],"picked":"Feed+1","floor":25.0},{"not_picked":["Disarm+1","Searing Blow+1"],"picked":"Rampage+1","floor":27.0},{"not_picked":["Burning Pact","Hemokinesis+1"],"picked":"Uppercut+1","floor":29.0},{"not_picked":["Disarm","Armaments+1","Anger+1"],"picked":"SKIP","floor":31.0},{"not_picked":["Feed+1","Exhume"],"picked":"Double Tap","floor":33.0},{"not_picked":["Spot Weakness","Clash+1"],"picked":"Searing Blow+1","floor":35.0},{"not_picked":["Second Wind","Power Through"],"picked":"Clothesline+1","floor":37.0},{"not_picked":["Secret Technique","Enlightenment"],"picked":"Dramatic Entrance+1","floor":39.0},{"not_picked":["Wild Strike+1","Thunderclap+1"],"picked":"Whirlwind+1","floor":40.0},{"not_picked":["Headbutt+1","Pommel Strike+1"],"picked":"Heavy Blade+1","floor":44.0},{"not_picked":["Ghostly Armor","True Grit"],"picked":"Clothesline+1","floor":45},{"not_picked":["True Grit","Cleave+1"],"picked":"Evolve","floor":47},{"not_picked":["Warcry+1","Thunderclap+1"],"picked":"Fiend Fire+1","floor":48}],"player_experience":759294,"relics_obtained":[{"floor":7.0,"key":"Blood Vial"},{"floor":8.0,"key":"Ginger"},{"floor":9.0,"key":"Kunai"},{"floor":10.0,"key":"Molten Egg 2"},{"floor":13.0,"key":"Matryoshka"},{"floor":19.0,"key":"Red Mask"},{"floor":23.0,"key":"Peace Pipe"},{"floor":25.0,"key":"Calipers"},{"floor":26.0,"key":"Mercury Hourglass"},{"floor":26.0,"key":"Self Forming Clay"},{"floor":40.0,"key":"Strawberry"},{"floor":43.0,"key":"Pear"},{"floor":43.0,"key":"Bottled Lightning"},{"floor":48,"key":"Omamori"}],"event_choices":[{"damage_healed":0.0,"max_hp_gain":0.0,"max_hp_loss":0.0,"gold_gain":0.0,"event_name":"Liars Game","player_choice":"Ignored","floor":2.0,"gold_loss":0.0,"damage_taken":0.0},{"cards_removed":["Strike_R"],"damage_healed":0.0,"max_hp_gain":0.0,"max_hp_loss":0.0,"gold_gain":0.0,"event_name":"Golden Wing","player_choice":"Card Removal","floor":4.0,"gold_loss":0.0,"damage_taken":7.0},{"damage_healed":0.0,"max_hp_gain":0.0,"max_hp_loss":0.0,"gold_gain":0.0,"event_name":"Scrap Ooze","player_choice":"Success","floor":5.0,"gold_loss":0.0,"damage_taken":11.0,"relics_obtained":["FossilizedHelix"]},{"damage_healed":0.0,"max_hp_gain":0.0,"max_hp_loss":0.0,"gold_gain":0.0,"event_name":"Masked Bandits","player_choice":"Fought Bandits","floor":19.0,"gold_loss":0.0,"damage_taken":0.0},{"damage_healed":0.0,"max_hp_gain":0.0,"max_hp_loss":0.0,"gold_gain":0.0,"event_name":"The Library","player_choice":"Read","floor":20.0,"gold_loss":0.0,"damage_taken":0.0,"cards_obtained":["Spot Weakness"]},{"damage_healed":0.0,"max_hp_gain":0.0,"max_hp_loss":0.0,"gold_gain":0.0,"event_name":"Upgrade Shrine","player_choice":"Upgraded","floor":28.0,"gold_loss":0.0,"damage_taken":0.0,"cards_upgraded":["Spot Weakness"]},{"cards_removed":["Perfected Strike"],"damage_healed":0.0,"max_hp_gain":0.0,"max_hp_loss":0.0,"gold_gain":0.0,"event_name":"WeMeetAgain","player_choice":"Gave Card","floor":36.0,"gold_loss":0.0,"damage_taken":0.0,"relics_obtained":["Pen Nib"]},{"damage_healed":0.0,"max_hp_gain":0.0,"max_hp_loss":4.0,"gold_gain":0.0,"event_name":"Winding Halls","player_choice":"Max HP","floor":38.0,"gold_loss":0.0,"damage_taken":0.0},{"damage_healed":0.0,"max_hp_gain":0.0,"max_hp_loss":0.0,"gold_gain":0.0,"event_name":"SensoryStone","player_choice":"Memory 1","floor":39.0,"gold_loss":0.0,"damage_taken":0.0}],"is_beta":false,"boss_relics":[{"not_picked":["Runic Cube","Mark of Pain"],"picked":"Snecko Eye"},{"not_picked":["Sozu","Philosopher\u0027s Stone"],"picked":"Fusion Hammer"}],"items_purged_floors":[41],"is_endless":false,"potions_floor_spawned":[1,3,13,16,19,21,27,29,35,37,45,47],"ascension_level":19}