{"gold_per_floor":[217,217,5,22,22,22,52,68,68,94,94,94,94,108,108,213,213,232,232,11,23,41,41,60,71,71,71,81,81,11,44,44,139,139,149,149,39,56,75,75,87,87,132,132,142,142,155,175,175,175],"floor_reached":50,"playtime":1812,"items_purged":["Decay"],"score":673,"play_id":"cbbfabab-1d1e-4d41-af5c-226c7a60a303","local_time":"20180903194115","is_ascension_mode":true,"campfire_choices":[{"data":"Mayhem","floor":6.0,"key":"SMITH"},{"floor":11.0,"key":"REST"},{"data":"Neutralize","floor":13.0,"key":"SMITH"},{"data":"Sucker Punch","floor":15.0,"key":"SMITH"},{"floor":23.0,"key":"REST"},{"floor":29.0,"key":"REST"},{"floor":32.0,"key":"REST"},{"floor":40.0,"key":"REST"},{"data":"Envenom","floor":42.0,"key":"SMITH"},{"data":"Accuracy","floor":44.0,"key":"SMITH"},{"data":"Blade Dance","floor":46.0,"key":"SMITH"},{"floor":49,"key":"REST"}],"neow_cost":"NONE","seed_source_timestamp":5005510719575525,"circlet_count":0,"master_deck":["Defend_G","Defend_G","Defend_G","Defend_G","Defend_G","Strike_G","Strike_G","Strike_G","Strike_G","Survivor","Neutralize+1","Sucker Punch+1","Mayhem+1","Riddle With Holes","Blade Dance+1","Quick Slash","Corpse Explosion","Well Laid Plans","Caltrops","PiercingWail+1","Blade Dance","Cloak And Dagger+1","Riddle With Holes","Crippling Poison","Infinite Blades","Blade Dance+1","Envenom+1","Panache","Accuracy+1","Sucker Punch","Leg Sweep","Sucker Punch"],"special_seed":0,"relics":["Ring of the Serpent","Anchor","Art of War","Kunai","Bag of Marbles","WristBlade","Vajra","Letter Opener","Snake Skull","Centennial Puzzle"],"potions_floor_usage":[48,50],"damage_taken":[{"damage":3.0,"enemies":"2 Louse","floor":1.0,"turns":4.0},{"damage":2.0,"enemies":"Jaw Worm","floor":4.0,"turns":5.0},{"damage":34.0,"enemies":"Gremlin Nob","floor":7.0,"turns":5.0},{"damage":0.0,"enemies":"Small Slimes","floor":8.0,"turns":4.0},{"damage":0.0,"enemies":"3 Louse","floor":14.0,"turns":5.0},{"damage":10.0,"enemies":"The Guardian","floor":16.0,"turns":15.0},{"damage":11.0,"enemies":"Spheric Guardian","floor":18.0,"turns":6.0},{"damage":9.0,"enemies":"2 Thieves","floor":21.0,"turns":2.0},{"damage":2.0,"enemies":"Centurion and Healer","floor":22.0,"turns":6.0},{"damage":18.0,"enemies":"Cultist and Chosen","floor":24.0,"turns":5.0},{"damage":16.0,"enemies":"3 Cultists","floor":25.0,"turns":3.0},{"damage":0.0,"enemies":"Snecko","floor":28.0,"turns":3.0},{"damage":2.0,"enemies":"Slavers","floor":31.0,"turns":5.0},{"damage":51.0,"enemies":"Automaton","floor":33.0,"turns":10.0},{"damage":10.0,"enemies":"3 Shapes","floor":35.0,"turns":4.0},{"damage":6.0,"enemies":"Orb Walker","floor":38.0,"turns":4.0},{"damage":7.0,"enemies":"Spire Growth","floor":39.0,"turns":4.0},{"damage":0.0,"enemies":"3 Darklings","floor":41.0,"turns":3.0},{"damage":0.0,"enemies":"4 Shapes","floor":45.0,"turns":5.0},{"damage":20.0,"enemies":"Reptomancer","floor":47.0,"turns":6.0},{"damage":24,"enemies":"Transient","floor":48,"turns":5},{"damage":35,"enemies":"Awakened One","floor":50,"turns":2}],"seed_played":"6347258537190001572","potions_obtained":[{"floor":14.0,"key":"Swift Potion"},{"floor":24.0,"key":"PowerPotion"},{"floor":31.0,"key":"Weak Potion"},{"floor":33.0,"key":"Weak Potion"},{"floor":35.0,"key":"Poison Potion"},{"floor":38.0,"key":"LiquidBronze"},{"floor":47.0,"key":"Strength Potion"}],"is_trial":false,"path_per_floor":["M","?","$","M","?","R","E","M","T","T","R","?","R","M","R","B",null,"M","?","$","M","M","R","M","M","T","?","M","R","$","E","R","B",null,"M","?","$","M","M","R","M","R","T","R","M","R","M","M","R"],"character_chosen":"THE_SILENT","items_purchased":["Mayhem","Vajra","Caltrops","Infinite Blades","Accuracy"],"campfire_rested":6,"item_purchase_floors":[3,20,20,30,37],"current_hp_per_floor":[60,53,53,51,48,48,14,14,14,14,35,35,35,35,35,25,59,48,48,48,39,37,58,40,24,24,24,24,45,45,43,64,13,56,46,46,46,40,33,54,54,54,54,54,54,54,34,10,31,0],"gold":175,"neow_bonus":"HUNDRED_GOLD","is_prod":false,"is_daily":false,"chose_seed":false,"campfire_upgraded":6,"win_rate":0,"timestamp":1536018075,"path_taken":["M","?","$","M","?","R","E","M","T","?","R","?","R","M","R","BOSS","M","?","$","M","M","R","M","M","T","?","M","R","$","E","R","BOSS","M","?","$","M","M","R","M","R","T","R","?","R","M","M","R","BOSS"],"build_version":"2018-08-30","purchased_purges":1,"victory":false,"max_hp_per_floor":[70,70,70,70,70,70,70,70,70,70,70,70,70,70,70,70,70,70,70,70,70,70,70,70,70,70,70,70,70,70,70,70,70,70,70,70,70,70,70,70,70,70,70,70,70,70,70,70,70,70],"card_choices":[{"not_picked":["Bane","Dagger Throw"],"picked":"Sucker Punch","floor":1.0},{"not_picked":["Flechettes","Finisher"],"picked":"Riddle With Holes","floor":4.0},{"not_picked":["Venomology","Escape Plan"],"picked":"Blade Dance","floor":7.0},{"not_picked":["Outmaneuver","Expertise","Slice"],"picked":"SKIP","floor":8.0},{"not_picked":["Reflex","Deflect"],"picked":"Quick Slash","floor":14.0},{"not_picked":["Venomology","Envenom"],"picked":"Corpse Explosion","floor":16.0},{"not_picked":["Poisoned Stab","All Out Attack+1"],"picked":"Well Laid Plans","floor":18.0},{"not_picked":["Deadly Poison","Escape Plan"],"picked":"PiercingWail+1","floor":21.0},{"not_picked":["Poisoned Stab+1","Slice"],"picked":"Blade Dance","floor":22.0},{"not_picked":["PiercingWail","Eviscerate"],"picked":"Cloak And Dagger+1","floor":24.0},{"not_picked":["Acrobatics","Wraith Form v2"],"picked":"Riddle With Holes","floor":25.0},{"not_picked":["Quick Slash","Sucker Punch"],"picked":"Crippling Poison","floor":28.0},{"not_picked":["Bane","Heel Hook"],"picked":"Blade Dance+1","floor":31.0},{"not_picked":["Grand Finale","Die Die Die"],"picked":"Envenom","floor":33.0},{"not_picked":["Underhanded Strike+1","Flying Knee","Quick Slash"],"picked":"SKIP","floor":35.0},{"not_picked":["Dramatic Entrance","Metamorphosis"],"picked":"Panache","floor":36.0},{"not_picked":["Bane","Deflect+1"],"picked":"Sucker Punch","floor":38.0},{"not_picked":["Calculated Gamble","Dagger Throw+1","Flying Knee+1"],"picked":"SKIP","floor":39.0},{"not_picked":["Corpse Explosion","Footwork+1"],"picked":"Leg Sweep","floor":41.0},{"not_picked":["Crippling Poison+1","Dagger Throw+1"],"picked":"Sucker Punch","floor":45.0},{"not_picked":["Crippling Poison","Sucker Punch","PiercingWail"],"picked":"SKIP","floor":47.0},{"not_picked":["Deflect+1","Escape Plan+1","Outmaneuver+1"],"picked":"SKIP","floor":48}],"player_experience":312443,"relics_obtained":[{"floor":7.0,"key":"Art of War"},{"floor":9.0,"key":"Kunai"},{"floor":10.0,"key":"Bag of Marbles"},{"floor":26.0,"key":"Letter Opener"},{"floor":31.0,"key":"Snake Skull"},{"floor":43.0,"key":"Centennial Puzzle"}],"event_choices":[{"event_name":"Golden Wing","player_choice":"Card Removal","floor":2.0,"damage_taken":0.0},{"event_name":"Scrap Ooze","player_choice":"success","floor":5.0,"damage_taken":3.0},{"event_name":"Golden Idol","player_choice":"Ignored","floor":12.0,"damage_taken":0.0},{"event_name":"Ghosts","player_choice":"Ignored","floor":19.0,"damage_taken":0.0},{"event_name":"Forgotten Altar","player_choice":"Smashed Altar","floor":27.0,"damage_taken":0.0},{"event_name":"SensoryStone","player_choice":"Memory 1","floor":36.0,"damage_taken":0.0}],"is_beta":false,"boss_relics":[{"not_picked":["Black Star","Cursed Key"],"picked":"WristBlade"},{"not_picked":["Snecko Eye","Orrery"],"picked":"Ring of the Serpent"}],"items_purged_floors":[37],"is_endless":false,"potions_floor_spawned":[14,24,31,33,35,38,47],"killed_by":"Awakened One","ascension_level":9}