{"gold_per_floor":[115,115,133,133,149,149,181,181],"floor_reached":8,"playtime":115,"items_purged":[],"score":112,"play_id":"421472a6-8364-463b-83fe-2b5b4e094c45","local_time":"20190314001322","is_ascension_mode":true,"campfire_choices":[{"data":"Zap","floor":6,"key":"SMITH"}],"neow_cost":"NONE","seed_source_timestamp":220901519032800,"circlet_count":0,"master_deck":["AscendersBane","Strike_B","Strike_B","Strike_B","Strike_B","Defend_B","Defend_B","Defend_B","Defend_B","Zap+1","Dualcast","Compile Driver","Double Energy","Regret","Ball Lightning","Streamline"],"special_seed":0,"relics":["Cracked Core","NeowsBlessing","Centennial Puzzle","Bottled Flame"],"potions_floor_usage":[7],"damage_taken":[{"damage":0.0,"enemies":"Jaw Worm","floor":1.0,"turns":1.0},{"damage":0,"enemies":"Small Slimes","floor":3,"turns":1},{"damage":0,"enemies":"2 Louse","floor":5,"turns":1},{"damage":44,"enemies":"Gremlin Nob","floor":7,"turns":4},{"damage":3,"enemies":"Large Slime","floor":8,"turns":2}],"seed_played":"2140408049819246212","potions_obtained":[{"floor":5,"key":"Poison Potion"}],"is_trial":false,"path_per_floor":["M","?","M","?","M","R","E","M"],"character_chosen":"DEFECT","items_purchased":[],"campfire_rested":0,"item_purchase_floors":[],"current_hp_per_floor":[64,64,64,64,64,64,20,17],"gold":181,"neow_bonus":"THREE_ENEMY_KILL","is_prod":false,"is_daily":false,"chose_seed":false,"campfire_upgraded":1,"win_rate":0,"timestamp":1552522402,"path_taken":["M","?","M","?","M","R","E","?"],"build_version":"2019-01-23","purchased_purges":0,"victory":false,"max_hp_per_floor":[71,71,71,71,71,71,71,71],"card_choices":[{"not_picked":["Conserve Battery","Turbo"],"picked":"Compile Driver","floor":1.0},{"not_picked":["Hello World","Turbo"],"picked":"Double Energy","floor":3},{"not_picked":["Loop","Sweeping Beam"],"picked":"Ball Lightning","floor":5},{"not_picked":["Aggregate","Coolheaded"],"picked":"Streamline","floor":7}],"player_experience":1281438,"relics_obtained":[{"floor":7,"key":"Bottled Flame"}],"event_choices":[{"damage_healed":0,"gold_gain":0,"player_choice":"Fled","damage_taken":0,"max_hp_gain":0,"max_hp_loss":0,"event_name":"Scrap Ooze","floor":2,"gold_loss":0},{"damage_healed":0,"gold_gain":0,"player_choice":"Box","damage_taken":0,"relics_obtained":["Centennial Puzzle"],"max_hp_gain":0,"max_hp_loss":0,"event_name":"Big Fish","floor":4,"gold_loss":0,"cards_obtained":["Regret"]}],"is_beta":false,"boss_relics":[],"items_purged_floors":[],"is_endless":false,"potions_floor_spawned":[5],"killed_by":"Large Slime","ascension_level":20}