{"path_per_floor":["M","M","?","?","M","E","R","$","T","$","E","M","R","M","R","B",null,"M","?","M","$"],"character_chosen":"THE_SILENT","items_purchased":["Noxious Fumes","Corpse Explosion","Lantern","Glass Knife"],"gold_per_floor":[114,126,126,126,136,170,170,11,65,65,93,113,113,131,131,227,227,241,241,259,37],"floor_reached":22,"campfire_rested":2,"playtime":2034,"current_hp_per_floor":[68,68,68,68,68,59,70,70,70,70,56,56,56,42,70,47,70,52,43,37,37],"items_purged":[],"gold":37,"play_id":"f7814e5e-6acc-4c2b-8c4a-1c194dc342da","is_prod":false,"is_daily":false,"is_ascension_mode":false,"campfire_upgraded":1,"path_taken":["M","M","?","?","M","E","R","?","T","$","E","?","R","?","R","BOSS","M","?","M","$","M"],"build_version":"2018-01-25-PROD3","purchased_purges":0,"victory":false,"master_deck":["Defend_G","Defend_G","Defend_G","Defend_G","Defend_G","Strike_G","Strike_G","Strike_G","Strike_G","Strike_G","Survivor","Neutralize","Crippling Poison","Deadly Poison","Dash+1","Backflip","Noxious Fumes","Corpse Explosion","Catalyst","Outmaneuver","PiercingWail","Envenom","PiercingWail","Backflip","Glass Knife"],"max_hp_per_floor":[70,70,70,70,70,70,70,70,70,70,70,70,70,70,70,70,70,70,75,75,75],"relics":["Ring of the Snake","Bag of Marbles","Happy Flower","Oddly Smooth Stone","Regal Pillow","The Specimen","Lantern"],"card_choices":[{"not_picked":["Slice","PiercingWail"],"picked":"Crippling Poison"},{"not_picked":["Corpse Explosion","Deflect"],"picked":"Deadly Poison"},{"not_picked":["Crippling Poison","PiercingWail"],"picked":"Dash"},{"not_picked":["Flechettes","Deflect"],"picked":"Backflip"},{"not_picked":["Dodge and Roll","Sucker Punch"],"picked":"Catalyst"},{"not_picked":["Slice","Quick Slash"],"picked":"Outmaneuver"},{"not_picked":["Quick Slash","Dagger Spray"],"picked":"PiercingWail"},{"not_picked":["Venomology","Bullet Time"],"picked":"Envenom"},{"not_picked":["Prepared","Dodge and Roll"],"picked":"PiercingWail"},{"not_picked":["All Out Attack","Dash"],"picked":"Backflip"}],"player_experience":15451,"potions_floor_usage":[6,16,22,22],"damage_taken":[{"damage":2,"enemies":"Blue Slaver","floor":1,"turns":6},{"damage":0,"enemies":"2 Louse","floor":2,"turns":3},{"damage":0,"enemies":"Jaw Worm","floor":5,"turns":5},{"damage":23,"enemies":"Lagavulin","floor":6,"turns":11},{"damage":14,"enemies":"Gremlin Nob","floor":11,"turns":5},{"damage":0,"enemies":"Exordium Wildlife","floor":12,"turns":6},{"damage":14,"enemies":"2 Fungi Beasts","floor":14,"turns":4},{"damage":23,"enemies":"Hexaghost","floor":16,"turns":13},{"damage":18,"enemies":"3 Byrds","floor":18,"turns":9},{"damage":6,"enemies":"Shell Parasite","floor":20,"turns":9},{"damage":37,"enemies":"Chosen and Byrds","floor":22,"turns":6}],"event_choices":[{"event_name":"Shining Light","player_choice":"Ignored","floor":3,"damage_taken":0},{"event_name":"Golden Wing","player_choice":"Ignored","floor":4,"damage_taken":0},{"event_name":"Forgotten Altar","player_choice":"Shed Blood","floor":19,"damage_taken":0}],"boss_relics":[{"not_picked":["Philosopher\u0027s Stone","Cursed Key"],"picked":"The Specimen"}],"potions_floor_spawned":[2,11,16,18],"seed_played":"5440211084991884110","killed_by":"Chosen and Byrds","ascension_level":0,"is_trial":false}