{"gold_per_floor":[110,121,136,136,147,172,172,23,72,84,112,112,142,157,157,257,257,276,199,184,201,201,201,233,233,256,15,25,124,124],"floor_reached":30,"playtime":1712,"items_purged":[],"score":270,"play_id":"db38d93e-dfea-49aa-b9cb-3d0f360bbcf9","local_time":"20180703202403","is_ascension_mode":false,"campfire_choices":[{"floor":7,"key":"REST"},{"floor":15,"key":"REST"},{"floor":23,"key":"REST"},{"floor":25,"key":"REST"}],"neow_cost":"NONE","seed_source_timestamp":5560739989129081,"circlet_count":0,"master_deck":["Strike_B","Strike_B","Strike_B","Strike_B","Defend_B","Defend_B","Defend_B","Defend_B","Zap+1","Dualcast","Conserve Battery","Stack","Leap","Sweeping Beam","Defragment","Sweeping Beam","Hologram","Creative AI","Glacier","J.A.X.","Streamline+1","Pain","Conserve Battery","Conserve Battery+1"],"relics":["Cracked Core","Cables","Bag of Marbles","Anchor","Orichalcum","Oddly Smooth Stone","Inserter","DataDisk","Boot","Toxic Egg 2"],"potions_floor_usage":[],"damage_taken":[{"damage":6,"enemies":"Jaw Worm","floor":1,"turns":3},{"damage":0,"enemies":"Cultist","floor":2,"turns":3},{"damage":5,"enemies":"Small Slimes","floor":3,"turns":3},{"damage":2,"enemies":"2 Fungi Beasts","floor":5,"turns":4},{"damage":60,"enemies":"Gremlin Nob","floor":6,"turns":6},{"damage":10,"enemies":"Looter","floor":10,"turns":3},{"damage":8,"enemies":"Lagavulin","floor":11,"turns":7},{"damage":6,"enemies":"3 Sentries","floor":13,"turns":5},{"damage":0,"enemies":"Blue Slaver","floor":14,"turns":2},{"damage":31,"enemies":"The Guardian","floor":16,"turns":12},{"damage":18,"enemies":"3 Byrds","floor":18,"turns":5},{"damage":13,"enemies":"2 Thieves","floor":20,"turns":4},{"damage":5,"enemies":"Snecko","floor":21,"turns":6},{"damage":62,"enemies":"Slavers","floor":24,"turns":10},{"damage":1,"enemies":"Snake Plant","floor":28,"turns":5},{"damage":31,"enemies":"Gremlin Leader","floor":30,"turns":12}],"seed_played":"-6219409519821363143","potions_obtained":[{"floor":2,"key":"FocusPotion"},{"floor":6,"key":"LiquidBronze"},{"floor":10,"key":"Dexterity Potion"}],"is_trial":false,"path_per_floor":["M","M","M","?","M","E","R","$","T","M","E","?","E","M","R","B",null,"M","?","M","M","?","R","E","R","T","$","M","?"],"character_chosen":"DEFECT","items_purchased":["Bag of Marbles","Toxic Egg 2"],"campfire_rested":4,"item_purchase_floors":[8,27],"current_hp_per_floor":[76,76,71,71,69,9,33,33,33,23,15,42,36,36,60,29,82,64,64,51,46,46,70,8,32,32,32,31,31,0],"gold":124,"neow_bonus":"TEN_PERCENT_HP_BONUS","is_prod":false,"is_daily":false,"chose_seed":false,"campfire_upgraded":0,"win_rate":0,"timestamp":1530663843,"path_taken":["M","M","M","?","M","E","R","$","T","M","E","?","E","?","R","BOSS","M","?","M","M","?","R","E","R","T","?","M","?","E"],"build_version":"2018-06-28","purchased_purges":0,"victory":false,"max_hp_per_floor":[82,82,82,82,82,82,82,82,82,82,82,82,82,82,82,82,82,82,82,82,82,82,82,82,82,82,82,82,82,82],"card_choices":[{"not_picked":["Beam Cell","Rebound"],"picked":"Conserve Battery","floor":1},{"not_picked":["Steam","Rebound"],"picked":"Stack","floor":2},{"not_picked":["Rebound","Darkness","Beam Cell"],"picked":"SKIP","floor":3},{"not_picked":["Redo","Loop"],"picked":"Leap","floor":5},{"not_picked":["Recycle","Beam Cell"],"picked":"Sweeping Beam","floor":6},{"not_picked":["Turbo","Auto Shields"],"picked":"Defragment","floor":10},{"not_picked":["Core Surge","Steam"],"picked":"Sweeping Beam","floor":11},{"not_picked":["Reprogram","Turbo","Scrape"],"picked":"SKIP","floor":13},{"not_picked":["Auto Shields","Coolheaded"],"picked":"Hologram","floor":14},{"not_picked":["Amplify","Rainbow"],"picked":"Creative AI","floor":16},{"not_picked":["Rip and Tear+1","Reprogram+1"],"picked":"Glacier","floor":18},{"not_picked":["Rebound","Hello World","Coolheaded"],"picked":"SKIP","floor":20},{"not_picked":["Coolheaded+1","Gash"],"picked":"Streamline+1","floor":21},{"not_picked":["Aggregate","Go for the Eyes"],"picked":"Conserve Battery","floor":24},{"not_picked":["Static Discharge+1","Steam+1"],"picked":"Conserve Battery+1","floor":28}],"player_experience":56954,"relics_obtained":[{"floor":6,"key":"Cables"},{"floor":9,"key":"Anchor"},{"floor":11,"key":"Orichalcum"},{"floor":13,"key":"Oddly Smooth Stone"},{"floor":24,"key":"DataDisk"},{"floor":26,"key":"Boot"}],"event_choices":[{"event_name":"Accursed Blacksmith","player_choice":"Forge","floor":4,"damage_taken":0},{"event_name":"Big Fish","player_choice":"Banana","floor":12,"damage_taken":0},{"event_name":"Drug Dealer","player_choice":"Got JAXXED","floor":19,"damage_taken":0},{"event_name":"Transmorgrifier","player_choice":"Transform","floor":22,"damage_taken":0},{"event_name":"Nest","player_choice":"Stole From Cult","floor":29,"damage_taken":0}],"boss_relics":[{"not_picked":["Busted Crown","Coffee Dripper"],"picked":"Inserter"}],"items_purged_floors":[],"is_endless":false,"potions_floor_spawned":[2,6,10,13,14,20],"killed_by":"Gremlin Leader","ascension_level":0}