{"gold_per_floor":[117,117,117,23,36,36,67,67,67,82,109,109,144,169,169,265,265,290,303,73,73,73,73,273,308,308,331,331,179,223,246,246,336,336,350,350,370,388,404,404,447,472,472,597,336,336,356,356,356,356,356],"floor_reached":51,"playtime":1851,"items_purged":["Bloodletting","Doubt"],"score":1421,"play_id":"3b4e2282-7c44-4542-9507-c4c7a86d0fc2","local_time":"20190704170839","is_ascension_mode":true,"campfire_choices":[{"data":"Whirlwind","floor":6.0,"key":"SMITH"},{"data":"Uppercut","floor":12.0,"key":"SMITH"},{"data":"Spot Weakness","floor":15.0,"key":"SMITH"},{"floor":23.0,"key":"REST"},{"floor":28.0,"key":"REST"},{"floor":32.0,"key":"REST"},{"floor":40.0,"key":"REST"},{"data":"Juggernaut","floor":46.0,"key":"SMITH"},{"floor":49.0,"key":"RECALL"}],"neow_cost":"NONE","seed_source_timestamp":0,"circlet_count":0,"master_deck":["AscendersBane","Bash","Cleave","Whirlwind+1","Uppercut+1","Spot Weakness+1","Feel No Pain","Fiend Fire","Twin Strike","Power Through","True Grit","Clothesline","Inflame","Carnage","Ghostly Armor","Disarm","True Grit+1","Combust+1","Necronomicurse","Metallicize","Metallicize","Corruption","Juggernaut+1","Shrug It Off","Reaper","Metallicize+1","Shrug It Off","Shrug It Off","Heavy Blade+1","Headbutt"],"special_seed":0,"relics":["Burning Blood","NeowsBlessing","Golden Idol","Question Card","Mummified Hand","Ancient Tea Set","Art of War","Pandora\u0027s Box","OrangePellets","Necronomicon","Bronze Scales","Ice Cream","Lantern","Cursed Key","Anchor","Mango","Bag of Preparation"],"potions_floor_usage":[51,51],"damage_taken":[{"damage":0.0,"enemies":"Jaw Worm","floor":1.0,"turns":1.0},{"damage":0.0,"enemies":"2 Louse","floor":5.0,"turns":1.0},{"damage":0.0,"enemies":"Gremlin Nob","floor":7.0,"turns":1.0},{"damage":7.0,"enemies":"Small Slimes","floor":10.0,"turns":2.0},{"damage":23.0,"enemies":"Lagavulin","floor":13.0,"turns":4.0},{"damage":1.0,"enemies":"2 Fungi Beasts","floor":14.0,"turns":2.0},{"damage":38.0,"enemies":"The Guardian","floor":16.0,"turns":11.0},{"damage":24.0,"enemies":"3 Byrds","floor":18.0,"turns":4.0},{"damage":12.0,"enemies":"Chosen","floor":19.0,"turns":7.0},{"damage":27.0,"enemies":"Gremlin Leader","floor":25.0,"turns":3.0},{"damage":31.0,"enemies":"Shelled Parasite and Fungi","floor":27.0,"turns":2.0},{"damage":12.0,"enemies":"Book of Stabbing","floor":30.0,"turns":4.0},{"damage":6.0,"enemies":"3 Cultists","floor":31.0,"turns":4.0},{"damage":12.0,"enemies":"Collector","floor":33.0,"turns":5.0},{"damage":31.0,"enemies":"3 Darklings","floor":35.0,"turns":4.0},{"damage":6.0,"enemies":"Orb Walker","floor":37.0,"turns":2.0},{"damage":21.0,"enemies":"3 Darklings","floor":38.0,"turns":3.0},{"damage":41.0,"enemies":"4 Shapes","floor":39.0,"turns":7.0},{"damage":7.0,"enemies":"Giant Head","floor":41.0,"turns":7.0},{"damage":9.0,"enemies":"Writhing Mass","floor":42.0,"turns":7.0},{"damage":38.0,"enemies":"Mind Bloom Boss Battle","floor":44.0,"turns":7.0},{"damage":0.0,"enemies":"Jaw Worm Horde","floor":47.0,"turns":3.0},{"damage":49.0,"enemies":"Donu and Deca","floor":50.0,"turns":6.0},{"damage":75,"enemies":"Awakened One","floor":51,"turns":6}],"seed_played":"4649706330086653968","potions_obtained":[{"floor":1.0,"key":"EssenceOfSteel"},{"floor":13.0,"key":"SpeedPotion"},{"floor":16.0,"key":"BloodPotion"},{"floor":19.0,"key":"Regen Potion"},{"floor":27.0,"key":"Swift Potion"},{"floor":38.0,"key":"Explosive Potion"}],"is_trial":false,"path_per_floor":["M","?","?","$","M","R","E","$","T","M","T","R","E","M","R","B",null,"M","M","$","?","?","R","?","E","T","M","R","$","E","M","R","B",null,"M","?","M","M","M","R","E","M","T","?","$","R","M","?","R","B","B"],"character_chosen":"IRONCLAD","items_purchased":["Block Potion","Whirlwind","OrangePellets","Corruption","Bag of Preparation"],"campfire_rested":4,"item_purchase_floors":[4,4,20,29,45],"current_hp_per_floor":[74,74,48,48,54,54,60,60,60,59,59,59,42,47,47,15,60,60,54,54,33,33,55,55,39,39,14,36,36,30,30,52,46,68,75,64,64,49,44,66,73,75,75,69,69,69,75,75,75,56,0],"gold":356,"neow_bonus":"THREE_ENEMY_KILL","is_prod":false,"is_daily":false,"chose_seed":false,"campfire_upgraded":4,"win_rate":0,"timestamp":1562274519,"path_taken":["M","?","?","$","M","R","E","$","T","M","?","R","E","M","R","BOSS","M","M","$","?","?","R","?","E","T","?","R","?","E","M","R","BOSS","M","?","M","M","M","R","E","?","T","?","$","R","M","?","R","BOSS","BOSS"],"build_version":"2019-07-01","purchased_purges":2,"victory":false,"max_hp_per_floor":[75,75,75,75,75,75,75,75,75,75,75,75,75,75,75,75,75,75,75,75,75,75,75,75,75,75,75,75,75,75,75,75,75,75,75,75,75,75,75,75,75,75,75,89,89,89,89,89,89,89,89],"card_choices":[{"not_picked":["Fire Breathing","Pummel"],"picked":"Cleave","floor":1.0},{"not_picked":["Blood for Blood","Reckless Charge","Ghostly Armor"],"picked":"SKIP","floor":5.0},{"not_picked":["Rampage","Carnage"],"picked":"Uppercut","floor":7.0},{"not_picked":["Cleave","Pommel Strike","Sword Boomerang","Second Wind"],"picked":"SKIP","floor":10.0},{"not_picked":["Feed","Shrug It Off","Offering"],"picked":"Spot Weakness","floor":13.0},{"not_picked":["Cleave","Headbutt","Warcry"],"picked":"Feel No Pain","floor":14.0},{"not_picked":["Bludgeon","Brutality","Feed"],"picked":"Fiend Fire","floor":16.0},{"not_picked":["Dropkick","Entrench","Body Slam+1"],"picked":"True Grit+1","floor":18.0},{"not_picked":["Shockwave","Fire Breathing","Bloodletting"],"picked":"Combust+1","floor":19.0},{"not_picked":["Heavy Blade","Sword Boomerang","True Grit"],"picked":"Metallicize","floor":25.0},{"not_picked":["Hemokinesis","Body Slam","Sentinel"],"picked":"Metallicize","floor":27.0},{"not_picked":["Armaments","Cleave","Clash"],"picked":"Juggernaut","floor":30.0},{"not_picked":["Perfected Strike","Sword Boomerang","Corruption"],"picked":"Shrug It Off","floor":31.0},{"not_picked":["Feed","Juggernaut","Bludgeon"],"picked":"Reaper","floor":33.0},{"not_picked":["Sword Boomerang","Seeing Red","Clothesline+1"],"picked":"Metallicize+1","floor":35.0},{"not_picked":["Twin Strike","Rampage","Demon Form"],"picked":"Shrug It Off","floor":37.0},{"not_picked":["Rampage+1","Anger","Clash","Cleave+1"],"picked":"SKIP","floor":38.0},{"not_picked":["Thunderclap+1","Warcry","Anger"],"picked":"Shrug It Off","floor":39.0},{"not_picked":["Dropkick","Perfected Strike","Blood for Blood","Inflame+1"],"picked":"SKIP","floor":41.0},{"not_picked":["Sentinel","Clothesline","True Grit"],"picked":"Heavy Blade+1","floor":42.0},{"not_picked":["Perfected Strike","Pommel Strike+1","Demon Form"],"picked":"Headbutt","floor":44.0},{"not_picked":["Headbutt","Clothesline+1","Cleave","Thunderclap"],"picked":"SKIP","floor":47.0}],"player_experience":859039,"relics_obtained":[{"floor":7.0,"key":"Question Card"},{"floor":9.0,"key":"Mummified Hand"},{"floor":11.0,"key":"Ancient Tea Set"},{"floor":13.0,"key":"Art of War"},{"floor":21.0,"key":"Necronomicon"},{"floor":25.0,"key":"Bronze Scales"},{"floor":26.0,"key":"Ice Cream"},{"floor":30.0,"key":"Lantern"},{"floor":41.0,"key":"Anchor"},{"floor":44.0,"key":"Mango"}],"event_choices":[{"damage_healed":0.0,"max_hp_gain":0.0,"max_hp_loss":0.0,"gold_gain":0.0,"event_name":"Liars Game","player_choice":"Ignored","floor":2.0,"gold_loss":0.0,"damage_taken":0.0},{"damage_healed":0.0,"max_hp_gain":0.0,"max_hp_loss":0.0,"gold_gain":0.0,"event_name":"Golden Idol","player_choice":"Take Damage","floor":3.0,"gold_loss":0.0,"damage_taken":26.0,"relics_obtained":["Golden Idol"]},{"damage_healed":0.0,"max_hp_gain":0.0,"max_hp_loss":0.0,"gold_gain":0.0,"event_name":"Cursed Tome","player_choice":"Obtained Book","floor":21.0,"gold_loss":0.0,"damage_taken":21.0},{"damage_healed":0.0,"max_hp_gain":0.0,"max_hp_loss":0.0,"gold_gain":0.0,"event_name":"Vampires","player_choice":"Ignored","floor":22.0,"gold_loss":0.0,"damage_taken":0.0},{"damage_healed":0.0,"max_hp_gain":0.0,"max_hp_loss":0.0,"gold_gain":250.0,"event_name":"The Joust","player_choice":"Bet on Owner","floor":24.0,"gold_loss":50.0,"damage_taken":0.0},{"damage_healed":0.0,"max_hp_gain":0.0,"max_hp_loss":0.0,"gold_gain":0.0,"event_name":"Wheel of Change","player_choice":"Damaged","floor":36.0,"gold_loss":0.0,"damage_taken":11.0},{"damage_healed":0.0,"max_hp_gain":0.0,"max_hp_loss":0.0,"gold_gain":0.0,"event_name":"MindBloom","player_choice":"Fight","floor":44.0,"gold_loss":0.0,"damage_taken":0.0},{"damage_healed":0.0,"max_hp_gain":0.0,"max_hp_loss":0.0,"gold_gain":0.0,"event_name":"Tomb of Lord Red Mask","player_choice":"Ignored","floor":48.0,"gold_loss":0.0,"damage_taken":0.0}],"is_beta":false,"boss_relics":[{"not_picked":["Runic Dome","Calling Bell"],"picked":"Pandora\u0027s Box"},{"not_picked":["White Beast Statue","Orrery"],"picked":"Cursed Key"}],"items_purged_floors":[29,45],"is_endless":false,"potions_floor_spawned":[1,7,13,16,19,27,30,38,39,47],"killed_by":"Awakened One","ascension_level":20}