{"gold_per_floor":[114,130,197,98,98,98,98,98,122,137,37,57,71,83,83,83],"floor_reached":16,"playtime":444,"items_purged":["Strike_R","Strike_R"],"score":133,"play_id":"f8b32056-dc1a-4826-8a98-adaee00d2436","local_time":"20190707204246","is_ascension_mode":true,"campfire_choices":[{"data":"Armaments","floor":6,"key":"SMITH"},{"data":"Uppercut","floor":15,"key":"SMITH"}],"neow_cost":"NONE","seed_source_timestamp":693424823400510,"circlet_count":0,"master_deck":["Strike_R","Strike_R","Strike_R","Defend_R","Defend_R","Defend_R","Defend_R","Bash+1","Whirlwind","Uppercut+1","Armaments+1","Headbutt","Battle Trance","Limit Break"],"relics":["Burning Blood","Pen Nib"],"potions_floor_usage":[16],"damage_taken":[{"damage":1,"enemies":"Cultist","floor":1,"turns":3},{"damage":10,"enemies":"Small Slimes","floor":2,"turns":2},{"damage":0,"enemies":"Jaw Worm","floor":10,"turns":4},{"damage":0,"enemies":"Large Slime","floor":12,"turns":3},{"damage":29,"enemies":"Exordium Wildlife","floor":13,"turns":6},{"damage":0,"enemies":"Looter","floor":14,"turns":3},{"damage":63,"enemies":"Hexaghost","floor":16,"turns":13}],"seed_played":"6104357235070486951","potions_obtained":[{"floor":2,"key":"FearPotion"},{"floor":13,"key":"Block Potion"},{"floor":14,"key":"Ancient Potion"}],"is_trial":false,"path_per_floor":["M","M","?","$","?","R","$","?","T","M","$","M","M","M","R","B"],"character_chosen":"IRONCLAD","items_purchased":["Armaments"],"campfire_rested":0,"item_purchase_floors":[4],"current_hp_per_floor":[77,73,73,73,73,73,73,73,73,79,79,80,57,63,63,0],"gold":83,"neow_bonus":"UPGRADE_CARD","is_prod":false,"is_daily":false,"chose_seed":false,"campfire_upgraded":2,"win_rate":0,"timestamp":1562503366,"path_taken":["M","M","?","$","?","R","?","?","T","M","$","M","?","M","R","BOSS"],"build_version":"2019-07-05","purchased_purges":2,"victory":false,"max_hp_per_floor":[80,80,80,80,80,80,80,80,80,80,80,80,80,80,80,80],"card_choices":[{"not_picked":["Shrug It Off","Combust"],"picked":"Whirlwind","floor":1},{"not_picked":["Sword Boomerang","True Grit"],"picked":"Uppercut","floor":2},{"not_picked":["Second Wind","Armaments"],"picked":"Headbutt","floor":10},{"not_picked":["Heavy Blade","Clash","Uppercut"],"picked":"SKIP","floor":12},{"not_picked":["Anger","Flex"],"picked":"Battle Trance","floor":13},{"not_picked":["Heavy Blade","Perfected Strike"],"picked":"Limit Break","floor":14}],"player_experience":1024855,"relics_obtained":[{"floor":9,"key":"Pen Nib"}],"event_choices":[{"damage_healed":0,"gold_gain":67,"player_choice":"Gained Gold","damage_taken":0,"max_hp_gain":0,"max_hp_loss":0,"event_name":"Golden Wing","floor":3,"gold_loss":0},{"damage_healed":0,"gold_gain":0,"player_choice":"Ignored","damage_taken":0,"max_hp_gain":0,"max_hp_loss":0,"event_name":"Liars Game","floor":5,"gold_loss":0},{"damage_healed":0,"gold_gain":0,"player_choice":"Ignored","damage_taken":0,"max_hp_gain":0,"max_hp_loss":0,"event_name":"Shining Light","floor":8,"gold_loss":0}],"is_beta":false,"boss_relics":[],"items_purged_floors":[4,11],"is_endless":false,"potions_floor_spawned":[2,13,14],"killed_by":"Hexaghost","ascension_level":9}