{"gold_per_floor":[112,130,144,157,79,107,107,140,167,167,23,56,56,79,79,79],"floor_reached":16,"playtime":662,"items_purged":[],"score":153,"play_id":"cb0777b4-212b-4fc6-8d9b-42f20266d9af","local_time":"20180810204542","is_ascension_mode":true,"campfire_choices":[{"floor":7.0,"key":"REST"},{"floor":13,"key":"REST"},{"data":"Neutralize","floor":15,"key":"SMITH"}],"neow_cost":"NONE","seed_source_timestamp":2937704819970692,"circlet_count":0,"master_deck":["Defend_G","Defend_G","Defend_G","Defend_G","Defend_G","Strike_G","Strike_G","Strike_G","Strike_G","Strike_G","Survivor","Neutralize+1","Dagger Spray","Accuracy","Blade Dance","Poisoned Stab","Caltrops","Crippling Poison","Dodge and Roll","Dagger Throw","PiercingWail"],"special_seed":0,"relics":["Ring of the Snake","Regal Pillow","Matryoshka","Bag of Marbles","Pen Nib","Art of War","Calipers","Bronze Scales","Potion Belt","Odd Mushroom"],"potions_floor_usage":[12,14],"damage_taken":[{"damage":4.0,"enemies":"Jaw Worm","floor":1.0,"turns":6.0},{"damage":1.0,"enemies":"Cultist","floor":2.0,"turns":4.0},{"damage":0.0,"enemies":"2 Louse","floor":3.0,"turns":3.0},{"damage":0.0,"enemies":"2 Fungi Beasts","floor":4.0,"turns":4.0},{"damage":30.0,"enemies":"Gremlin Nob","floor":6.0,"turns":4.0},{"damage":33.0,"enemies":"3 Sentries","floor":8.0,"turns":10.0},{"damage":20,"enemies":"Lagavulin","floor":12,"turns":9},{"damage":14,"floor":14,"turns":3},{"damage":39,"enemies":"Slime Boss","floor":16,"turns":12}],"seed_played":"4099648519447856114","potions_obtained":[{"floor":1.0,"key":"Dexterity Potion"},{"floor":2.0,"key":"PowerPotion"},{"floor":8.0,"key":"EssenceOfSteel"},{"floor":12,"key":"Fruit Juice"}],"is_trial":false,"path_per_floor":["M","M","M","M","$","E","R","E","T","?","$","E","R","?","R"],"character_chosen":"THE_SILENT","items_purchased":["Caltrops","Bronze Scales"],"campfire_rested":2,"item_purchase_floors":[5,11],"current_hp_per_floor":[59,58,58,58,58,28,64,31,31,31,31,11,47,38,38,0],"gold":79,"neow_bonus":"RANDOM_COMMON_RELIC","is_prod":false,"is_daily":false,"chose_seed":false,"campfire_upgraded":1,"win_rate":0,"timestamp":1533948342,"path_taken":["M","M","M","M","$","E","R","E","T","?","$","E","R","?","R","BOSS"],"build_version":"2018-08-09","purchased_purges":0,"victory":false,"max_hp_per_floor":[70,70,70,70,70,70,70,70,70,70,70,70,70,75,75,75],"card_choices":[{"not_picked":["Setup","Distraction"],"picked":"Dagger Spray","floor":1.0},{"not_picked":["Dagger Spray","Deflect"],"picked":"Accuracy","floor":2.0},{"not_picked":["Bane","Escape Plan"],"picked":"Blade Dance","floor":3.0},{"not_picked":["Outmaneuver","Endless Agony"],"picked":"Poisoned Stab","floor":4.0},{"not_picked":["Dash","PiercingWail"],"picked":"Crippling Poison","floor":6.0},{"not_picked":["Bouncing Flask","Prepared"],"picked":"Dodge and Roll","floor":8.0},{"not_picked":["Endless Agony","Doppelganger"],"picked":"Dagger Throw","floor":12},{"not_picked":["Eviscerate","Deflect"],"picked":"PiercingWail","floor":14}],"player_experience":243207,"relics_obtained":[{"floor":6.0,"key":"Matryoshka"},{"floor":8.0,"key":"Bag of Marbles"},{"floor":9.0,"key":"Pen Nib"},{"floor":9.0,"key":"Art of War"},{"floor":12,"key":"Potion Belt"},{"floor":14,"key":"Odd Mushroom"}],"event_choices":[{"event_name":"WeMeetAgain","player_choice":"Potion","floor":10.0,"damage_taken":0.0},{"event_name":"Mushrooms","player_choice":"Fought Mushrooms","floor":14,"damage_taken":0}],"is_beta":false,"boss_relics":[],"items_purged_floors":[],"is_endless":false,"potions_floor_spawned":[1,2,8,12],"killed_by":"Slime Boss","ascension_level":6}