{"gold_per_floor":[111,111,130,130,130,157,82,82,82,100,115,150,114,127,127,127],"floor_reached":16,"playtime":381,"items_purged":[],"score":270,"play_id":"ec53b96f-133c-4e8f-88fe-6b9614e51abc","local_time":"20181129184802","is_ascension_mode":true,"campfire_choices":[{"data":"A Thousand Cuts","floor":15,"key":"SMITH"}],"neow_cost":"NONE","seed_source_timestamp":3086310577874,"circlet_count":0,"master_deck":["AscendersBane","Defend_G","Defend_G","Defend_G","Defend_G","Strike_G","Strike_G","Strike_G","Strike_G","Strike_G","Survivor+1","Neutralize+1","Cloak And Dagger","Cloak And Dagger+1","A Thousand Cuts+1","Flying Knee","Predator","Bullet Time","Poisoned Stab"],"relics":["Ring of the Snake","NeowsBlessing","War Paint","Bottled Flame","Darkstone Periapt","Tough Bandages"],"potions_floor_usage":[12,16],"damage_taken":[{"damage":0,"enemies":"2 Louse","floor":1,"turns":1},{"damage":0,"enemies":"Small Slimes","floor":3,"turns":1},{"damage":0,"enemies":"3 Sentries","floor":6,"turns":1},{"damage":3,"enemies":"Jaw Worm","floor":10,"turns":3},{"damage":4,"enemies":"Large Slime","floor":11,"turns":6},{"damage":22,"enemies":"Gremlin Nob","floor":12,"turns":4},{"damage":0,"enemies":"2 Fungi Beasts","floor":14,"turns":4},{"damage":35,"enemies":"Hexaghost","floor":16,"turns":9}],"seed_played":"613895742745551211","potions_obtained":[{"floor":10,"key":"Fire Potion"},{"floor":14,"key":"EssenceOfSteel"}],"is_trial":false,"path_per_floor":["M","?","M","?","?","E","?","T","T","M","M","E","?","M","R","B"],"character_chosen":"THE_SILENT","items_purchased":[],"campfire_rested":0,"item_purchase_floors":[],"current_hp_per_floor":[59,59,59,59,59,59,59,59,59,56,52,30,30,30,30,0],"gold":127,"neow_bonus":"THREE_ENEMY_KILL","is_prod":false,"is_daily":false,"chose_seed":false,"campfire_upgraded":1,"win_rate":0,"timestamp":1543535282,"path_taken":["M","?","M","?","?","E","?","?","T","M","M","E","?","M","R","BOSS"],"build_version":"2018-11-15","purchased_purges":0,"victory":false,"max_hp_per_floor":[66,66,66,66,66,66,66,66,66,66,66,66,66,66,66,66],"card_choices":[{"not_picked":["Backflip","Underhanded Strike"],"picked":"Cloak And Dagger","floor":1},{"not_picked":["Dagger Throw","Slice"],"picked":"Cloak And Dagger","floor":3},{"not_picked":["All Out Attack","Acrobatics"],"picked":"A Thousand Cuts","floor":6},{"not_picked":["Backstab","Poisoned Stab"],"picked":"Flying Knee","floor":10},{"not_picked":["Blade Dance","Backflip"],"picked":"Predator","floor":11},{"not_picked":["Expertise","Quick Slash"],"picked":"Bullet Time","floor":12},{"not_picked":["Prepared","Well Laid Plans"],"picked":"Poisoned Stab","floor":14}],"player_experience":463457,"relics_obtained":[{"floor":6,"key":"War Paint"},{"floor":8,"key":"Bottled Flame"},{"floor":9,"key":"Darkstone Periapt"},{"floor":12,"key":"Tough Bandages"}],"event_choices":[{"damage_healed":0,"gold_gain":0,"player_choice":"Ignored","damage_taken":0,"max_hp_gain":0,"max_hp_loss":0,"event_name":"Liars Game","floor":2,"gold_loss":0},{"damage_healed":0,"gold_gain":0,"player_choice":"Ignored","damage_taken":0,"max_hp_gain":0,"max_hp_loss":0,"event_name":"Golden Idol","floor":4,"gold_loss":0},{"damage_healed":0,"gold_gain":0,"player_choice":"Grow","damage_taken":0,"max_hp_gain":0,"max_hp_loss":0,"event_name":"Living Wall","floor":5,"gold_loss":0,"cards_upgraded":["Neutralize"]},{"cards_removed":["Defend_G"],"damage_healed":0,"gold_gain":0,"player_choice":"Card Removal","damage_taken":0,"max_hp_gain":0,"max_hp_loss":0,"event_name":"The Cleric","floor":7,"gold_loss":75},{"damage_healed":0,"gold_gain":0,"player_choice":"Left Gold","damage_taken":0,"max_hp_gain":0,"max_hp_loss":0,"event_name":"World of Goop","floor":13,"gold_loss":36}],"is_beta":false,"boss_relics":[],"items_purged_floors":[],"is_endless":false,"potions_floor_spawned":[10,14],"killed_by":"Hexaghost","ascension_level":20}