{"gold_per_floor":[12,32,50,125,142,142,168,168,168,202,202,235,39,50,50,50],"floor_reached":16,"playtime":486,"items_purged":[],"score":240,"play_id":"3e1e9cd4-f97e-47b5-ab65-de90758e6165","local_time":"20190620104401","is_ascension_mode":true,"campfire_choices":[{"data":"Uppercut","floor":6.0,"key":"SMITH"},{"data":"Uppercut","floor":8.0,"key":"SMITH"},{"floor":11.0,"key":"REST"},{"data":"Shrug It Off","floor":15,"key":"SMITH"}],"neow_cost":"NO_GOLD","seed_source_timestamp":526008218670000,"circlet_count":0,"master_deck":["AscendersBane","Strike_R","Strike_R","Strike_R","Strike_R","Strike_R","Defend_R","Defend_R","Defend_R","Defend_R","Bash","Fiend Fire","Uppercut+1","Shrug It Off+1","Infernal Blade","Headbutt","Uppercut+1","Flex+1","Exhume+1","Apotheosis+1","Shrug It Off+1"],"special_seed":0,"relics":["Burning Blood","Toxic Egg 2","Bottled Lightning","Pantograph","Letter Opener"],"potions_floor_usage":[],"damage_taken":[{"damage":1.0,"enemies":"Cultist","floor":1.0,"turns":3.0},{"damage":4.0,"enemies":"Small Slimes","floor":2.0,"turns":3.0},{"damage":8.0,"enemies":"2 Louse","floor":3.0,"turns":3.0},{"damage":15.0,"enemies":"2 Fungi Beasts","floor":5.0,"turns":5.0},{"damage":6.0,"enemies":"Gremlin Nob","floor":7.0,"turns":3.0},{"damage":32.0,"enemies":"Lagavulin","floor":10.0,"turns":6.0},{"damage":22.0,"enemies":"3 Sentries","floor":12.0,"turns":5.0},{"damage":10,"enemies":"3 Louse","floor":14,"turns":3},{"damage":56,"enemies":"Hexaghost","floor":16,"turns":10}],"seed_played":"6162835346906244238","potions_obtained":[{"floor":1.0,"key":"Ancient Potion"},{"floor":2.0,"key":"Weak Potion"},{"floor":12.0,"key":"SteroidPotion"}],"is_trial":false,"path_per_floor":["M","M","M","?","M","R","E","R","T","E","R","E","$","M","R","B"],"character_chosen":"IRONCLAD","items_purchased":["Apotheosis+1"],"campfire_rested":1,"item_purchase_floors":[13],"current_hp_per_floor":[73,75,73,62,53,53,53,53,53,27,49,33,33,29,29,0],"gold":50,"neow_bonus":"THREE_RARE_CARDS","is_prod":false,"is_daily":false,"chose_seed":false,"campfire_upgraded":3,"win_rate":0,"timestamp":1561023841,"path_taken":["M","M","M","?","M","R","E","R","T","E","R","E","$","M","R","BOSS"],"build_version":"2019-01-23","purchased_purges":0,"victory":false,"max_hp_per_floor":[75,75,75,75,75,75,75,75,75,75,75,75,75,75,75,75],"card_choices":[{"not_picked":["Dark Embrace","Reaper"],"picked":"Fiend Fire","floor":0.0},{"not_picked":["Shockwave","Clash"],"picked":"Uppercut","floor":1.0},{"not_picked":["Rage","Sword Boomerang"],"picked":"Shrug It Off","floor":2.0},{"not_picked":["Armaments","Heavy Blade"],"picked":"Infernal Blade","floor":3.0},{"not_picked":["Wild Strike","Body Slam"],"picked":"Headbutt","floor":5.0},{"not_picked":["Spot Weakness","Headbutt"],"picked":"Uppercut","floor":7.0},{"not_picked":["Feel No Pain","Dual Wield+1"],"picked":"Flex+1","floor":10.0},{"not_picked":["Anger","Sword Boomerang"],"picked":"Exhume+1","floor":12.0},{"not_picked":["Iron Wave","Wild Strike"],"picked":"Shrug It Off+1","floor":14}],"player_experience":1488095,"relics_obtained":[{"floor":7.0,"key":"Toxic Egg 2"},{"floor":9.0,"key":"Bottled Lightning"},{"floor":10.0,"key":"Pantograph"},{"floor":12.0,"key":"Letter Opener"}],"event_choices":[{"damage_healed":0.0,"max_hp_gain":0.0,"max_hp_loss":0.0,"gold_gain":75.0,"event_name":"World of Goop","player_choice":"Gather Gold","floor":4.0,"gold_loss":0.0,"damage_taken":11.0}],"is_beta":false,"boss_relics":[],"items_purged_floors":[],"is_endless":false,"potions_floor_spawned":[1,2,12],"killed_by":"Hexaghost","ascension_level":20}