{"gold_per_floor":[114,114,14,189,204,204,204,219,219,234,234,249,264,279,279,379,379,394,394,162,177,192,252,252,252,277,277],"floor_reached":27,"playtime":849,"items_purged":[],"score":475,"play_id":"f9e71b29-d576-465d-9309-88c0594029ea","local_time":"20190219221659","daily_mods":["Insanity","Hoarder","Binary"],"is_ascension_mode":false,"campfire_choices":[{"data":"Catalyst","floor":6,"key":"SMITH"},{"floor":11,"key":"REST"},{"floor":15,"key":"REST"},{"floor":24,"key":"REST"}],"neow_cost":"","seed_source_timestamp":0,"circlet_count":0,"master_deck":["Slice","Dagger Throw","Underhanded Strike","All Out Attack","Poisoned Stab","Dodge and Roll","Cloak And Dagger","Flying Knee","Sucker Punch","Dodge and Roll","Dagger Spray","Bane","Outmaneuver","Infinite Blades","Cloak And Dagger","Cloak And Dagger","Backflip","Riddle With Holes","Cloak And Dagger","Dodge and Roll","Bane","Prepared","Predator","Flying Knee","Outmaneuver","Caltrops","Underhanded Strike","Outmaneuver","Endless Agony","Backstab","Deadly Poison","Dash","Underhanded Strike","Cloak And Dagger","Setup","Deflect","Tactician","Underhanded Strike","Bouncing Flask","Leg Sweep","Cloak And Dagger","Outmaneuver","Riddle With Holes","Backflip","PiercingWail","Finisher","Cloak And Dagger","Dagger Spray","Choke","Expertise","Prepared","Prepared","Prepared","Regret","Catalyst+1","Catalyst","Catalyst","Underhanded Strike","Underhanded Strike","Underhanded Strike","Doubt","Doubt","Doubt","Infinite Blades","Infinite Blades","Infinite Blades","Poisoned Stab","Poisoned Stab","Poisoned Stab","Footwork","Footwork","Footwork","Slice","Slice","Slice","Bullet Time","Bullet Time","Bullet Time","Jack Of All Trades","Jack Of All Trades","Jack Of All Trades"],"special_seed":17947,"relics":["Ring of the Snake","Darkstone Periapt","Bottled Flame","Busted Crown","Bronze Scales","Tiny Chest","Potion Belt"],"potions_floor_usage":[16,16,23],"damage_taken":[{"damage":0,"enemies":"2 Louse","floor":1,"turns":2},{"damage":0,"enemies":"Small Slimes","floor":5,"turns":2},{"damage":0,"enemies":"Jaw Worm","floor":8,"turns":2},{"damage":4,"enemies":"Blue Slaver","floor":10,"turns":2},{"damage":10,"enemies":"Lots of Slimes","floor":12,"turns":4},{"damage":2,"enemies":"Exordium Wildlife","floor":13,"turns":3},{"damage":10,"enemies":"2 Fungi Beasts","floor":14,"turns":3},{"damage":52,"enemies":"The Guardian","floor":16,"turns":11},{"damage":0,"enemies":"3 Byrds","floor":18,"turns":4},{"damage":11,"enemies":"2 Thieves","floor":21,"turns":4},{"damage":29,"enemies":"Snake Plant","floor":22,"turns":4},{"damage":7,"enemies":"Book of Stabbing","floor":23,"turns":5},{"damage":47,"enemies":"Slavers","floor":27,"turns":3}],"seed_played":"1081760636794799279","potions_obtained":[{"floor":10,"key":"Explosive Potion"},{"floor":13,"key":"PowerPotion"},{"floor":14,"key":"Energy Potion"},{"floor":21,"key":"AttackPotion"},{"floor":23,"key":"SmokeBomb"}],"is_trial":false,"path_per_floor":["M","?","$","?","M","R","?","M","T","M","R","M","M","M","R","B",null,"M","?","$","M","M","E","R","?","T","E"],"character_chosen":"THE_SILENT","items_purchased":["Catalyst","Underhanded Strike","Bronze Scales","Jack Of All Trades"],"campfire_rested":3,"item_purchase_floors":[3,3,20,20],"current_hp_per_floor":[70,76,76,82,82,82,82,82,82,78,82,72,70,60,82,30,82,82,66,66,55,26,19,45,45,45,0],"gold":277,"neow_bonus":"","is_prod":false,"is_daily":true,"chose_seed":false,"campfire_upgraded":1,"win_rate":0,"timestamp":1550643419,"path_taken":["M","?","$","?","?","R","?","M","T","M","R","?","M","M","R","BOSS","M","?","$","M","M","E","R","?","T","E"],"build_version":"2019-01-23","purchased_purges":0,"victory":false,"max_hp_per_floor":[70,76,76,82,82,82,82,82,82,82,82,82,82,82,82,82,82,82,87,87,87,87,87,87,87,87,87],"card_choices":[{"not_picked":["Outmaneuver"],"picked":"Prepared","floor":1},{"not_picked":["Bane","Calculated Gamble"],"picked":"SKIP","floor":5},{"not_picked":["Flying Knee"],"picked":"Infinite Blades","floor":8},{"not_picked":["Outmaneuver"],"picked":"Poisoned Stab","floor":10},{"not_picked":["Leg Sweep"],"picked":"Footwork","floor":12},{"not_picked":["All Out Attack","Poisoned Stab"],"picked":"SKIP","floor":13},{"not_picked":["Crippling Poison"],"picked":"Slice","floor":14},{"not_picked":["Tools of the Trade"],"picked":"Bullet Time","floor":16}],"player_experience":219274,"relics_obtained":[{"floor":9,"key":"Bottled Flame"},{"floor":23,"key":"Tiny Chest"},{"floor":26,"key":"Potion Belt"}],"event_choices":[{"damage_healed":0,"gold_gain":0,"player_choice":"Box","damage_taken":0,"relics_obtained":["Darkstone Periapt"],"max_hp_gain":0,"max_hp_loss":0,"event_name":"Big Fish","floor":2,"gold_loss":0,"cards_obtained":["Regret"]},{"damage_healed":0,"gold_gain":175,"player_choice":"AGREE","damage_taken":0,"max_hp_gain":0,"max_hp_loss":0,"event_name":"Liars Game","floor":4,"gold_loss":0,"cards_obtained":["Doubt"]},{"cards_removed":["Regret"],"damage_healed":0,"gold_gain":0,"player_choice":"Purged","damage_taken":0,"max_hp_gain":0,"max_hp_loss":0,"event_name":"Purifier","floor":7,"gold_loss":0},{"damage_healed":0,"gold_gain":0,"player_choice":"Shed Blood","damage_taken":21,"max_hp_gain":5,"max_hp_loss":0,"event_name":"Forgotten Altar","floor":19,"gold_loss":0},{"cards_removed":["Regret"],"damage_healed":0,"gold_gain":0,"player_choice":"Purged","damage_taken":0,"max_hp_gain":0,"max_hp_loss":0,"event_name":"Purifier","floor":25,"gold_loss":0}],"is_beta":false,"boss_relics":[{"not_picked":["Ectoplasm","Ring of the Serpent"],"picked":"Busted Crown"}],"items_purged_floors":[],"is_endless":false,"potions_floor_spawned":[10,13,14,21,23],"killed_by":"Slavers","ascension_level":0}