{"gold_per_floor":[119,119,135,150,75,75,105,122,149,178,178,27,27,44,44,118,118,128,128,142,142,142,142,173,173,173,183,201,201,228,428,428,504,504,519,428,438,103,118,118,68,94,176,176,176],"floor_reached":45,"playtime":1686,"items_purged":["Pain","Strike_G+1","Strike_G+1","Strike_G+1"],"score":978,"play_id":"d4092332-8639-4589-97a7-c7d87d6bfebf","local_time":"20190513164333","is_ascension_mode":true,"campfire_choices":[{"data":"Neutralize","floor":6.0,"key":"SMITH"},{"floor":13.0,"key":"REST"},{"floor":15.0,"key":"REST"},{"floor":23.0,"key":"REST"},{"data":"A Thousand Cuts","floor":25.0,"key":"SMITH"},{"data":"Wraith Form v2","floor":29.0,"key":"SMITH"},{"floor":32.0,"key":"REST"},{"data":"Caltrops","floor":40.0,"key":"SMITH"},{"data":"Caltrops","floor":44,"key":"SMITH"}],"neow_cost":"NONE","seed_source_timestamp":0,"circlet_count":0,"master_deck":["AscendersBane","Defend_G+1","Defend_G+1","Defend_G+1","Defend_G+1","Defend_G+1","Strike_G+1","Survivor","Neutralize+1","Caltrops+1","Quick Slash","Quick Slash","Flying Knee","Deflect","Sucker Punch","Footwork","Deflect","A Thousand Cuts+1","Deadly Poison+1","Wraith Form v2+1","Adrenaline","Quick Slash+1","Envenom","Caltrops+1","Footwork","Dash"],"special_seed":0,"relics":["Ring of the Snake","Bronze Scales","Bag of Marbles","Ancient Tea Set","Centennial Puzzle","WarpedTongs","Velvet Choker","Smiling Mask","Meat on the Bone","Letter Opener","Philosopher\u0027s Stone","Bottled Tornado","Question Card"],"potions_floor_usage":[],"damage_taken":[{"damage":2.0,"enemies":"2 Louse","floor":1.0,"turns":3.0},{"damage":1.0,"enemies":"Cultist","floor":3.0,"turns":4.0},{"damage":1.0,"enemies":"Jaw Worm","floor":4.0,"turns":3.0},{"damage":34.0,"enemies":"3 Sentries","floor":7.0,"turns":8.0},{"damage":0.0,"enemies":"Looter","floor":8.0,"turns":3.0},{"damage":14.0,"enemies":"Lagavulin","floor":10.0,"turns":7.0},{"damage":0.0,"enemies":"Red Slaver","floor":14.0,"turns":3.0},{"damage":13.0,"enemies":"The Guardian","floor":16.0,"turns":11.0},{"damage":9.0,"enemies":"2 Thieves","floor":18.0,"turns":4.0},{"damage":3.0,"enemies":"Shell Parasite","floor":20.0,"turns":5.0},{"damage":16.0,"enemies":"Gremlin Leader","floor":24.0,"turns":6.0},{"damage":6.0,"enemies":"Shelled Parasite and Fungi","floor":27.0,"turns":6.0},{"damage":4.0,"enemies":"Snake Plant","floor":28.0,"turns":4.0},{"damage":23.0,"enemies":"Slavers","floor":30.0,"turns":5.0},{"damage":24.0,"enemies":"Collector","floor":33.0,"turns":7.0},{"damage":15.0,"enemies":"3 Darklings","floor":35.0,"turns":5.0},{"damage":0.0,"enemies":"3 Shapes","floor":37.0,"turns":4.0},{"damage":0.0,"enemies":"3 Darklings","floor":39.0,"turns":4.0},{"damage":3,"enemies":"Nemesis","floor":42,"turns":9},{"damage":57,"enemies":"Giant Head","floor":45,"turns":9}],"seed_played":"2600242974855144170","potions_obtained":[{"floor":1.0,"key":"PowerPotion"},{"floor":2.0,"key":"EntropicBrew"},{"floor":7.0,"key":"EssenceOfSteel"},{"floor":14.0,"key":"AttackPotion"},{"floor":16.0,"key":"SteroidPotion"},{"floor":18.0,"key":"Regen Potion"},{"floor":24.0,"key":"Strength Potion"},{"floor":27.0,"key":"Swift Potion"},{"floor":30.0,"key":"AttackPotion"},{"floor":35.0,"key":"FearPotion"}],"is_trial":false,"path_per_floor":["M","?","M","M","?","R","E","M","T","E","?","$","R","M","R","B",null,"M","?","M","?","?","R","E","R","T","M","M","R","E","?","R","B",null,"M","$","M","$","M","R","$","E","T","R","E"],"character_chosen":"THE_SILENT","items_purchased":["Footwork","Caltrops","Bottled Tornado"],"campfire_rested":4,"item_purchase_floors":[12,36,38],"current_hp_per_floor":[57,57,56,55,55,55,21,21,21,7,7,7,26,26,45,32,58,49,31,28,28,18,39,38,38,38,44,40,40,29,29,50,38,63,48,48,48,48,48,48,48,45,45,45,0],"gold":176,"neow_bonus":"RANDOM_COMMON_RELIC","is_prod":false,"is_daily":false,"chose_seed":false,"campfire_upgraded":5,"win_rate":0,"timestamp":1557762213,"path_taken":["M","?","M","?","?","R","E","M","T","E","?","$","R","?","R","BOSS","M","?","M","?","?","R","E","R","T","?","M","R","E","?","R","BOSS","M","$","M","?","?","R","$","E","T","R","E"],"build_version":"2019-01-23","purchased_purges":4,"victory":false,"max_hp_per_floor":[66,66,66,66,66,66,66,66,66,66,66,66,66,66,66,66,66,66,71,71,71,71,71,71,71,71,71,71,71,71,71,71,71,71,71,71,71,71,71,71,71,71,71,71,71],"card_choices":[{"not_picked":["Blade Dance","Terror"],"picked":"Caltrops","floor":1.0},{"not_picked":["Outmaneuver","Backstab"],"picked":"Quick Slash","floor":3.0},{"not_picked":["Backstab","Outmaneuver"],"picked":"Quick Slash","floor":4.0},{"not_picked":["Prepared","Terror"],"picked":"Flying Knee","floor":7.0},{"not_picked":["Phantasmal Killer","Flying Knee"],"picked":"Deflect","floor":8.0},{"not_picked":["Flying Knee","Reflex"],"picked":"Sucker Punch","floor":10.0},{"not_picked":["Acrobatics","Poisoned Stab"],"picked":"Deflect","floor":14.0},{"not_picked":["Night Terror","Wraith Form v2"],"picked":"A Thousand Cuts","floor":16.0},{"not_picked":["Backflip","Dagger Throw+1"],"picked":"Deadly Poison+1","floor":18.0},{"not_picked":["Dagger Throw","Bane"],"picked":"Wraith Form v2","floor":20.0},{"not_picked":["Choke","A Thousand Cuts"],"picked":"Adrenaline","floor":24.0},{"not_picked":["Accuracy","Deflect"],"picked":"Quick Slash+1","floor":27.0},{"not_picked":["Backflip","Dagger Spray","Prepared"],"picked":"SKIP","floor":28.0},{"not_picked":["Prepared","Acrobatics","Tactician"],"picked":"SKIP","floor":30.0},{"not_picked":["Tools of the Trade","After Image"],"picked":"Envenom","floor":33.0},{"not_picked":["Dagger Throw","Sucker Punch","Flying Knee"],"picked":"SKIP","floor":35.0},{"not_picked":["Expertise","Dagger Spray+1"],"picked":"Footwork","floor":37.0},{"not_picked":["Prepared","Blade Dance","Dodge and Roll"],"picked":"SKIP","floor":39.0},{"not_picked":["Bane","Slice"],"picked":"Dash","floor":42}],"player_experience":1353150,"relics_obtained":[{"floor":7.0,"key":"Bag of Marbles"},{"floor":9.0,"key":"Ancient Tea Set"},{"floor":10.0,"key":"Centennial Puzzle"},{"floor":24.0,"key":"Smiling Mask"},{"floor":26.0,"key":"Meat on the Bone"},{"floor":30.0,"key":"Letter Opener"},{"floor":42,"key":"Question Card"}],"event_choices":[{"damage_healed":0.0,"max_hp_gain":0.0,"max_hp_loss":0.0,"gold_gain":0.0,"event_name":"Lab","player_choice":"Got Potions","floor":2.0,"gold_loss":0.0,"damage_taken":0.0},{"cards_removed":["Strike_G"],"damage_healed":0.0,"max_hp_gain":0.0,"max_hp_loss":0.0,"gold_gain":0.0,"event_name":"The Cleric","player_choice":"Card Removal","floor":5.0,"gold_loss":75.0,"damage_taken":0.0},{"damage_healed":0.0,"max_hp_gain":0.0,"max_hp_loss":0.0,"gold_gain":0.0,"event_name":"Accursed Blacksmith","player_choice":"Rummage","floor":11.0,"gold_loss":0.0,"damage_taken":0.0,"relics_obtained":["WarpedTongs"],"cards_obtained":["Pain"]},{"damage_healed":0.0,"max_hp_gain":5.0,"max_hp_loss":0.0,"gold_gain":0.0,"event_name":"Forgotten Altar","player_choice":"Shed Blood","floor":19.0,"gold_loss":0.0,"damage_taken":23.0},{"damage_healed":0.0,"max_hp_gain":0.0,"max_hp_loss":0.0,"gold_gain":0.0,"event_name":"Back to Basics","player_choice":"Simplicity","floor":21.0,"gold_loss":0.0,"damage_taken":0.0,"cards_upgraded":["Defend_G","Defend_G","Defend_G","Defend_G","Defend_G","Strike_G","Strike_G","Strike_G","Strike_G"]},{"damage_healed":0.0,"max_hp_gain":0.0,"max_hp_loss":0.0,"gold_gain":0.0,"event_name":"Wheel of Change","player_choice":"Damaged","floor":22.0,"gold_loss":0.0,"damage_taken":10.0},{"damage_healed":0.0,"max_hp_gain":0.0,"max_hp_loss":0.0,"gold_gain":250.0,"event_name":"The Joust","player_choice":"Bet on Owner","floor":31.0,"gold_loss":50.0,"damage_taken":0.0}],"is_beta":false,"boss_relics":[{"not_picked":["Busted Crown","Coffee Dripper"],"picked":"Velvet Choker"},{"not_picked":["Runic Dome","Snecko Eye"],"picked":"Philosopher\u0027s Stone"}],"items_purged_floors":[12,36,38,41],"is_endless":false,"potions_floor_spawned":[1,7,8,14,16,18,24,27,30,35,37,42],"killed_by":"Giant Head","ascension_level":20}