{"gold_per_floor":[112,128,145,145,145,145,175,187,187,147,147,147],"floor_reached":12,"playtime":230,"items_purged":[],"score":156,"play_id":"82c61374-1630-443b-9aaa-c6d462d1d095","local_time":"20190704001555","is_ascension_mode":true,"campfire_choices":[{"data":"Dagger Spray","floor":6,"key":"SMITH"},{"floor":11,"key":"REST"}],"neow_cost":"NONE","seed_source_timestamp":5831790945562425,"circlet_count":0,"master_deck":["AscendersBane","Strike_G+1","Strike_G","Strike_G","Strike_G","Strike_G","Defend_G","Defend_G","Defend_G","Defend_G","Defend_G","Survivor","Neutralize","Predator+1","Crippling Poison","Dagger Spray+1","PiercingWail","Dodge and Roll","Glass Knife"],"relics":["Ring of the Snake","NeowsBlessing","Blood Vial","Bottled Flame","Whetstone"],"potions_floor_usage":[7],"damage_taken":[{"damage":0,"enemies":"Cultist","floor":1,"turns":1},{"damage":0,"enemies":"2 Louse","floor":2,"turns":1},{"damage":0,"enemies":"Jaw Worm","floor":3,"turns":1},{"damage":29,"enemies":"Gremlin Nob","floor":7,"turns":4},{"damage":20,"enemies":"Large Slime","floor":8,"turns":5},{"damage":2,"enemies":"Looter","floor":10,"turns":4},{"damage":46,"enemies":"Lagavulin","floor":12,"turns":6}],"seed_played":"-5105784166459147252","potions_obtained":[{"floor":3,"key":"PowerPotion"}],"is_trial":false,"path_per_floor":["M","M","M","T","?","R","E","M","T","M","R","E"],"character_chosen":"THE_SILENT","items_purchased":[],"campfire_rested":1,"item_purchase_floors":[],"current_hp_per_floor":[59,59,59,59,64,64,37,19,19,19,40,0],"gold":147,"neow_bonus":"THREE_ENEMY_KILL","is_prod":false,"is_daily":false,"chose_seed":false,"campfire_upgraded":1,"win_rate":0,"timestamp":1562213755,"path_taken":["M","?","M","?","?","R","E","M","T","M","R","E"],"build_version":"2019-07-01","purchased_purges":0,"victory":false,"max_hp_per_floor":[66,66,66,66,71,71,71,71,71,71,71,71],"card_choices":[{"not_picked":["Dodge and Roll","Dagger Throw"],"picked":"Predator","floor":1},{"not_picked":["Blade Dance","PiercingWail"],"picked":"Crippling Poison","floor":2},{"not_picked":["Accuracy","Crippling Poison"],"picked":"Dagger Spray","floor":3},{"not_picked":["Eviscerate","Setup"],"picked":"PiercingWail","floor":7},{"not_picked":["Acrobatics","Dagger Throw"],"picked":"Dodge and Roll","floor":8},{"not_picked":["Sucker Punch","Cloak And Dagger"],"picked":"Glass Knife","floor":10}],"player_experience":854178,"relics_obtained":[{"floor":4,"key":"Blood Vial"},{"floor":7,"key":"Bottled Flame"},{"floor":9,"key":"Whetstone"}],"event_choices":[{"damage_healed":0,"gold_gain":0,"player_choice":"Donut","damage_taken":0,"max_hp_gain":5,"max_hp_loss":0,"event_name":"Big Fish","floor":5,"gold_loss":0}],"is_beta":false,"boss_relics":[],"items_purged_floors":[],"is_endless":false,"potions_floor_spawned":[3],"killed_by":"Lagavulin","ascension_level":20}