{"gold_per_floor":[124,152,164,187,218,230,252,264,276,288,311,337,368,380],"floor_reached":14,"playtime":384,"items_purged":[],"score":163,"play_id":"75a464de-6870-4527-b315-ad5981d6ec2b","local_time":"20180908125018","is_ascension_mode":true,"campfire_choices":[{"data":"Hologram","floor":6,"key":"SMITH"}],"neow_cost":"NONE","seed_source_timestamp":144665244703807,"circlet_count":0,"master_deck":["Strike_B","Strike_B","Strike_B","Strike_B","Defend_B","Defend_B","Defend_B","Zap+1","Dualcast","AscendersBane","Hologram+1","Hologram","Compile Driver","Go for the Eyes","Steam","Conserve Battery","Leap"],"relics":["Cracked Core","MawBank","Cables"],"potions_floor_usage":[7],"damage_taken":[{"damage":1,"enemies":"Small Slimes","floor":1,"turns":3},{"damage":7,"enemies":"Cultist","floor":2,"turns":4},{"damage":9,"enemies":"2 Louse","floor":4,"turns":2},{"damage":9,"enemies":"Looter","floor":5,"turns":3},{"damage":2,"enemies":"2 Fungi Beasts","floor":7,"turns":3},{"damage":8,"enemies":"3 Louse","floor":11,"turns":3},{"damage":7,"enemies":"Exordium Wildlife","floor":12,"turns":3},{"damage":11,"enemies":"Lots of Slimes","floor":13,"turns":5},{"damage":13,"enemies":"Large Slime","floor":14,"turns":4}],"seed_played":"1518448219776927713","potions_obtained":[{"floor":1,"key":"FearPotion"},{"floor":4,"key":"Regen Potion"},{"floor":7,"key":"Poison Potion"},{"floor":12,"key":"EssenceOfSteel"}],"is_trial":false,"path_per_floor":["M","M","?","M","M","R","M","?","T","?","M","M","M"],"character_chosen":"DEFECT","items_purchased":[],"campfire_rested":0,"item_purchase_floors":[],"current_hp_per_floor":[63,56,56,47,38,38,45,45,45,38,30,23,12,0],"gold":380,"neow_bonus":"RANDOM_COMMON_RELIC","is_prod":false,"is_daily":false,"chose_seed":false,"campfire_upgraded":1,"win_rate":0,"timestamp":1536425418,"path_taken":["M","M","?","M","?","R","M","?","T","?","M","M","M","M"],"build_version":"2018-09-06","purchased_purges":0,"victory":false,"max_hp_per_floor":[71,71,71,71,71,71,71,71,71,71,71,71,71,71],"card_choices":[{"not_picked":["Rebound","Skim"],"picked":"Hologram","floor":1},{"not_picked":["Doom and Gloom","Reprogram"],"picked":"Hologram","floor":2},{"not_picked":["Undo","Fusion"],"picked":"Compile Driver","floor":4},{"not_picked":["Redo","Coolheaded"],"picked":"Go for the Eyes","floor":5},{"not_picked":["Recycle","Gash"],"picked":"Steam","floor":7},{"not_picked":["Melter","Storm"],"picked":"Conserve Battery","floor":11},{"not_picked":["Stack","Reboot"],"picked":"Leap","floor":12},{"not_picked":["Aggregate","Gash","Stack"],"picked":"SKIP","floor":13}],"player_experience":333355,"relics_obtained":[{"floor":9,"key":"Cables"}],"event_choices":[{"event_name":"Living Wall","player_choice":"Grow","floor":3,"damage_taken":0},{"event_name":"Liars Game","player_choice":"disagreed","floor":8,"damage_taken":0},{"event_name":"Golden Wing","player_choice":"Card Removal","floor":10,"damage_taken":0}],"is_beta":false,"boss_relics":[],"items_purged_floors":[],"is_endless":false,"potions_floor_spawned":[1,4,7,12],"killed_by":"Large Slime","ascension_level":18}