{"gold_per_floor":[109,121,139,150,170,203,233,233,257,272,285,295,295,320,320,320],"floor_reached":16,"playtime":624,"items_purged":[],"score":232,"play_id":"b4ac7ea9-feec-47c7-8f78-a4b83c0a44c4","local_time":"20181109191836","is_ascension_mode":true,"campfire_choices":[{"floor":8,"key":"REST"},{"floor":13,"key":"REST"},{"data":"Loop","floor":15,"key":"SMITH"}],"neow_cost":"NONE","seed_source_timestamp":89042315291239,"circlet_count":0,"master_deck":["AscendersBane","Strike_B","Strike_B","Strike_B","Strike_B","Defend_B","Defend_B","Defend_B","Defend_B","Zap+1","Dualcast","BootSequence","Sweeping Beam","Conserve Battery","Loop+1","White Noise","Cold Snap","Cold Snap","Barrage","Blizzard","Go for the Eyes"],"relics":["Cracked Core","Regal Pillow","Odd Mushroom","Orichalcum","Juzu Bracelet"],"potions_floor_usage":[6,7,7,14,16],"damage_taken":[{"damage":2,"enemies":"Jaw Worm","floor":1,"turns":3},{"damage":0,"enemies":"Small Slimes","floor":2,"turns":2},{"damage":0,"enemies":"Cultist","floor":3,"turns":3},{"damage":21,"enemies":"Exordium Thugs","floor":4,"turns":4},{"damage":3,"enemies":"3 Louse","floor":5,"turns":4},{"damage":32,"enemies":"Gremlin Nob","floor":6,"turns":4},{"damage":2,"enemies":"The Mushroom Lair","floor":7,"turns":2},{"damage":3,"enemies":"Large Slime","floor":10,"turns":5},{"damage":1,"enemies":"Looter","floor":11,"turns":3},{"damage":19,"enemies":"Exordium Thugs","floor":12,"turns":5},{"damage":6,"enemies":"3 Sentries","floor":14,"turns":8},{"damage":58,"enemies":"Slime Boss","floor":16,"turns":11}],"seed_played":"9143665647574575871","potions_obtained":[{"floor":1,"key":"Regen Potion"},{"floor":2,"key":"Strength Potion"},{"floor":5,"key":"FocusPotion"},{"floor":6,"key":"PowerPotion"},{"floor":12,"key":"Fire Potion"},{"floor":14,"key":"EssenceOfSteel"}],"is_trial":false,"path_per_floor":["M","M","M","M","M","E","?","R","T","M","M","M","R","E","R","B"],"character_chosen":"DEFECT","items_purchased":[],"campfire_rested":2,"item_purchase_floors":[],"current_hp_per_floor":[62,62,62,41,38,6,9,45,45,42,41,22,58,52,52,0],"gold":320,"neow_bonus":"UPGRADE_CARD","is_prod":false,"is_daily":false,"chose_seed":false,"campfire_upgraded":1,"win_rate":0,"timestamp":1541809116,"path_taken":["M","M","M","M","M","E","?","R","T","M","M","M","R","E","R","BOSS"],"build_version":"2018-11-08","purchased_purges":0,"victory":false,"max_hp_per_floor":[71,71,71,71,71,71,71,71,71,71,71,71,71,71,71,71],"card_choices":[{"not_picked":["Genetic Algorithm","Melter"],"picked":"BootSequence","floor":1},{"not_picked":["Turbo","Streamline"],"picked":"Sweeping Beam","floor":2},{"not_picked":["Hello World","Undo"],"picked":"Conserve Battery","floor":3},{"not_picked":["Steam","Sweeping Beam"],"picked":"Loop","floor":4},{"not_picked":["Double Energy","Compile Driver"],"picked":"White Noise","floor":5},{"not_picked":["Capacitor","Turbo"],"picked":"Cold Snap","floor":6},{"not_picked":["Rainbow","Gash"],"picked":"Cold Snap","floor":7},{"not_picked":["Rebound","Redo","BootSequence"],"picked":"SKIP","floor":10},{"not_picked":["Rebound","Steam Power"],"picked":"Barrage","floor":11},{"not_picked":["Coolheaded","Scrape"],"picked":"Blizzard","floor":12},{"not_picked":["Undo","Compile Driver"],"picked":"Go for the Eyes","floor":14}],"player_experience":412139,"relics_obtained":[{"floor":6,"key":"Regal Pillow"},{"floor":7,"key":"Odd Mushroom"},{"floor":9,"key":"Orichalcum"},{"floor":14,"key":"Juzu Bracelet"}],"event_choices":[{"damage_healed":0,"gold_gain":0,"player_choice":"Fought Mushrooms","damage_taken":0,"max_hp_gain":0,"max_hp_loss":0,"event_name":"Mushrooms","floor":7,"gold_loss":0}],"is_beta":false,"boss_relics":[],"items_purged_floors":[],"is_endless":false,"potions_floor_spawned":[1,2,5,6,12,14],"killed_by":"Slime Boss","ascension_level":20}