{"gold_per_floor":[112,187,187,19,19,44,44,73,97,97,97,153,180,206,206,206],"floor_reached":16,"playtime":279,"items_purged":[],"score":324,"play_id":"639a2333-308a-4239-be72-71b4f9de4d02","local_time":"20190410204924","is_ascension_mode":true,"campfire_choices":[{"data":"Neutralize","floor":10,"key":"SMITH"},{"floor":15,"key":"REST"}],"neow_cost":"NONE","seed_source_timestamp":9527854921856760,"circlet_count":0,"master_deck":["AscendersBane","Defend_G","Defend_G","Defend_G+1","Defend_G+1","Defend_G+1","Strike_G+1","Strike_G","Strike_G","Strike_G","Strike_G","Survivor","Neutralize+1","Dash","Quick Slash","Dash","Flying Knee"],"relics":["Ring of the Snake","NeowsBlessing","Snake Skull","Omamori","PreservedInsect","War Paint","Juzu Bracelet","Nunchaku","Odd Mushroom"],"potions_floor_usage":[14,16],"damage_taken":[{"damage":0,"enemies":"Jaw Worm","floor":1,"turns":1},{"damage":0,"enemies":"Gremlin Nob","floor":6,"turns":1},{"damage":0,"enemies":"3 Sentries","floor":8,"turns":1},{"damage":8,"enemies":"Gremlin Nob","floor":13,"turns":4},{"damage":0,"enemies":"The Mushroom Lair","floor":14,"turns":6},{"damage":30,"enemies":"Hexaghost","floor":16,"turns":11}],"seed_played":"-1189979465884311154","potions_obtained":[{"floor":1,"key":"SpeedPotion"},{"floor":6,"key":"Weak Potion"}],"is_trial":false,"path_per_floor":["M","?","?","$","?","E","?","E","T","R","?","?","E","?","R","B"],"character_chosen":"THE_SILENT","items_purchased":["Snake Skull"],"campfire_rested":1,"item_purchase_floors":[4],"current_hp_per_floor":[59,48,28,28,28,28,50,50,50,50,15,15,7,7,26,0],"gold":206,"neow_bonus":"THREE_ENEMY_KILL","is_prod":false,"is_daily":false,"chose_seed":false,"campfire_upgraded":1,"win_rate":0,"timestamp":1554943764,"path_taken":["M","?","?","$","?","E","?","E","T","R","?","?","E","?","R","BOSS"],"build_version":"2019-01-23","purchased_purges":0,"victory":false,"max_hp_per_floor":[66,66,66,66,66,66,66,66,66,66,66,66,66,66,66,66],"card_choices":[{"not_picked":["Skewer","Slice"],"picked":"Dash","floor":1},{"not_picked":["Tactician","Dagger Throw"],"picked":"Quick Slash","floor":6},{"not_picked":["Backstab","Deadly Poison"],"picked":"Dash","floor":8},{"not_picked":["Calculated Gamble","Deflect","Underhanded Strike"],"picked":"SKIP","floor":13},{"not_picked":["Dodge and Roll","Prepared"],"picked":"Flying Knee","floor":14}],"player_experience":629785,"relics_obtained":[{"floor":6,"key":"Omamori"},{"floor":8,"key":"PreservedInsect"},{"floor":9,"key":"War Paint"},{"floor":13,"key":"Nunchaku"},{"floor":14,"key":"Odd Mushroom"}],"event_choices":[{"damage_healed":0,"gold_gain":75,"player_choice":"Gather Gold","damage_taken":11,"max_hp_gain":0,"max_hp_loss":0,"event_name":"World of Goop","floor":2,"gold_loss":0},{"damage_healed":0,"gold_gain":0,"player_choice":"Entered Light","damage_taken":20,"max_hp_gain":0,"max_hp_loss":0,"event_name":"Shining Light","floor":3,"gold_loss":0,"cards_upgraded":["Strike_G","Defend_G"]},{"damage_healed":0,"gold_gain":0,"player_choice":"Ignored","damage_taken":0,"max_hp_gain":0,"max_hp_loss":0,"event_name":"Liars Game","floor":5,"gold_loss":0},{"damage_healed":22,"gold_gain":0,"player_choice":"Banana","damage_taken":0,"max_hp_gain":0,"max_hp_loss":0,"event_name":"Big Fish","floor":7,"gold_loss":0},{"damage_healed":0,"gold_gain":0,"player_choice":"Success","damage_taken":35,"relics_obtained":["Juzu Bracelet"],"max_hp_gain":0,"max_hp_loss":0,"event_name":"Scrap Ooze","floor":11,"gold_loss":0},{"damage_healed":0,"gold_gain":56,"player_choice":"Gained Gold","damage_taken":0,"max_hp_gain":0,"max_hp_loss":0,"event_name":"Golden Wing","floor":12,"gold_loss":0},{"damage_healed":0,"gold_gain":0,"player_choice":"Fought Mushrooms","damage_taken":0,"max_hp_gain":0,"max_hp_loss":0,"event_name":"Mushrooms","floor":14,"gold_loss":0}],"is_beta":false,"boss_relics":[],"items_purged_floors":[],"is_endless":false,"potions_floor_spawned":[1,6,13],"killed_by":"Hexaghost","ascension_level":20}