{"gold_per_floor":[115,128,128,141,156,188,200,200,200,200,300,331,331,351,351,422,422,434,454,46,46,57,57,113,133,159,159,159,194,194,205,205,278,278,292,20,20,20,30,30,130,160,160,160,180,50,50,66,66,66,66],"floor_reached":52,"playtime":1645,"items_purged":["Strike_R","Anger"],"score":1960,"play_id":"e5e1c0f8-54d7-4e6a-9872-f474132ca2b0","local_time":"20190519191010","is_ascension_mode":true,"campfire_choices":[{"data":"Bash","floor":8.0,"key":"SMITH"},{"data":"Immolate","floor":10.0,"key":"SMITH"},{"data":"Fiend Fire","floor":13.0,"key":"SMITH"},{"data":"Double Tap","floor":15.0,"key":"SMITH"},{"data":"Fiend Fire","floor":23.0,"key":"SMITH"},{"floor":27.0,"key":"REST"},{"floor":32.0,"key":"REST"},{"data":"Limit Break","floor":40.0,"key":"SMITH"},{"data":"Flame Barrier","floor":44.0,"key":"SMITH"},{"data":"Inflame","floor":47.0,"key":"SMITH"},{"data":"Inflame","floor":49.0,"key":"SMITH"}],"neow_cost":"NONE","seed_source_timestamp":263017383001399,"circlet_count":0,"master_deck":["AscendersBane","Strike_R+1","Strike_R","Strike_R","Defend_R","Defend_R","Defend_R","Bash+1","Headbutt+1","Immolate+1","True Grit","Shrug It Off","Fiend Fire+1","Double Tap+1","Pummel","Fiend Fire+1","Inflame+1","Flame Barrier+1","Pummel","Rage","Inflame+1","Limit Break+1","Corruption","Reaper"],"special_seed":0,"relics":["Burning Blood","Unceasing Top","Pantograph","Shuriken","The Courier","Velvet Choker","Blood Vial","Mercury Hourglass","Tiny Chest","Bronze Scales","Darkstone Periapt","Matryoshka","Snecko Eye","Whetstone","Dead Branch","Singing Bowl","Dream Catcher","Letter Opener","Oddly Smooth Stone"],"potions_floor_usage":[],"damage_taken":[{"damage":7.0,"enemies":"Cultist","floor":1.0,"turns":4.0},{"damage":9.0,"enemies":"Small Slimes","floor":2.0,"turns":4.0},{"damage":2.0,"enemies":"Jaw Worm","floor":4.0,"turns":3.0},{"damage":6.0,"enemies":"Exordium Thugs","floor":5.0,"turns":3.0},{"damage":32.0,"enemies":"Gremlin Nob","floor":6.0,"turns":4.0},{"damage":8.0,"enemies":"Lots of Slimes","floor":7.0,"turns":2.0},{"damage":22.0,"enemies":"Lagavulin","floor":12.0,"turns":5.0},{"damage":16.0,"enemies":"Exordium Wildlife","floor":14.0,"turns":4.0},{"damage":0.0,"enemies":"Slime Boss","floor":16.0,"turns":7.0},{"damage":17.0,"enemies":"2 Thieves","floor":18.0,"turns":3.0},{"damage":34.0,"enemies":"Shell Parasite","floor":19.0,"turns":4.0},{"damage":0.0,"enemies":"Cultist and Chosen","floor":22.0,"turns":3.0},{"damage":28.0,"enemies":"Slavers","floor":24.0,"turns":3.0},{"damage":15.0,"enemies":"Centurion and Healer","floor":25.0,"turns":4.0},{"damage":25.0,"enemies":"Gremlin Leader","floor":29.0,"turns":4.0},{"damage":21.0,"enemies":"Shelled Parasite and Fungi","floor":31.0,"turns":3.0},{"damage":57.0,"enemies":"Collector","floor":33.0,"turns":7.0},{"damage":6.0,"enemies":"Orb Walker","floor":35.0,"turns":2.0},{"damage":16.0,"enemies":"3 Darklings","floor":39.0,"turns":2.0},{"damage":0.0,"enemies":"Mind Bloom Boss Battle","floor":41.0,"turns":4.0},{"damage":10.0,"enemies":"Nemesis","floor":42.0,"turns":3.0},{"damage":0.0,"enemies":"Sphere and 2 Shapes","floor":45.0,"turns":1.0},{"damage":2.0,"enemies":"Transient","floor":48.0,"turns":6.0},{"damage":61.0,"enemies":"Time Eater","floor":50.0,"turns":4.0},{"damage":64,"enemies":"Awakened One","floor":51,"turns":5}],"seed_played":"-411215047531181190","potions_obtained":[{"floor":6.0,"key":"EssenceOfSteel"},{"floor":7.0,"key":"Weak Potion"},{"floor":14.0,"key":"FairyPotion"},{"floor":31.0,"key":"SteroidPotion"},{"floor":33.0,"key":"Swift Potion"}],"is_trial":false,"path_per_floor":["M","M","T","M","M","E","M","R","T","R","?","E","R","M","R","B",null,"M","M","$","?","M","R","E","M","T","R","?","E","T","M","R","B",null,"M","$","?","?","M","R","?","E","T","R","M","$","R","M","R","B","B",null],"character_chosen":"IRONCLAD","items_purchased":["Blood Vial","Mercury Hourglass","Corruption","Whetstone","Oddly Smooth Stone"],"campfire_rested":2,"item_purchase_floors":[20,20,36,36,46],"current_hp_per_floor":[67,64,64,68,68,42,40,40,40,40,40,24,24,14,14,45,68,57,29,29,44,52,52,32,25,25,47,26,9,9,8,32,8,62,64,64,64,64,56,56,76,74,74,74,80,80,80,82,82,27,35],"gold":66,"neow_bonus":"REMOVE_CARD","is_prod":false,"is_daily":false,"chose_seed":false,"campfire_upgraded":9,"win_rate":0,"timestamp":1558289410,"path_taken":["M","?","?","M","?","E","?","R","T","R","?","E","R","M","R","BOSS","M","M","$","?","M","R","E","M","T","R","?","E","?","?","R","BOSS","M","?","?","?","M","R","?","E","T","R","?","$","R","M","R","BOSS","BOSS"],"build_version":"2019-01-23","purchased_purges":2,"victory":true,"max_hp_per_floor":[75,75,75,75,75,75,75,75,75,75,75,75,75,75,75,75,75,75,75,75,75,75,75,75,75,75,75,80,80,80,80,80,80,80,80,80,80,76,76,76,76,78,78,78,80,80,80,82,82,82,82],"card_choices":[{"not_picked":["Sword Boomerang","Armaments"],"picked":"Headbutt","floor":1.0},{"not_picked":["Thunderclap","Metallicize"],"picked":"Anger","floor":2.0},{"not_picked":["Evolve","Shrug It Off"],"picked":"Immolate","floor":4.0},{"not_picked":["Entrench","Heavy Blade"],"picked":"True Grit","floor":5.0},{"not_picked":["Thunderclap","Cleave"],"picked":"Shrug It Off","floor":6.0},{"not_picked":["Twin Strike","Body Slam"],"picked":"Fiend Fire","floor":7.0},{"not_picked":["Wild Strike","Feel No Pain"],"picked":"Double Tap","floor":12.0},{"not_picked":["Body Slam","Cleave"],"picked":"Pummel","floor":14.0},{"not_picked":["Bludgeon","Reaper"],"picked":"Fiend Fire","floor":16.0},{"not_picked":["Twin Strike","Heavy Blade"],"picked":"Inflame","floor":18.0},{"not_picked":["Shockwave","Cleave","Warcry"],"picked":"SKIP","floor":19.0},{"not_picked":["Twin Strike","Sword Boomerang+1","Hemokinesis"],"picked":"SKIP","floor":22.0},{"not_picked":["Entrench","Clash"],"picked":"Flame Barrier","floor":24.0},{"not_picked":["Cleave","Clothesline"],"picked":"Pummel","floor":25.0},{"not_picked":["Immolate","Perfected Strike"],"picked":"Rage","floor":29.0},{"not_picked":["Pommel Strike","Headbutt+1"],"picked":"Inflame","floor":31.0},{"not_picked":["Impervious","Feed"],"picked":"Limit Break","floor":33.0},{"not_picked":["Heavy Blade","Warcry","Wild Strike+1"],"picked":"SKIP","floor":35.0},{"not_picked":["Hemokinesis+1","Clash+1"],"picked":"Reaper","floor":39.0},{"not_picked":["Heavy Blade+1","Rampage+1","Perfected Strike"],"picked":"Singing Bowl","floor":42.0},{"not_picked":["Havoc","Wild Strike","Rage+1"],"picked":"Singing Bowl","floor":45.0},{"not_picked":["Havoc","Cleave","True Grit"],"picked":"Singing Bowl","floor":48.0}],"player_experience":1363416,"relics_obtained":[{"floor":3.0,"key":"Unceasing Top"},{"floor":6.0,"key":"Pantograph"},{"floor":9.0,"key":"Shuriken"},{"floor":12.0,"key":"The Courier"},{"floor":24.0,"key":"Tiny Chest"},{"floor":26.0,"key":"Bronze Scales"},{"floor":29.0,"key":"Darkstone Periapt"},{"floor":30.0,"key":"Matryoshka"},{"floor":41.0,"key":"Dead Branch"},{"floor":42.0,"key":"Singing Bowl"},{"floor":43.0,"key":"Dream Catcher"},{"floor":43.0,"key":"Letter Opener"}],"event_choices":[{"damage_healed":0.0,"max_hp_gain":0.0,"max_hp_loss":0.0,"gold_gain":100.0,"event_name":"Wheel of Change","player_choice":"Gold","floor":11.0,"gold_loss":0.0,"damage_taken":0.0},{"damage_healed":15.0,"max_hp_gain":0.0,"max_hp_loss":0.0,"gold_gain":0.0,"event_name":"The Library","player_choice":"Heal","floor":21.0,"gold_loss":0.0,"damage_taken":0.0},{"damage_healed":0.0,"max_hp_gain":5.0,"max_hp_loss":0.0,"gold_gain":0.0,"event_name":"Forgotten Altar","player_choice":"Shed Blood","floor":28.0,"gold_loss":0.0,"damage_taken":26.0},{"cards_removed":["Defend_R"],"damage_healed":0.0,"max_hp_gain":0.0,"max_hp_loss":0.0,"gold_gain":0.0,"event_name":"Falling","player_choice":"Removed Skill","floor":37.0,"gold_loss":0.0,"damage_taken":0.0},{"damage_healed":0.0,"max_hp_gain":0.0,"max_hp_loss":4.0,"gold_gain":0.0,"event_name":"Winding Halls","player_choice":"Max HP","floor":38.0,"gold_loss":0.0,"damage_taken":0.0},{"damage_healed":0.0,"max_hp_gain":0.0,"max_hp_loss":0.0,"gold_gain":0.0,"event_name":"MindBloom","player_choice":"Fight","floor":41.0,"gold_loss":0.0,"damage_taken":0.0}],"is_beta":false,"boss_relics":[{"not_picked":["Eternal Feather","Runic Cube"],"picked":"Velvet Choker"},{"not_picked":["Black Blood","Runic Dome"],"picked":"Snecko Eye"}],"items_purged_floors":[20,36],"is_endless":false,"potions_floor_spawned":[6,7,12,14,16,22,24,31,33,39,45],"ascension_level":20}