{"gold_per_floor":[117,117,117,32,44,77,77,96,119,119,129,141,155,155],"floor_reached":14,"playtime":297,"items_purged":[],"score":234,"play_id":"22aae413-c76e-46a1-8ad6-b210819b20d2","local_time":"20190704234257","is_ascension_mode":true,"campfire_choices":[{"data":"Barricade","floor":7,"key":"SMITH"},{"data":"Evolve","floor":10,"key":"SMITH"}],"neow_cost":"NONE","seed_source_timestamp":5916128093227978,"circlet_count":0,"master_deck":["AscendersBane","Strike_R","Strike_R","Strike_R","Strike_R+1","Defend_R","Defend_R","Defend_R","Defend_R","Bash+1","Sword Boomerang","Evolve+1","Barricade+1","Infernal Blade","Clothesline","Shrug It Off","Anger"],"relics":["Burning Blood","NeowsBlessing","Whetstone","Anchor"],"potions_floor_usage":[],"damage_taken":[{"damage":0,"enemies":"Cultist","floor":1,"turns":1},{"damage":0,"enemies":"Jaw Worm","floor":5,"turns":1},{"damage":0,"enemies":"3 Sentries","floor":6,"turns":2},{"damage":0,"enemies":"2 Louse","floor":8,"turns":2},{"damage":25,"enemies":"Exordium Wildlife","floor":11,"turns":7},{"damage":54,"enemies":"Gremlin Gang","floor":12,"turns":5},{"damage":1,"enemies":"Red Slaver","floor":13,"turns":3},{"damage":0,"enemies":"Lagavulin","floor":14,"turns":2}],"seed_played":"-5838717620450318355","potions_obtained":[{"floor":8,"key":"EssenceOfSteel"},{"floor":13,"key":"EssenceOfSteel"}],"is_trial":false,"path_per_floor":["M","?","?","$","M","E","R","M","T","R","M","M","M","E"],"character_chosen":"IRONCLAD","items_purchased":["Evolve"],"campfire_rested":0,"item_purchase_floors":[4],"current_hp_per_floor":[74,74,74,74,75,75,75,75,75,75,56,8,13,13],"gold":155,"neow_bonus":"THREE_ENEMY_KILL","is_prod":false,"is_daily":false,"chose_seed":false,"campfire_upgraded":2,"win_rate":0,"timestamp":1562298177,"path_taken":["M","?","?","$","M","E","R","M","T","R","M","M","?","E"],"build_version":"2019-07-01","purchased_purges":0,"victory":false,"max_hp_per_floor":[75,75,75,75,75,75,75,75,75,75,75,75,75,75],"card_choices":[{"not_picked":["Warcry","Seeing Red"],"picked":"Sword Boomerang","floor":1},{"not_picked":["Thunderclap","Blood for Blood","Warcry"],"picked":"SKIP","floor":5},{"not_picked":["Wild Strike","Bloodletting"],"picked":"Barricade","floor":6},{"not_picked":["Carnage","Anger"],"picked":"Infernal Blade","floor":8},{"not_picked":["Pommel Strike","Heavy Blade"],"picked":"Clothesline","floor":11},{"not_picked":["Sword Boomerang","Flex"],"picked":"Shrug It Off","floor":12},{"not_picked":["Thunderclap","Wild Strike"],"picked":"Anger","floor":13}],"player_experience":868160,"relics_obtained":[{"floor":6,"key":"Whetstone"},{"floor":9,"key":"Anchor"}],"event_choices":[{"damage_healed":0,"gold_gain":0,"player_choice":"Ignored","damage_taken":0,"max_hp_gain":0,"max_hp_loss":0,"event_name":"Liars Game","floor":2,"gold_loss":0},{"cards_removed":["Strike_R"],"damage_healed":0,"gold_gain":0,"player_choice":"Offered Basic","damage_taken":0,"max_hp_gain":0,"max_hp_loss":0,"event_name":"Bonfire Elementals","floor":3,"gold_loss":0}],"is_beta":false,"boss_relics":[],"items_purged_floors":[],"is_endless":false,"potions_floor_spawned":[8,13],"killed_by":"Lagavulin","ascension_level":20}