{"gold_per_floor":[119,119,119,61,71,71,101,101,181,191,201,231,8,8,8,87,87,102,116,151,151,203,203,118,118,118,143,143,163,103,123,123,123],"floor_reached":33,"playtime":813,"items_purged":["Strike_B"],"score":617,"play_id":"1d20946e-18d6-4909-9206-a23ad0fa3503","local_time":"20190525203243","is_ascension_mode":true,"campfire_choices":[{"floor":6.0,"key":"DIG"},{"floor":15.0,"key":"REST"},{"floor":23.0,"key":"REST"},{"floor":25.0,"key":"DIG"},{"floor":28.0,"key":"DIG"},{"floor":32,"key":"DIG"}],"neow_cost":"NONE","seed_source_timestamp":7214980574700,"circlet_count":0,"master_deck":["AscendersBane","Strike_B+1","Strike_B","Strike_B","Defend_B","Defend_B","Defend_B","Defend_B","Zap","Dualcast+1","Cold Snap","Cold Snap","Cold Snap","Ball Lightning","Beam Cell","Sunder","Cold Snap","Echo Form","Storm","Hologram+1","Meteor Strike"],"special_seed":0,"relics":["Cracked Core","NeowsBlessing","Shovel","Nunchaku","Blood Vial","The Courier","Oddly Smooth Stone","Mummified Hand","Nuclear Battery","Red Mask","Juzu Bracelet","Gambling Chip","Dead Branch","Symbiotic Virus","Pen Nib","Frozen Egg 2","PreservedInsect"],"potions_floor_usage":[31],"damage_taken":[{"damage":0.0,"enemies":"Small Slimes","floor":1.0,"turns":1.0},{"damage":0.0,"enemies":"Jaw Worm","floor":5.0,"turns":1.0},{"damage":0.0,"enemies":"Gremlin Nob","floor":7.0,"turns":1.0},{"damage":0.0,"enemies":"2 Louse","floor":10.0,"turns":2.0},{"damage":7.0,"enemies":"2 Fungi Beasts","floor":11.0,"turns":3.0},{"damage":18.0,"enemies":"Lagavulin","floor":12.0,"turns":4.0},{"damage":21.0,"enemies":"Hexaghost","floor":16.0,"turns":11.0},{"damage":14.0,"enemies":"Spheric Guardian","floor":18.0,"turns":5.0},{"damage":0.0,"enemies":"Chosen","floor":19.0,"turns":3.0},{"damage":28.0,"enemies":"Masked Bandits","floor":20.0,"turns":4.0},{"damage":17.0,"enemies":"Colosseum Slavers","floor":21.0,"turns":5.0},{"damage":6.0,"enemies":"Gremlin Leader","floor":27.0,"turns":7.0},{"damage":0.0,"enemies":"3 Cultists","floor":29.0,"turns":5.0},{"damage":6,"enemies":"Snake Plant","floor":31,"turns":3},{"damage":51,"enemies":"Collector","floor":33,"turns":5}],"seed_played":"-74342556868539875","potions_obtained":[{"floor":10.0,"key":"AttackPotion"},{"floor":11.0,"key":"FairyPotion"},{"floor":12.0,"key":"FocusPotion"},{"floor":19.0,"key":"FocusPotion"},{"floor":27.0,"key":"GamblersBrew"},{"floor":29.0,"key":"Block Potion"}],"is_trial":false,"path_per_floor":["M","?","T","$","M","R","E","?","T","M","M","E","$","?","R","B",null,"M","M","?","?","T","R","?","R","T","E","R","M","$","M","R","B"],"character_chosen":"DEFECT","items_purchased":["Cold Snap","Mummified Hand"],"campfire_rested":2,"item_purchase_floors":[4,13],"current_hp_per_floor":[64,43,43,43,43,43,43,48,48,50,45,29,29,29,51,32,65,53,55,29,14,14,36,36,36,36,32,32,34,34,30,30,0],"gold":123,"neow_bonus":"THREE_ENEMY_KILL","is_prod":false,"is_daily":false,"chose_seed":false,"campfire_upgraded":0,"win_rate":0,"timestamp":1558812763,"path_taken":["M","?","?","$","M","R","E","?","T","M","M","E","$","?","R","BOSS","M","M","?","?","?","R","?","R","T","E","R","M","$","M","R","BOSS"],"build_version":"2019-01-23","purchased_purges":1,"victory":false,"max_hp_per_floor":[71,71,71,71,71,71,71,76,76,76,76,76,76,76,76,76,76,76,76,76,76,76,76,76,76,76,76,76,76,76,76,76,76],"card_choices":[{"not_picked":["Conserve Battery","Gash"],"picked":"Cold Snap","floor":1.0},{"not_picked":["Compile Driver","Streamline"],"picked":"Cold Snap","floor":5.0},{"not_picked":["Darkness","Chill"],"picked":"Ball Lightning","floor":7.0},{"not_picked":["Compile Driver","Turbo"],"picked":"Beam Cell","floor":10.0},{"not_picked":["Barrage","Leap"],"picked":"Sunder","floor":11.0},{"not_picked":["Chill","Chaos"],"picked":"Cold Snap","floor":12.0},{"not_picked":["Hyperbeam","Multi-Cast"],"picked":"Echo Form","floor":16.0},{"not_picked":["Chaos","Turbo","Doom and Gloom"],"picked":"SKIP","floor":18.0},{"not_picked":["Streamline","Beam Cell"],"picked":"Storm","floor":19.0},{"not_picked":["Rebound","Darkness"],"picked":"Hologram+1","floor":20.0},{"not_picked":["Cold Snap","Chill","Conserve Battery"],"picked":"SKIP","floor":27.0},{"not_picked":["Streamline","Ball Lightning"],"picked":"Meteor Strike","floor":29.0},{"not_picked":["Barrage","Coolheaded","Turbo"],"picked":"SKIP","floor":31}],"player_experience":1399791,"relics_obtained":[{"floor":3.0,"key":"Shovel"},{"floor":6.0,"key":"Nunchaku"},{"floor":7.0,"key":"Blood Vial"},{"floor":9.0,"key":"The Courier"},{"floor":12.0,"key":"Oddly Smooth Stone"},{"floor":20.0,"key":"Red Mask"},{"floor":22.0,"key":"Juzu Bracelet"},{"floor":25.0,"key":"Dead Branch"},{"floor":26.0,"key":"Symbiotic Virus"},{"floor":27.0,"key":"Pen Nib"},{"floor":28.0,"key":"Frozen Egg 2"},{"floor":32,"key":"PreservedInsect"}],"event_choices":[{"damage_healed":0.0,"max_hp_gain":0.0,"max_hp_loss":0.0,"gold_gain":0.0,"event_name":"Shining Light","player_choice":"Entered Light","floor":2.0,"gold_loss":0.0,"damage_taken":21.0,"cards_upgraded":["Strike_B","Dualcast"]},{"damage_healed":0.0,"max_hp_gain":5.0,"max_hp_loss":0.0,"gold_gain":0.0,"event_name":"Big Fish","player_choice":"Donut","floor":8.0,"gold_loss":0.0,"damage_taken":0.0},{"damage_healed":0.0,"max_hp_gain":0.0,"max_hp_loss":0.0,"gold_gain":0.0,"event_name":"Scrap Ooze","player_choice":"Fled","floor":14.0,"gold_loss":0.0,"damage_taken":0.0},{"damage_healed":0.0,"max_hp_gain":0.0,"max_hp_loss":0.0,"gold_gain":0.0,"event_name":"Masked Bandits","player_choice":"Fought Bandits","floor":20.0,"gold_loss":0.0,"damage_taken":0.0},{"damage_healed":0.0,"max_hp_gain":0.0,"max_hp_loss":0.0,"gold_gain":0.0,"event_name":"Colosseum","player_choice":"Fight","floor":21.0,"gold_loss":0.0,"damage_taken":0.0},{"damage_healed":0.0,"max_hp_gain":0.0,"max_hp_loss":0.0,"gold_gain":0.0,"event_name":"Colosseum","player_choice":"Fled From Nobs","floor":21.0,"gold_loss":0.0,"damage_taken":0.0},{"damage_healed":0.0,"max_hp_gain":0.0,"max_hp_loss":0.0,"gold_gain":0.0,"event_name":"Addict","player_choice":"Obtained Relic","floor":24.0,"gold_loss":85.0,"damage_taken":0.0,"relics_obtained":["Gambling Chip"]}],"is_beta":false,"boss_relics":[{"not_picked":["Busted Crown","White Beast Statue"],"picked":"Nuclear Battery"}],"items_purged_floors":[30],"is_endless":false,"potions_floor_spawned":[10,11,12,19,20,27,29],"killed_by":"Collector","ascension_level":20}