{"gold_per_floor":[114,129,142,142,161,161,194,209,209,244,262,100,100,100,100,229,229,242,157,173,77,93,93,134,154,178,203,203,203,224,248,248,371,371,386,410,410,430,443,443,464,485,485,0,38,38,63,87,87,87],"floor_reached":50,"playtime":5346,"items_purged":[],"score":637,"play_id":"28151812-c190-45bd-90b5-e0eb57573acd","local_time":"20180701184830","is_ascension_mode":false,"campfire_choices":[{"data":"Loop","floor":6,"key":"SMITH"},{"floor":13,"key":"REST"},{"data":"Sweeping Beam","floor":15,"key":"SMITH"},{"floor":23,"key":"REST"},{"floor":29,"key":"REST"},{"floor":32,"key":"REST"},{"floor":40,"key":"REST"},{"floor":46,"key":"REST"},{"floor":49,"key":"REST"}],"neow_cost":"NONE","seed_source_timestamp":5378561980927924,"circlet_count":0,"master_deck":["Defend_B+1","Defend_B","Defend_B+1","Defend_B","Zap","Dualcast","Cold Snap","Sweeping Beam+1","Loop+1","Rebound","Cold Snap","Go for the Eyes","Compile Driver","Go for the Eyes","Electrodynamics","Injury","Machine Learning","Hello World+1","Sweeping Beam","Bandage Up","Ball Lightning","Compile Driver","Cold Snap","Genetic Algorithm+1","Bite","Bite","Bite","Bite","Bite","Ball Lightning","Auto Shields","Fission","Melter","Beam Cell","Bandage Up","Enlightenment","Good Instincts","Auto Shields+1","Cold Snap+1","Beam Cell+1","Compile Driver","Self Repair+1","Tempest","Static Discharge"],"relics":["Cracked Core","Whetstone","Question Card","Meat on the Bone","Bottled Flame","Golden Idol","Sozu","Shuriken","Letter Opener","War Paint","Inserter","Centennial Puzzle","Red Mask","Vajra"],"potions_floor_usage":[],"damage_taken":[{"damage":1,"enemies":"Jaw Worm","floor":1,"turns":2},{"damage":5,"enemies":"2 Louse","floor":2,"turns":3},{"damage":2,"enemies":"Small Slimes","floor":3,"turns":3},{"damage":7,"enemies":"3 Louse","floor":5,"turns":2},{"damage":19,"enemies":"Lagavulin","floor":7,"turns":6},{"damage":0,"enemies":"Large Slime","floor":8,"turns":5},{"damage":14,"enemies":"3 Sentries","floor":10,"turns":6},{"damage":1,"enemies":"Exordium Wildlife","floor":11,"turns":3},{"damage":0,"enemies":"Slime Boss","floor":16,"turns":8},{"damage":13,"enemies":"Chosen","floor":18,"turns":5},{"damage":16,"enemies":"2 Thieves","floor":20,"turns":4},{"damage":26,"enemies":"3 Cultists","floor":22,"turns":4},{"damage":36,"enemies":"Book of Stabbing","floor":24,"turns":5},{"damage":15,"enemies":"Snake Plant","floor":25,"turns":3},{"damage":17,"enemies":"Cultist and Chosen","floor":27,"turns":5},{"damage":38,"enemies":"Slaver and Parasite","floor":30,"turns":5},{"damage":23,"enemies":"Centurion and Healer","floor":31,"turns":4},{"damage":45,"enemies":"Champ","floor":33,"turns":11},{"damage":17,"enemies":"3 Shapes","floor":35,"turns":3},{"damage":9,"enemies":"Orb Walker","floor":36,"turns":4},{"damage":17,"enemies":"Sphere and 2 Shapes","floor":38,"turns":5},{"damage":37,"enemies":"4 Shapes","floor":39,"turns":7},{"damage":20,"enemies":"3 Darklings","floor":41,"turns":4},{"damage":29,"enemies":"Maw","floor":42,"turns":8},{"damage":24,"enemies":"Nemesis","floor":45,"turns":7},{"damage":8,"enemies":"Sphere and 2 Shapes","floor":47,"turns":4},{"damage":38,"enemies":"3 Darklings","floor":48,"turns":4},{"damage":64,"enemies":"Awakened One","floor":50,"turns":6}],"seed_played":"7211920445350566647","potions_obtained":[{"floor":2,"key":"Block Potion"},{"floor":5,"key":"Block Potion"},{"floor":10,"key":"Explosive Potion"}],"is_trial":false,"path_per_floor":["M","M","M","$","M","R","E","M","T","E","M","$","R","?","R","B",null,"M","?","M","$","M","R","E","M","T","M","?","R","M","M","R","B",null,"M","M","?","M","M","R","M","M","T","?","E","R","M","M","R"],"character_chosen":"DEFECT","items_purchased":["Electrodynamics","Bandage Up"],"campfire_rested":7,"item_purchase_floors":[12,21],"current_hp_per_floor":[74,69,67,67,60,60,41,41,41,39,38,38,60,60,60,60,75,62,62,46,46,36,58,38,35,35,34,34,49,36,33,48,31,52,39,38,28,35,24,39,31,28,28,28,32,47,45,33,48,0],"gold":87,"neow_bonus":"RANDOM_COMMON_RELIC","is_prod":false,"is_daily":false,"chose_seed":false,"campfire_upgraded":2,"win_rate":0.0,"timestamp":1530485310,"path_taken":["M","M","M","$","M","R","E","M","T","E","M","$","R","?","R","BOSS","M","?","M","$","M","R","E","M","T","M","?","R","?","M","R","BOSS","M","?","?","M","M","R","M","M","T","?","E","R","?","M","R","BOSS"],"build_version":"2018-06-28","purchased_purges":0,"victory":false,"max_hp_per_floor":[75,75,75,75,75,75,75,75,75,75,75,75,75,75,75,75,75,75,75,75,75,75,75,75,75,75,75,52,52,52,52,52,52,52,52,52,52,52,52,52,52,52,52,52,52,52,52,52,52,52],"card_choices":[{"not_picked":["Leap","Sweeping Beam"],"picked":"Cold Snap","floor":1},{"not_picked":["Stack","Skim"],"picked":"Sweeping Beam","floor":2},{"not_picked":["Barrage","Go for the Eyes"],"picked":"Loop","floor":3},{"not_picked":["Darkness","Cold Snap"],"picked":"Rebound","floor":5},{"not_picked":["Machine Learning","Lockon"],"picked":"Cold Snap","floor":7},{"not_picked":["Redo","Cold Snap","Darkness"],"picked":"Go for the Eyes","floor":8},{"not_picked":["Reprogram","Leap","Barrage"],"picked":"Compile Driver","floor":10},{"not_picked":["Compile Driver","Aggregate","Sweeping Beam"],"picked":"Go for the Eyes","floor":11},{"not_picked":["Rainbow","Amplify","Buffer"],"picked":"Machine Learning","floor":16},{"not_picked":["Leap","Compile Driver","Skim+1"],"picked":"Hello World+1","floor":18},{"not_picked":["Stack","Echo Form","Hologram"],"picked":"Sweeping Beam","floor":20},{"not_picked":["Heatsinks","Rebound","Compile Driver+1"],"picked":"Ball Lightning","floor":22},{"not_picked":["Heatsinks","Force Field+1","Electrodynamics"],"picked":"Compile Driver","floor":24},{"not_picked":["Beam Cell","Chaos","Heatsinks"],"picked":"Cold Snap","floor":25},{"not_picked":["Conserve Battery","Glacier+1","Aggregate"],"picked":"Genetic Algorithm+1","floor":27},{"not_picked":["Coolheaded","Compile Driver","Stack+1"],"picked":"Ball Lightning","floor":30},{"not_picked":["Gash","Ball Lightning","Beam Cell+1"],"picked":"Auto Shields","floor":31},{"not_picked":["Machine Learning","Buffer","Echo Form"],"picked":"Fission","floor":33},{"not_picked":["Genetic Algorithm","Skim","Fusion+1"],"picked":"Melter","floor":35},{"not_picked":["Leap+1","Sweeping Beam","Go for the Eyes"],"picked":"Beam Cell","floor":36},{"not_picked":["Jack Of All Trades","Apotheosis","Magnetism"],"picked":"Bandage Up","floor":37},{"not_picked":["Dark Shackles","Deep Breath","Panacea"],"picked":"Enlightenment","floor":37},{"not_picked":["Deep Breath","Transmutation","Blind"],"picked":"Good Instincts","floor":37},{"not_picked":["Ball Lightning","Barrage+1","Stack"],"picked":"Auto Shields+1","floor":38},{"not_picked":["Reinforced Body","Undo","Redo"],"picked":"Cold Snap+1","floor":39},{"not_picked":["Go for the Eyes","Coolheaded","Steam+1"],"picked":"Beam Cell+1","floor":41},{"not_picked":["Chill","Fission","Coolheaded+1"],"picked":"Compile Driver","floor":42},{"not_picked":["Chaos","Barrage+1","Rebound+1"],"picked":"Self Repair+1","floor":45},{"not_picked":["Barrage","Go for the Eyes+1","Leap"],"picked":"Tempest","floor":47},{"not_picked":["Rebound","Redo+1","Stack"],"picked":"Static Discharge","floor":48}],"player_experience":19629,"relics_obtained":[{"floor":7,"key":"Question Card"},{"floor":9,"key":"Meat on the Bone"},{"floor":10,"key":"Bottled Flame"},{"floor":24,"key":"Letter Opener"},{"floor":26,"key":"War Paint"},{"floor":43,"key":"Centennial Puzzle"},{"floor":45,"key":"Vajra"}],"event_choices":[{"event_name":"Golden Idol","player_choice":"Take Wound","floor":14,"damage_taken":0},{"event_name":"Addict","player_choice":"Obtained Relic","floor":19,"damage_taken":0},{"event_name":"Vampires","player_choice":"Became a vampire","floor":28,"damage_taken":0},{"event_name":"SensoryStone","player_choice":"Memory 3","floor":37,"damage_taken":0},{"event_name":"Tomb of Lord Red Mask","player_choice":"Paid","floor":44,"damage_taken":0}],"boss_relics":[{"not_picked":["Astrolabe","Lizard Tail"],"picked":"Sozu"},{"not_picked":["Eternal Feather","Busted Crown"],"picked":"Inserter"}],"items_purged_floors":[],"is_endless":false,"potions_floor_spawned":[2,5,10,11,24,25,30,33,36,42,45,48],"killed_by":"Awakened One","ascension_level":0}