{"gold_per_floor":[117,117,117,117,82,82,117,132,132,145,176,176,194,215,215,313,313,338,353,373,0,23,23,23,23,49,49,69,69,89,89,89,179,179,200,200,213,276,201,242,242,276,276,316,316,316,0,0,0,0],"floor_reached":50,"playtime":2626,"items_purged":["Strike_B+1"],"score":1063,"play_id":"9c371e11-498d-4f40-bd8a-471699bc0cbe","local_time":"20180828202323","is_ascension_mode":true,"campfire_choices":[{"data":"Hello World","floor":6.0,"key":"SMITH"},{"floor":12.0,"key":"REST"},{"data":"Echo Form","floor":15.0,"key":"SMITH"},{"data":"Echo Form","floor":23.0,"key":"SMITH"},{"data":"Loop","floor":25.0,"key":"SMITH"},{"data":"Hologram","floor":27.0,"key":"SMITH"},{"data":"Defragment","floor":32.0,"key":"SMITH"},{"floor":41.0,"key":"REST"},{"data":"Defragment","floor":46,"key":"SMITH"},{"floor":49,"key":"REST"}],"neow_cost":"NONE","seed_source_timestamp":4489206382235481,"circlet_count":0,"master_deck":["Strike_B+1","Defend_B+1","Defend_B+1","Defend_B+1","Zap+1","Dualcast","AscendersBane","Hello World+1","Echo Form+1","Reinforced Body","Steam","Hologram+1","Glacier","Echo Form+1","Doom and Gloom","Loop+1","Leap","Ball Lightning","Defragment+1","Machine Learning","Leap+1","Mayhem","Stack+1","Go for the Eyes+1","Capacitor","Defragment+1","Conserve Battery+1"],"special_seed":0,"relics":["Cracked Core","Golden Idol","Dream Catcher","Mango","Matryoshka","Snecko Eye","Mummified Hand","Toxic Egg 2","Bag of Preparation","Happy Flower","Mercury Hourglass","Nuclear Battery","Torii","Juzu Bracelet","Bottled Lightning","Kunai","Meat on the Bone","Red Mask"],"potions_floor_usage":[50,50],"damage_taken":[{"damage":7.0,"enemies":"Jaw Worm","floor":1.0,"turns":3.0},{"damage":9.0,"enemies":"Lagavulin","floor":7.0,"turns":7.0},{"damage":5.0,"enemies":"Small Slimes","floor":8.0,"turns":4.0},{"damage":15.0,"enemies":"2 Louse","floor":10.0,"turns":2.0},{"damage":16.0,"enemies":"3 Sentries","floor":11.0,"turns":10.0},{"damage":4.0,"enemies":"Looter","floor":13.0,"turns":3.0},{"damage":6.0,"enemies":"2 Fungi Beasts","floor":14.0,"turns":4.0},{"damage":19.0,"enemies":"The Guardian","floor":16.0,"turns":13.0},{"damage":1.0,"enemies":"Spheric Guardian","floor":18.0,"turns":7.0},{"damage":5.0,"enemies":"Shell Parasite","floor":19.0,"turns":5.0},{"damage":4.0,"enemies":"Centurion and Healer","floor":20.0,"turns":10.0},{"damage":16.0,"enemies":"3 Cultists","floor":22.0,"turns":4.0},{"damage":0.0,"enemies":"Chosen and Byrds","floor":28.0,"turns":7.0},{"damage":10.0,"enemies":"Shelled Parasite and Fungi","floor":30.0,"turns":6.0},{"damage":2.0,"enemies":"Automaton","floor":33.0,"turns":7.0},{"damage":0.0,"enemies":"Orb Walker","floor":35.0,"turns":2.0},{"damage":0.0,"enemies":"Flame Bruiser 1 Orb","floor":37.0,"turns":6.0},{"damage":7.0,"enemies":"Mysterious Sphere","floor":38.0,"turns":5.0},{"damage":46.0,"enemies":"2 Orb Walkers","floor":40.0,"turns":5.0},{"damage":16.0,"enemies":"Nemesis","floor":42.0,"turns":7.0},{"damage":0,"enemies":"Giant Head","floor":44,"turns":7},{"damage":71,"enemies":"Awakened One","floor":50,"turns":3}],"seed_played":"3085784166178441198","potions_obtained":[{"floor":1.0,"key":"GamblersBrew"},{"floor":10.0,"key":"SteroidPotion"},{"floor":18.0,"key":"Strength Potion"},{"floor":22.0,"key":"PowerPotion"},{"floor":35.0,"key":"LiquidBronze"}],"is_trial":false,"path_per_floor":["M","?","?","?","?","R","E","M","T","M","E","R","M","M","R","B",null,"M","M","M","$","M","R","?","R","T","R","M","T","M","?","R","B",null,"M","?","M","?","$","E","R","E","T","E","?","R","?","?","R"],"character_chosen":"DEFECT","items_purchased":["Mummified Hand","Loop"],"campfire_rested":3,"item_purchase_floors":[21,21],"current_hp_per_floor":[57,33,33,26,43,43,34,29,43,28,12,37,33,27,27,8,66,65,60,56,56,40,40,57,57,57,57,57,57,47,47,47,45,75,75,75,75,68,68,22,47,31,31,31,31,31,31,31,56,0],"gold":0,"neow_bonus":"UPGRADE_CARD","is_prod":false,"is_daily":false,"chose_seed":false,"campfire_upgraded":7,"win_rate":0,"timestamp":1535502203,"path_taken":["M","?","?","?","?","R","E","?","T","M","E","R","M","M","R","BOSS","M","M","?","$","M","R","?","R","T","R","M","?","?","?","R","BOSS","M","?","M","?","?","E","R","E","T","E","?","R","?","?","R","BOSS"],"build_version":"2018-08-23v2","purchased_purges":1,"victory":false,"max_hp_per_floor":[71,71,71,71,71,71,71,71,85,85,85,85,85,85,85,85,85,85,85,85,85,85,85,85,85,85,85,85,85,85,85,85,85,85,85,85,85,85,85,85,85,85,85,85,85,85,85,85,85,85],"card_choices":[{"not_picked":["Chaos","Recycle","Redo"],"picked":"SKIP","floor":1.0},{"not_picked":["Ball Lightning","Hello World"],"picked":"Echo Form","floor":7.0},{"not_picked":["Compile Driver","Beam Cell"],"picked":"Reinforced Body","floor":8.0},{"not_picked":["Storm","Undo"],"picked":"Steam","floor":10.0},{"not_picked":["Consume","Stack","Redo"],"picked":"SKIP","floor":11.0},{"not_picked":["Scrape","Sweeping Beam"],"picked":"Hologram","floor":13.0},{"not_picked":["Hologram","Biased Cognition"],"picked":"Glacier","floor":14.0},{"not_picked":["Hyperbeam","Rainbow"],"picked":"Echo Form","floor":16.0},{"not_picked":["Chill+1","Sweeping Beam+1"],"picked":"Doom and Gloom","floor":18.0},{"not_picked":["Scrape+1","Chaos","Rebound"],"picked":"SKIP","floor":19.0},{"not_picked":["Steam","Aggregate","Sweeping Beam"],"picked":"SKIP","floor":20.0},{"not_picked":["Sweeping Beam","Beam Cell"],"picked":"Leap","floor":22.0},{"not_picked":["Stack+1","Beam Cell"],"picked":"Ball Lightning","floor":28.0},{"not_picked":["Aggregate+1","Chaos+1"],"picked":"Defragment","floor":30.0},{"not_picked":["Buffer","Amplify+1"],"picked":"Machine Learning","floor":33.0},{"not_picked":["Sweeping Beam","BootSequence+1"],"picked":"Leap+1","floor":35.0},{"not_picked":["Secret Weapon+1","Enlightenment+1"],"picked":"Mayhem","floor":36.0},{"not_picked":["Darkness+1","Sweeping Beam","Double Energy+1"],"picked":"SKIP","floor":37.0},{"not_picked":["Steam+1","Cold Snap"],"picked":"Stack+1","floor":38.0},{"not_picked":["Conserve Battery+1","Chill+1"],"picked":"Go for the Eyes+1","floor":40.0},{"not_picked":["Barrage","Sweeping Beam"],"picked":"Capacitor","floor":41.0},{"not_picked":["Compile Driver","Barrage+1"],"picked":"Defragment","floor":42},{"not_picked":["Cold Snap+1","Multi-Cast+1","Rebound+1"],"picked":"SKIP","floor":44},{"not_picked":["Gash","Go for the Eyes"],"picked":"Conserve Battery+1","floor":49}],"player_experience":285066,"relics_obtained":[{"floor":7.0,"key":"Dream Catcher"},{"floor":9.0,"key":"Mango"},{"floor":11.0,"key":"Matryoshka"},{"floor":26.0,"key":"Toxic Egg 2"},{"floor":26.0,"key":"Bag of Preparation"},{"floor":29.0,"key":"Happy Flower"},{"floor":29.0,"key":"Mercury Hourglass"},{"floor":38.0,"key":"Torii"},{"floor":40.0,"key":"Juzu Bracelet"},{"floor":42,"key":"Bottled Lightning"},{"floor":43,"key":"Kunai"},{"floor":44,"key":"Meat on the Bone"}],"event_choices":[{"event_name":"Golden Idol","player_choice":"Take Damage","floor":2.0,"damage_taken":0.0},{"event_name":"Living Wall","player_choice":"Change","floor":3.0,"damage_taken":0.0},{"event_name":"Golden Wing","player_choice":"Card Removal","floor":4.0,"damage_taken":0.0},{"event_name":"The Cleric","player_choice":"Healed","floor":5.0,"damage_taken":0.0},{"event_name":"The Library","player_choice":"Heal","floor":24.0,"damage_taken":0.0},{"event_name":"Back to Basics","player_choice":"Simplicity","floor":31.0,"damage_taken":0.0},{"event_name":"SensoryStone","player_choice":"Memory 1","floor":36.0,"damage_taken":0.0},{"event_name":"Mysterious Sphere","player_choice":"Fight","floor":38.0,"damage_taken":0.0},{"event_name":"The Moai Head","player_choice":"Ignored","floor":45,"damage_taken":0},{"event_name":"Tomb of Lord Red Mask","player_choice":"Paid","floor":47,"damage_taken":0},{"event_name":"Falling","player_choice":"Removed Attack","floor":48,"damage_taken":0}],"is_beta":false,"boss_relics":[{"not_picked":["Black Star","Eternal Feather"],"picked":"Snecko Eye"},{"not_picked":["FrozenCore","Busted Crown"],"picked":"Nuclear Battery"}],"items_purged_floors":[39],"is_endless":false,"potions_floor_spawned":[1,10,11,14,18,20,22,30,35,38,44],"killed_by":"Awakened One","ascension_level":17}