{"gold_per_floor":[114,114,114,30,45,45,78,96,96,17,27,27,41,41,41,115,115,86,86,97,12,12],"floor_reached":22,"playtime":784,"items_purged":[],"score":368,"play_id":"52bf4465-fffc-4e65-bf6c-08bb027d6007","local_time":"20190630145604","is_ascension_mode":true,"campfire_choices":[{"data":"Die Die Die","floor":6.0,"key":"SMITH"},{"data":"A Thousand Cuts","floor":12.0,"key":"SMITH"},{"floor":15.0,"key":"REST"}],"neow_cost":"NONE","seed_source_timestamp":0,"circlet_count":0,"master_deck":["AscendersBane","Defend_G","Defend_G","Defend_G","Defend_G","Defend_G","Strike_G","Strike_G","Survivor","Neutralize+1","Flying Knee","Die Die Die+1","Quick Slash","Outmaneuver","A Thousand Cuts+1","Deflect","Backflip","Tools of the Trade","Dagger Spray","Calculated Gamble","Burst","Escape Plan"],"special_seed":0,"relics":["Ring of the Snake","Boot","Gambling Chip","Ornamental Fan","Black Star","Prayer Wheel"],"potions_floor_usage":[],"damage_taken":[{"damage":5.0,"enemies":"Small Slimes","floor":1.0,"turns":4.0},{"damage":0.0,"enemies":"2 Louse","floor":5.0,"turns":2.0},{"damage":25.0,"enemies":"Lagavulin","floor":7.0,"turns":8.0},{"damage":0.0,"enemies":"Cultist","floor":8.0,"turns":3.0},{"damage":0.0,"enemies":"Lots of Slimes","floor":11.0,"turns":1.0},{"damage":7.0,"enemies":"Red Slaver","floor":13.0,"turns":4.0},{"damage":10.0,"enemies":"The Guardian","floor":16.0,"turns":16.0},{"damage":8.0,"enemies":"2 Thieves","floor":18.0,"turns":4.0},{"damage":44.0,"enemies":"Chosen","floor":20.0,"turns":10.0},{"damage":14,"enemies":"Snecko","floor":22,"turns":3}],"seed_played":"-5418228650123716597","potions_obtained":[{"floor":5.0,"key":"SpeedPotion"},{"floor":8.0,"key":"AttackPotion"}],"is_trial":false,"path_per_floor":["M","?","?","$","M","R","E","M","T","$","M","R","M","$","R","B",null,"M","?","M","?","M"],"character_chosen":"THE_SILENT","items_purchased":["Die Die Die","A Thousand Cuts"],"campfire_rested":1,"item_purchase_floors":[4,10],"current_hp_per_floor":[54,47,47,47,47,47,22,22,22,22,22,22,15,15,34,24,56,48,48,4,4,0],"gold":12,"neow_bonus":"RANDOM_COMMON_RELIC","is_prod":false,"is_daily":false,"chose_seed":false,"campfire_upgraded":2,"win_rate":0,"timestamp":1561920964,"path_taken":["M","?","?","$","?","R","E","?","T","?","M","R","M","$","R","BOSS","M","?","M","?","M"],"build_version":"2019-01-23","purchased_purges":0,"victory":false,"max_hp_per_floor":[66,66,66,66,66,66,66,66,66,66,66,66,66,66,66,66,66,66,66,66,66,66],"card_choices":[{"not_picked":["Acrobatics","Blur"],"picked":"Flying Knee","floor":1.0},{"not_picked":["Deflect","Blade Dance"],"picked":"Quick Slash","floor":5.0},{"not_picked":["Night Terror","Distraction","Blade Dance"],"picked":"SKIP","floor":7.0},{"not_picked":["Blade Dance","Backflip"],"picked":"Outmaneuver","floor":8.0},{"not_picked":["Flying Knee","Sucker Punch"],"picked":"Deflect","floor":11.0},{"not_picked":["Flechettes","Endless Agony"],"picked":"Backflip","floor":13.0},{"not_picked":["Storm of Steel","Grand Finale"],"picked":"Tools of the Trade","floor":16.0},{"not_picked":["Sucker Punch","Accuracy"],"picked":"Dagger Spray","floor":18.0},{"not_picked":["Quick Slash","Poisoned Stab"],"picked":"Escape Plan","floor":20}],"player_experience":814231,"relics_obtained":[{"floor":7.0,"key":"Gambling Chip"},{"floor":9.0,"key":"Ornamental Fan"}],"event_choices":[{"cards_removed":["Strike_G"],"damage_healed":0.0,"max_hp_gain":0.0,"max_hp_loss":0.0,"gold_gain":0.0,"event_name":"Golden Wing","player_choice":"Card Removal","floor":2.0,"gold_loss":0.0,"damage_taken":7.0},{"damage_healed":0.0,"max_hp_gain":0.0,"max_hp_loss":0.0,"gold_gain":0.0,"event_name":"Upgrade Shrine","player_choice":"Upgraded","floor":3.0,"gold_loss":0.0,"damage_taken":0.0,"cards_upgraded":["Neutralize"]},{"damage_healed":0.0,"max_hp_gain":0.0,"max_hp_loss":0.0,"gold_gain":0.0,"cards_transformed":["Strike_G","Strike_G"],"event_name":"Drug Dealer","player_choice":"Became Test Subject","floor":19.0,"gold_loss":0.0,"damage_taken":0.0,"cards_obtained":["Calculated Gamble","Burst"]},{"damage_healed":0,"gold_gain":0,"player_choice":"Obtained Relic","damage_taken":0,"relics_obtained":["Prayer Wheel"],"max_hp_gain":0,"max_hp_loss":0,"event_name":"Addict","floor":21,"gold_loss":85}],"is_beta":false,"boss_relics":[{"not_picked":["Empty Cage","HoveringKite"],"picked":"Black Star"}],"items_purged_floors":[],"is_endless":false,"potions_floor_spawned":[5,8,13],"killed_by":"Snecko","ascension_level":20}