{"path_per_floor":["M","?","M","?","M","R","M","M","T","E","R","M","M","$","R","B",null,"M","$","M","?","?","R","E","R","T","M"],"character_chosen":"THE_SILENT","items_purchased":["Apotheosis","Infinite Blades","Terror","Dash"],"gold_per_floor":[112,112,124,124,140,140,157,167,191,223,223,233,253,10,10,109,109,129,11,31,31,31,31,56,56,81,97],"floor_reached":28,"campfire_rested":4,"playtime":2397,"current_hp_per_floor":[68,68,66,66,64,64,45,32,39,29,55,50,37,37,63,14,87,59,59,52,52,52,78,2,28,28,8],"items_purged":[],"gold":97,"play_id":"1f87e1ad-3e04-420d-9e1a-bf7d72bb33b1","is_prod":false,"is_daily":false,"is_ascension_mode":false,"campfire_upgraded":1,"path_taken":["M","?","M","?","M","R","M","M","T","E","R","M","M","$","R","BOSS","M","$","M","?","?","R","E","R","T","M","M"],"build_version":"2018-01-25-PROD3","purchased_purges":0,"victory":false,"master_deck":["Defend_G","Defend_G","Defend_G","Defend_G","Defend_G","Strike_G+1","Strike_G","Strike_G","Strike_G","Strike_G","Survivor","Neutralize","Calculated Gamble","Poisoned Stab+1","Catalyst","Flying Knee","Dash","Prepared","Deflect","Night Terror","Apotheosis","Infinite Blades","Bullet Time","Deflect","PiercingWail","Backflip","Poisoned Stab","Dagger Throw","Flechettes","Terror","Dash","Sucker Punch+1","Endless Agony","Footwork+1"],"max_hp_per_floor":[70,70,70,70,70,70,70,70,77,87,87,87,87,87,87,87,87,87,87,87,87,87,87,87,87,87,87],"relics":["Strawberry","Pear","Orrery","Nloth\u0027s Gift","Happy Flower","Bag of Preparation"],"card_choices":[{"not_picked":["Infinite Blades","Sucker Punch"],"picked":"Calculated Gamble"},{"not_picked":["Slice","Dodge and Roll"],"picked":"Poisoned Stab"},{"not_picked":["Outmaneuver","Dagger Spray"],"picked":"Catalyst"},{"not_picked":["Dagger Throw","Blade Dance"],"picked":"Flying Knee"},{"not_picked":["Flechettes","Deflect"],"picked":"Dash"},{"not_picked":["Caltrops","Bane"],"picked":"Prepared"},{"not_picked":["Caltrops","Blur"],"picked":"Deflect"},{"not_picked":["Catalyst","Dagger Throw"],"picked":"Night Terror"},{"not_picked":["Corpse Explosion","Venomology"],"picked":"Bullet Time"},{"not_picked":["Flechettes","Dodge and Roll"],"picked":"Deflect"},{"not_picked":["Flechettes","Dagger Throw"],"picked":"PiercingWail"},{"not_picked":["Crippling Poison","Calculated Gamble"],"picked":"Backflip"},{"not_picked":["Bane","Deflect"],"picked":"Poisoned Stab"},{"not_picked":["Sucker Punch","Backflip"],"picked":"Dagger Throw"},{"not_picked":["Dagger Throw","Choke"],"picked":"Flechettes"},{"not_picked":["Calculated Gamble","Bane"],"picked":"Sucker Punch"},{"not_picked":["Bullet Time","Flying Knee"],"picked":"Endless Agony"},{"not_picked":["Deflect","Malaise"],"picked":"Footwork"}],"player_experience":8065,"potions_floor_usage":[10,16,24,27],"damage_taken":[{"damage":2,"enemies":"Cultist","floor":1,"turns":5},{"damage":2,"enemies":"Jaw Worm","floor":3,"turns":7},{"damage":2,"enemies":"2 Louse","floor":5,"turns":2},{"damage":19,"enemies":"2 Fungi Beasts","floor":7,"turns":4},{"damage":13,"enemies":"3 Louse","floor":8,"turns":5},{"damage":20,"enemies":"3 Sentries","floor":10,"turns":8},{"damage":5,"enemies":"Looter","floor":12,"turns":3},{"damage":13,"enemies":"Exordium Thugs","floor":13,"turns":5},{"damage":49,"enemies":"Slime Boss","floor":16,"turns":17},{"damage":28,"enemies":"3 Byrds","floor":18,"turns":8},{"damage":7,"enemies":"Shell Parasite","floor":20,"turns":8},{"damage":76,"enemies":"Book of Stabbing","floor":24,"turns":9},{"damage":20,"enemies":"3 Cultists","floor":27,"turns":8},{"damage":11,"enemies":"Sentry and Sphere","floor":28,"turns":3}],"event_choices":[{"event_name":"The Cleric","player_choice":"Leave","floor":2,"damage_taken":0},{"event_name":"Living Wall","player_choice":"Grow","floor":4,"damage_taken":0},{"event_name":"Drug Dealer","player_choice":"Ignored","floor":21,"damage_taken":0},{"event_name":"N\u0027loth","player_choice":"Traded a Ring of the Snake","floor":22,"damage_taken":0}],"boss_relics":[{"not_picked":["Velvet Choker","Philosopher\u0027s Stone"],"picked":"Orrery"}],"potions_floor_spawned":[1,5,8,16,24],"seed_played":"-7377130811157420695","killed_by":"Sentry and Sphere","ascension_level":0,"is_trial":false}