{"gold_per_floor":[366,541,541,541,556,556,223,223,223,223,248,148,173,173,173,293,293,314,335,335,349,349,349,392,392,392,392,196,196,220,263,263,263],"floor_reached":33,"playtime":902,"items_purged":["Doubt","Injury"],"score":393,"play_id":"3006bbc4-7df9-4098-b015-68cdf197dd6d","local_time":"20190627233553","is_ascension_mode":true,"campfire_choices":[{"data":"Bash","floor":6,"key":"SMITH"},{"floor":15,"key":"REST"},{"floor":23,"key":"REST"},{"floor":25,"key":"REST"},{"data":"Barricade","floor":27,"key":"SMITH"},{"floor":29,"key":"REST"},{"floor":32,"key":"REST"}],"neow_cost":"TEN_PERCENT_HP_LOSS","seed_source_timestamp":28865660091394,"circlet_count":0,"master_deck":["Strike_R+1","Strike_R","Strike_R","Strike_R+1","Defend_R","Defend_R","Defend_R","Defend_R","Bash+1","Shrug It Off","Cleave","Apotheosis+1","Spot Weakness","Headbutt","Pommel Strike","Barricade+1","Thunderclap+1","Intimidate","Dramatic Entrance","Rampage","Double Tap"],"relics":["Burning Blood","Meat on the Bone","Golden Idol","Self Forming Clay","Philosopher\u0027s Stone","Ornamental Fan","Matryoshka","ClockworkSouvenir","Mercury Hourglass"],"potions_floor_usage":[21,33],"damage_taken":[{"damage":1,"enemies":"Small Slimes","floor":1,"turns":5},{"damage":0,"enemies":"2 Louse","floor":5,"turns":2},{"damage":7,"enemies":"Jaw Worm","floor":11,"turns":4},{"damage":14,"enemies":"Lots of Slimes","floor":13,"turns":3},{"damage":46,"enemies":"Hexaghost","floor":16,"turns":11},{"damage":3,"enemies":"Chosen","floor":18,"turns":4},{"damage":45,"enemies":"3 Byrds","floor":19,"turns":6},{"damage":11,"enemies":"Snecko","floor":21,"turns":5},{"damage":61,"enemies":"Gremlin Leader","floor":24,"turns":7},{"damage":33,"enemies":"Centurion and Healer","floor":30,"turns":6},{"damage":29,"enemies":"Book of Stabbing","floor":31,"turns":6},{"damage":67,"enemies":"Automaton","floor":33,"turns":8}],"seed_played":"-6821591592921632866","potions_obtained":[{"floor":1,"key":"FearPotion"},{"floor":16,"key":"FearPotion"},{"floor":19,"key":"EssenceOfSteel"},{"floor":30,"key":"FearPotion"},{"floor":31,"key":"Energy Potion"}],"is_trial":false,"path_per_floor":["M","?","?","T","M","R","$","?","T","?","M","$","M","?","R","B",null,"M","M","?","M","?","R","E","R","T","R","$","R","M","E","R","B"],"character_chosen":"IRONCLAD","items_purchased":["Apotheosis","Spot Weakness","ClockworkSouvenir"],"campfire_rested":5,"item_purchase_floors":[7,7,28],"current_hp_per_floor":[72,72,72,72,72,72,72,72,72,72,71,71,63,49,70,42,65,68,41,41,48,48,69,26,47,47,47,47,68,53,42,63,0],"gold":263,"neow_bonus":"TWO_FIFTY_GOLD","is_prod":false,"is_daily":false,"chose_seed":false,"campfire_upgraded":2,"win_rate":0,"timestamp":1561649753,"path_taken":["M","?","?","?","?","R","$","?","T","?","M","$","M","?","R","BOSS","M","M","?","M","?","R","E","R","T","R","$","R","M","E","R","BOSS"],"build_version":"2019-01-23","purchased_purges":2,"victory":false,"max_hp_per_floor":[72,72,72,72,72,72,72,72,72,72,72,72,72,72,72,72,72,72,72,72,72,72,72,72,72,72,72,72,72,72,72,72,72],"card_choices":[{"not_picked":["Second Wind","True Grit"],"picked":"Shrug It Off","floor":1},{"not_picked":["Ghostly Armor","Headbutt"],"picked":"Cleave","floor":5},{"not_picked":["Cleave","Armaments"],"picked":"Headbutt","floor":11},{"not_picked":["Shrug It Off","Blood for Blood"],"picked":"Pommel Strike","floor":13},{"not_picked":["Demon Form","Fiend Fire"],"picked":"Barricade","floor":16},{"not_picked":["Searing Blow","Combust+1","Headbutt"],"picked":"SKIP","floor":18},{"not_picked":["Sword Boomerang","Demon Form"],"picked":"Thunderclap+1","floor":19},{"not_picked":["Bloodletting","Thunderclap"],"picked":"Intimidate","floor":21},{"not_picked":["Fire Breathing","Warcry","Bloodletting+1"],"picked":"SKIP","floor":24},{"not_picked":["Iron Wave","Cleave"],"picked":"Rampage","floor":30},{"not_picked":["Twin Strike+1","Ghostly Armor"],"picked":"Double Tap","floor":31}],"player_experience":1016141,"relics_obtained":[{"floor":4,"key":"Meat on the Bone"},{"floor":9,"key":"Self Forming Clay"},{"floor":24,"key":"Ornamental Fan"},{"floor":26,"key":"Matryoshka"},{"floor":31,"key":"Mercury Hourglass"}],"event_choices":[{"damage_healed":0,"gold_gain":175,"player_choice":"AGREE","damage_taken":0,"max_hp_gain":0,"max_hp_loss":0,"event_name":"Liars Game","floor":2,"gold_loss":0,"cards_obtained":["Doubt"]},{"damage_healed":0,"gold_gain":0,"player_choice":"Fled","damage_taken":0,"max_hp_gain":0,"max_hp_loss":0,"event_name":"Scrap Ooze","floor":3,"gold_loss":0},{"damage_healed":0,"gold_gain":0,"player_choice":"Take Wound","damage_taken":0,"relics_obtained":["Golden Idol"],"max_hp_gain":0,"max_hp_loss":0,"event_name":"Golden Idol","floor":8,"gold_loss":0,"cards_obtained":["Injury"]},{"damage_healed":0,"gold_gain":0,"player_choice":"Grow","damage_taken":0,"max_hp_gain":0,"max_hp_loss":0,"event_name":"Living Wall","floor":10,"gold_loss":0,"cards_upgraded":["Apotheosis"]},{"damage_healed":0,"gold_gain":0,"player_choice":"Entered Light","damage_taken":14,"max_hp_gain":0,"max_hp_loss":0,"event_name":"Shining Light","floor":14,"gold_loss":0,"cards_upgraded":["Strike_R","Strike_R"]},{"cards_removed":["Strike_R"],"damage_healed":0,"gold_gain":0,"player_choice":"Elegance","damage_taken":0,"max_hp_gain":0,"max_hp_loss":0,"event_name":"Back to Basics","floor":20,"gold_loss":0},{"damage_healed":0,"gold_gain":0,"player_choice":"1 cards matched","damage_taken":0,"max_hp_gain":0,"max_hp_loss":0,"event_name":"Match and Keep!","floor":22,"gold_loss":0,"cards_obtained":["Dramatic Entrance"]}],"is_beta":false,"boss_relics":[{"not_picked":["Coffee Dripper","Ectoplasm"],"picked":"Philosopher\u0027s Stone"}],"items_purged_floors":[7,12],"is_endless":false,"potions_floor_spawned":[1,16,19,30,31],"killed_by":"Automaton","ascension_level":9}