{"gold_per_floor":[114,84,84,84,84,84,84,84,84,84,100,100,113,148,148,220,220,234,247,297,311,323,323,349,349,349,362,374,392,404,419,419,494,494,504,52,72,89,3,3,18,18,97,22,22,56,56,71,71,71,71],"floor_reached":52,"playtime":2061,"items_purged":["Strike_B"],"score":1783,"play_id":"c47d57fd-23d2-4f24-83b4-98617e432edd","local_time":"20190323171342","is_ascension_mode":true,"campfire_choices":[{"floor":6.0,"key":"DIG"},{"floor":8.0,"key":"DIG"},{"floor":10.0,"key":"DIG"},{"floor":12.0,"key":"DIG"},{"floor":15.0,"key":"DIG"},{"floor":23.0,"key":"DIG"},{"floor":25.0,"key":"DIG"},{"floor":32.0,"key":"DIG"},{"floor":40.0,"key":"DIG"},{"floor":42.0,"key":"DIG"},{"floor":45.0,"key":"DIG"},{"floor":49,"key":"DIG"}],"neow_cost":"PERCENT_DAMAGE","seed_source_timestamp":7958253123595310,"circlet_count":0,"master_deck":["AscendersBane","Strike_B","Strike_B","Defend_B","Defend_B","Defend_B","Defend_B","Zap+1","Dualcast","Sunder","Conserve Battery","Ball Lightning","Self Repair","Streamline","Buffer","Loop","Sunder+1","BootSequence","FTL+1","Core Surge+1","Reinforced Body","Stack","Ball Lightning","Sweeping Beam+1","Biased Cognition","Coolheaded","Apotheosis","Defragment","White Noise","Electrodynamics","White Noise+1","Leap"],"special_seed":0,"relics":["Cracked Core","Shovel","Thread and Needle","Art of War","Mango","Incense Burner","Meat on the Bone","Lantern","Kunai","Fusion Hammer","Ancient Tea Set","Pantograph","Blue Candle","Strawberry","Dream Catcher","Coffee Dripper","DataDisk","Whetstone","Bottled Lightning","FossilizedHelix","Darkstone Periapt","Bag of Preparation"],"potions_floor_usage":[51],"damage_taken":[{"damage":8.0,"enemies":"2 Louse","floor":1.0,"turns":3.0},{"damage":1.0,"enemies":"Small Slimes","floor":11.0,"turns":3.0},{"damage":3.0,"enemies":"Jaw Worm","floor":13.0,"turns":2.0},{"damage":11.0,"enemies":"Lagavulin","floor":14.0,"turns":6.0},{"damage":39.0,"enemies":"The Guardian","floor":16.0,"turns":10.0},{"damage":20.0,"enemies":"2 Thieves","floor":18.0,"turns":4.0},{"damage":19.0,"enemies":"Shell Parasite","floor":19.0,"turns":6.0},{"damage":23.0,"enemies":"Centurion and Healer","floor":21.0,"turns":4.0},{"damage":14.0,"enemies":"Shelled Parasite and Fungi","floor":22.0,"turns":6.0},{"damage":17.0,"enemies":"Gremlin Leader","floor":24.0,"turns":9.0},{"damage":8.0,"enemies":"Snake Plant","floor":27.0,"turns":5.0},{"damage":11.0,"enemies":"Centurion and Healer","floor":28.0,"turns":8.0},{"damage":13.0,"enemies":"Snecko","floor":29.0,"turns":6.0},{"damage":7.0,"enemies":"Snake Plant","floor":30.0,"turns":4.0},{"damage":11.0,"enemies":"3 Cultists","floor":31.0,"turns":5.0},{"damage":50.0,"enemies":"Automaton","floor":33.0,"turns":12.0},{"damage":33.0,"enemies":"3 Darklings","floor":35.0,"turns":5.0},{"damage":0.0,"enemies":"Orb Walker","floor":37.0,"turns":3.0},{"damage":19.0,"enemies":"3 Darklings","floor":38.0,"turns":7.0},{"damage":13.0,"enemies":"Jaw Worm Horde","floor":41.0,"turns":4.0},{"damage":16.0,"enemies":"Reptomancer","floor":46.0,"turns":6.0},{"damage":0,"enemies":"Writhing Mass","floor":48,"turns":4},{"damage":29,"enemies":"Donu and Deca","floor":50,"turns":6},{"damage":22,"enemies":"Time Eater","floor":51,"turns":11}],"seed_played":"-4117445769045518531","potions_obtained":[{"floor":13.0,"key":"GamblersBrew"},{"floor":16.0,"key":"Ancient Potion"},{"floor":27.0,"key":"PowerPotion"},{"floor":31.0,"key":"Swift Potion"},{"floor":47.0,"key":"Regen Potion"}],"is_trial":false,"path_per_floor":["M","$","?","?","?","R","?","R","T","R","M","R","M","E","R","B",null,"M","M","?","M","M","R","E","R","T","M","M","M","M","M","R","B",null,"M","$","M","M","$","R","M","R","T","$","R","E","?","M","R","B","B",null],"character_chosen":"DEFECT","items_purchased":["Conserve Battery","Apotheosis","DataDisk","Defragment","Electrodynamics"],"campfire_rested":0,"item_purchase_floors":[2,36,36,36,39],"current_hp_per_floor":[38,38,31,31,31,31,54,54,68,68,67,67,64,60,60,40,74,61,61,61,57,50,50,52,52,59,58,54,60,53,61,61,55,83,57,57,57,60,60,60,57,57,57,57,57,63,63,73,73,73,70],"gold":71,"neow_bonus":"ONE_RARE_RELIC","is_prod":false,"is_daily":false,"chose_seed":false,"campfire_upgraded":0,"win_rate":0,"timestamp":1553375622,"path_taken":["M","$","?","?","?","R","?","R","T","R","M","R","?","E","R","BOSS","M","?","?","M","M","R","E","R","T","?","M","M","M","?","R","BOSS","M","?","M","?","$","R","M","R","T","$","R","E","?","M","R","BOSS","BOSS"],"build_version":"2019-01-23","purchased_purges":1,"victory":true,"max_hp_per_floor":[71,71,71,71,71,71,71,71,85,85,85,85,85,85,85,85,85,85,85,85,85,85,85,85,85,92,92,92,92,92,92,92,92,92,92,92,92,92,92,92,92,92,92,92,92,92,92,92,92,92,92],"card_choices":[{"not_picked":["Steam","Cold Snap"],"picked":"Sunder","floor":1.0},{"not_picked":["Cold Snap","Go for the Eyes"],"picked":"Ball Lightning","floor":11.0},{"not_picked":["Barrage","Stack"],"picked":"Self Repair","floor":13.0},{"not_picked":["Rebound","Beam Cell"],"picked":"Streamline","floor":14.0},{"not_picked":["Hyperbeam","Reboot"],"picked":"Buffer","floor":16.0},{"not_picked":["Go for the Eyes","Chill+1"],"picked":"Loop","floor":18.0},{"not_picked":["Streamline","Recycle"],"picked":"Sunder+1","floor":19.0},{"not_picked":["Skim","Compile Driver"],"picked":"BootSequence","floor":21.0},{"not_picked":["Beam Cell","Ball Lightning"],"picked":"FTL","floor":22.0},{"not_picked":["Redo","Leap"],"picked":"Core Surge","floor":24.0},{"not_picked":["Turbo","Barrage"],"picked":"Reinforced Body","floor":27.0},{"not_picked":["Turbo","Redo","Chill"],"picked":"SKIP","floor":28.0},{"not_picked":["Sweeping Beam+1","Redo"],"picked":"Stack","floor":29.0},{"not_picked":["FTL","Sunder"],"picked":"Ball Lightning","floor":30.0},{"not_picked":["Genetic Algorithm","Gash+1"],"picked":"Sweeping Beam+1","floor":31.0},{"not_picked":["Core Surge","Fission"],"picked":"Biased Cognition","floor":33.0},{"not_picked":["Compile Driver","Rip and Tear+1"],"picked":"Coolheaded","floor":35.0},{"not_picked":["Doom and Gloom+1","Streamline","Sweeping Beam"],"picked":"SKIP","floor":37.0},{"not_picked":["Compile Driver","Blizzard+1"],"picked":"White Noise","floor":38.0},{"not_picked":["Go for the Eyes","Streamline"],"picked":"White Noise+1","floor":41.0},{"not_picked":["Double Energy","Melter"],"picked":"Leap","floor":46.0},{"not_picked":["Leap","Machine Learning","Barrage"],"picked":"SKIP","floor":48}],"player_experience":598964,"relics_obtained":[{"floor":6.0,"key":"Thread and Needle"},{"floor":8.0,"key":"Art of War"},{"floor":9.0,"key":"Mango"},{"floor":10.0,"key":"Incense Burner"},{"floor":12.0,"key":"Meat on the Bone"},{"floor":14.0,"key":"Lantern"},{"floor":15.0,"key":"Kunai"},{"floor":23.0,"key":"Ancient Tea Set"},{"floor":24.0,"key":"Pantograph"},{"floor":25.0,"key":"Blue Candle"},{"floor":26.0,"key":"Strawberry"},{"floor":32.0,"key":"Dream Catcher"},{"floor":42.0,"key":"Whetstone"},{"floor":43.0,"key":"Bottled Lightning"},{"floor":45.0,"key":"FossilizedHelix"},{"floor":46.0,"key":"Darkstone Periapt"},{"floor":49,"key":"Bag of Preparation"}],"event_choices":[{"cards_removed":["Strike_B"],"damage_healed":0.0,"max_hp_gain":0.0,"max_hp_loss":0.0,"gold_gain":0.0,"event_name":"Golden Wing","player_choice":"Card Removal","floor":3.0,"gold_loss":0.0,"damage_taken":7.0},{"damage_healed":0.0,"max_hp_gain":0.0,"max_hp_loss":0.0,"gold_gain":0.0,"event_name":"Golden Idol","player_choice":"Ignored","floor":4.0,"gold_loss":0.0,"damage_taken":0.0},{"damage_healed":0.0,"max_hp_gain":0.0,"max_hp_loss":0.0,"gold_gain":0.0,"event_name":"Living Wall","player_choice":"Grow","floor":5.0,"gold_loss":0.0,"damage_taken":0.0,"cards_upgraded":["Zap"]},{"damage_healed":23.0,"max_hp_gain":0.0,"max_hp_loss":0.0,"gold_gain":0.0,"event_name":"Big Fish","player_choice":"Banana","floor":7.0,"gold_loss":0.0,"damage_taken":0.0},{"damage_healed":0.0,"max_hp_gain":0.0,"max_hp_loss":0.0,"gold_gain":50.0,"event_name":"Golden Shrine","player_choice":"Pray","floor":20.0,"gold_loss":0.0,"damage_taken":0.0},{"damage_healed":0.0,"max_hp_gain":0.0,"max_hp_loss":0.0,"gold_gain":0.0,"event_name":"Lab","player_choice":"Got Potions","floor":47.0,"gold_loss":0.0,"damage_taken":0.0}],"is_beta":false,"boss_relics":[{"not_picked":["Empty Cage","Eternal Feather"],"picked":"Fusion Hammer"},{"not_picked":["Cursed Key","Calling Bell"],"picked":"Coffee Dripper"}],"items_purged_floors":[44],"is_endless":false,"potions_floor_spawned":[13,16,18,27,28,29,30,31,33,41],"ascension_level":20}