{"gold_per_floor":[111,111,125,50,15,42,60,60,60,60,87,99,121,164,176,265,277,299,226,257,269,281,318,330,342,400,140,240,78,78,111,111,187,187,201,201,220,234,252,281,281,281,281,281,299,328,127,0,0,0,0],"floor_reached":51,"playtime":2361,"items_purged":["Strike_G","Clumsy","Strike_G","Defend_G"],"score":1544,"play_id":"6fb38b1f-740f-48e6-8eaa-2f5258b18df1","local_time":"20190506203646","is_ascension_mode":true,"campfire_choices":[{"data":"Sucker Punch","floor":10.0,"key":"SMITH"},{"data":"Endless Agony","floor":12.0,"key":"SMITH"},{"floor":15.0,"key":"REST"},{"data":"Phantasmal Killer","floor":25.0,"key":"SMITH"},{"floor":30.0,"key":"REST"},{"data":"Wraith Form v2","floor":32.0,"key":"SMITH"},{"data":"Adrenaline","floor":41.0,"key":"SMITH"},{"data":"Footwork","floor":42.0,"key":"SMITH"},{"data":"Caltrops","floor":44.0,"key":"SMITH"},{"data":"After Image","floor":49.0,"key":"SMITH"}],"neow_cost":"NONE","seed_source_timestamp":93901305274800,"circlet_count":0,"master_deck":["AscendersBane","Defend_G","Defend_G","Defend_G","Survivor+1","Neutralize+1","Sucker Punch+1","Endless Agony+1","Escape Plan","Dagger Throw","All Out Attack","Venomology","Phantasmal Killer+1","Quick Slash","Die Die Die","Heel Hook","Heel Hook","Cloak And Dagger+1","Calculated Gamble+1","Footwork+1","Wraith Form v2+1","Adrenaline+1","Caltrops+1","Bandage Up","Infinite Blades+1","Skewer+1","Deflect+1","Dodge and Roll+1","After Image+1","Acrobatics"],"special_seed":0,"relics":["Ring of the Snake","NeowsBlessing","Paper Crane","Centennial Puzzle","MawBank","Bronze Scales","Cursed Key","Vajra","WingedGreaves","Omamori","Lantern","Tough Bandages","Sundial","FossilizedHelix","Empty Cage","Bag of Marbles","Ninja Scroll","Orichalcum","Red Mask"],"potions_floor_usage":[],"damage_taken":[{"damage":0.0,"enemies":"Small Slimes","floor":1.0,"turns":1.0},{"damage":0.0,"enemies":"2 Louse","floor":3.0,"turns":1.0},{"damage":0.0,"enemies":"3 Sentries","floor":6.0,"turns":1.0},{"damage":0.0,"enemies":"Jaw Worm","floor":7.0,"turns":7.0},{"damage":0.0,"enemies":"Blue Slaver","floor":13.0,"turns":3.0},{"damage":22.0,"enemies":"Gremlin Nob","floor":14.0,"turns":4.0},{"damage":25.0,"enemies":"The Guardian","floor":16.0,"turns":16.0},{"damage":0.0,"enemies":"Chosen","floor":18.0,"turns":5.0},{"damage":8.0,"enemies":"Shell Parasite","floor":20.0,"turns":3.0},{"damage":7.0,"enemies":"Gremlin Leader","floor":23.0,"turns":5.0},{"damage":0.0,"enemies":"Colosseum Slavers","floor":28.0,"turns":2.0},{"damage":0.0,"enemies":"Colosseum Nobs","floor":28.0,"turns":2.0},{"damage":3.0,"enemies":"Slavers","floor":31.0,"turns":5.0},{"damage":12.0,"enemies":"Collector","floor":33.0,"turns":7.0},{"damage":0.0,"enemies":"Orb Walker","floor":35.0,"turns":2.0},{"damage":0.0,"enemies":"3 Darklings","floor":37.0,"turns":4.0},{"damage":2.0,"enemies":"Writhing Mass","floor":38.0,"turns":5.0},{"damage":8.0,"enemies":"4 Shapes","floor":39.0,"turns":6.0},{"damage":0.0,"enemies":"Nemesis","floor":40.0,"turns":7.0},{"damage":1.0,"enemies":"Sphere and 2 Shapes","floor":45.0,"turns":8.0},{"damage":0.0,"enemies":"Reptomancer","floor":46.0,"turns":6.0},{"damage":22.0,"enemies":"Awakened One","floor":50.0,"turns":12.0},{"damage":44,"enemies":"Time Eater","floor":51,"turns":8}],"seed_played":"-667531547413585851","potions_obtained":[{"floor":6.0,"key":"Swift Potion"},{"floor":16.0,"key":"Swift Potion"},{"floor":18.0,"key":"SkillPotion"},{"floor":23.0,"key":"Block Potion"},{"floor":31.0,"key":"PowerPotion"},{"floor":33.0,"key":"FearPotion"},{"floor":38.0,"key":"Dexterity Potion"},{"floor":46.0,"key":"Strength Potion"}],"is_trial":false,"path_per_floor":["M","?","M","$","?","E","M","?","T","R","T","R","M","E","R","B",null,"M","?","M","$","?","E","?","R","T","$","?","$","R","E","R","B",null,"M","?","M","M","M","E","R","R","T","R","M","E","$","?","R","B","B"],"character_chosen":"THE_SILENT","items_purchased":["Lantern","Footwork","Acrobatics"],"campfire_rested":2,"item_purchase_floors":[27,29,47],"current_hp_per_floor":[59,59,59,59,66,66,66,46,46,46,46,46,46,24,43,18,54,54,54,46,46,46,39,39,39,39,39,39,39,58,55,55,43,60,60,60,64,64,58,62,62,62,62,62,65,66,66,66,66,44,0],"gold":0,"neow_bonus":"THREE_ENEMY_KILL","is_prod":false,"is_daily":false,"chose_seed":false,"campfire_upgraded":8,"win_rate":0,"timestamp":1557171406,"path_taken":["M","?","M","$","?","E","M","?","T","R","?","R","M","E","R","BOSS","M","?","M","$","?","E","?","R","T","?","?","$","R","E","R","BOSS","M","?","M","M","M","E","R","R","T","R","M","E","$","?","R","BOSS","BOSS"],"build_version":"2019-01-23","purchased_purges":4,"victory":false,"max_hp_per_floor":[66,66,66,66,66,66,66,66,66,66,66,66,66,66,66,66,66,66,66,66,66,66,66,66,66,66,66,66,66,66,66,66,66,66,66,66,66,66,66,66,66,66,66,66,66,66,66,66,66,66,66],"card_choices":[{"not_picked":["Backflip","Reflex"],"picked":"Sucker Punch","floor":1.0},{"not_picked":["Slice","Cloak And Dagger"],"picked":"Endless Agony","floor":3.0},{"not_picked":["Setup","Catalyst"],"picked":"Escape Plan","floor":6.0},{"not_picked":["Reflex","Terror"],"picked":"Dagger Throw","floor":7.0},{"not_picked":["Blade Dance","Skewer"],"picked":"All Out Attack","floor":13.0},{"not_picked":["Setup","Outmaneuver"],"picked":"Venomology","floor":14.0},{"not_picked":["Burst","Glass Knife"],"picked":"Phantasmal Killer","floor":16.0},{"not_picked":["Dagger Spray","Flying Knee"],"picked":"Quick Slash","floor":18.0},{"not_picked":["Well Laid Plans","Dagger Throw"],"picked":"Die Die Die","floor":20.0},{"not_picked":["Blur","Storm of Steel"],"picked":"Cloak And Dagger+1","floor":23.0},{"not_picked":["Quick Slash","All Out Attack"],"picked":"Calculated Gamble+1","floor":28.0},{"not_picked":["Backstab","Dagger Throw"],"picked":"Wraith Form v2","floor":31.0},{"not_picked":["Envenom","Die Die Die"],"picked":"Adrenaline","floor":33.0},{"not_picked":["Blade Dance","Flying Knee+1"],"picked":"Caltrops","floor":35.0},{"not_picked":["Deep Breath","Jack Of All Trades"],"picked":"Bandage Up","floor":36.0},{"not_picked":["Blade Dance","Cloak And Dagger"],"picked":"Infinite Blades+1","floor":37.0},{"not_picked":["PiercingWail","Infinite Blades","Predator"],"picked":"SKIP","floor":38.0},{"not_picked":["Underhanded Strike","Dagger Throw"],"picked":"Skewer+1","floor":39.0},{"not_picked":["Setup","Backflip+1"],"picked":"Deflect+1","floor":40.0},{"not_picked":["Finisher","Quick Slash"],"picked":"Dodge and Roll+1","floor":45.0},{"not_picked":["Calculated Gamble","Infinite Blades"],"picked":"After Image","floor":46.0}],"player_experience":1339133,"relics_obtained":[{"floor":6.0,"key":"Paper Crane"},{"floor":9.0,"key":"Centennial Puzzle"},{"floor":11.0,"key":"MawBank"},{"floor":14.0,"key":"Bronze Scales"},{"floor":23.0,"key":"WingedGreaves"},{"floor":26.0,"key":"Omamori"},{"floor":28.0,"key":"Tough Bandages"},{"floor":28.0,"key":"Sundial"},{"floor":31.0,"key":"FossilizedHelix"},{"floor":40.0,"key":"Bag of Marbles"},{"floor":43.0,"key":"Ninja Scroll"},{"floor":46.0,"key":"Orichalcum"}],"event_choices":[{"damage_healed":0.0,"max_hp_gain":0.0,"max_hp_loss":0.0,"gold_gain":0.0,"event_name":"Scrap Ooze","player_choice":"Fled","floor":2.0,"gold_loss":0.0,"damage_taken":0.0},{"damage_healed":16.0,"max_hp_gain":0.0,"max_hp_loss":0.0,"gold_gain":0.0,"event_name":"The Cleric","player_choice":"Healed","floor":5.0,"gold_loss":35.0,"damage_taken":0.0},{"damage_healed":0.0,"max_hp_gain":0.0,"max_hp_loss":0.0,"gold_gain":0.0,"event_name":"Shining Light","player_choice":"Entered Light","floor":8.0,"gold_loss":0.0,"damage_taken":20.0,"cards_upgraded":["Survivor","Neutralize"]},{"damage_healed":0.0,"max_hp_gain":0.0,"max_hp_loss":0.0,"gold_gain":0.0,"event_name":"Addict","player_choice":"Obtained Relic","floor":19.0,"gold_loss":85.0,"damage_taken":0.0,"relics_obtained":["Vajra"]},{"damage_healed":0.0,"max_hp_gain":0.0,"max_hp_loss":0.0,"gold_gain":0.0,"cards_transformed":["Strike_G","Strike_G"],"event_name":"Drug Dealer","player_choice":"Became Test Subject","floor":22.0,"gold_loss":0.0,"damage_taken":0.0,"cards_obtained":["Heel Hook","Heel Hook"]},{"damage_healed":0.0,"max_hp_gain":0.0,"max_hp_loss":0.0,"gold_gain":0.0,"event_name":"Ghosts","player_choice":"Ignored","floor":24.0,"gold_loss":0.0,"damage_taken":0.0},{"damage_healed":0.0,"max_hp_gain":0.0,"max_hp_loss":0.0,"gold_gain":0.0,"event_name":"Colosseum","player_choice":"Fight","floor":28.0,"gold_loss":0.0,"damage_taken":0.0},{"damage_healed":0.0,"max_hp_gain":0.0,"max_hp_loss":0.0,"gold_gain":0.0,"event_name":"Colosseum","player_choice":"Fought Nobs","floor":28.0,"gold_loss":0.0,"damage_taken":0.0},{"damage_healed":0.0,"max_hp_gain":0.0,"max_hp_loss":0.0,"gold_gain":0.0,"event_name":"SensoryStone","player_choice":"Memory 1","floor":36.0,"gold_loss":0.0,"damage_taken":0.0},{"damage_healed":0.0,"max_hp_gain":0.0,"max_hp_loss":0.0,"gold_gain":0.0,"event_name":"Tomb of Lord Red Mask","player_choice":"Paid","floor":48.0,"gold_loss":127.0,"damage_taken":0.0,"relics_obtained":["Red Mask"]}],"is_beta":false,"boss_relics":[{"not_picked":["Ring of the Serpent","White Beast Statue"],"picked":"Cursed Key"},{"not_picked":["Snecko Eye","Coffee Dripper"],"picked":"Empty Cage"}],"items_purged_floors":[4,27,29,47],"is_endless":false,"potions_floor_spawned":[6,16,18,23,31,33,38,39,46],"killed_by":"Time Eater","ascension_level":20}