{"gold_per_floor":[118,136,211,211,68,68,100,100,154,181,196,214,37,56,56,158,158,170,170,95,45,57,87,87,2,2,2,20,35,35,64,64,160,160,180,41,53,53,70,70],"floor_reached":40,"playtime":1743,"items_purged":["Strike_G"],"score":528,"play_id":"60b6daba-71df-4153-91cb-00351ba3e442","local_time":"20190710224320","is_ascension_mode":true,"campfire_choices":[{"data":"Noxious Fumes","floor":6.0,"key":"SMITH"},{"floor":8.0,"key":"REST"},{"floor":15.0,"key":"REST"},{"floor":24,"key":"REST"},{"data":"Reflex","floor":27,"key":"SMITH"},{"floor":30,"key":"REST"},{"data":"Catalyst","floor":32,"key":"SMITH"}],"neow_cost":"NONE","seed_source_timestamp":0,"circlet_count":0,"master_deck":["Defend_G+1","Defend_G","Defend_G","Defend_G","Defend_G","Survivor","Neutralize+1","PiercingWail","Acrobatics","Reflex+1","Noxious Fumes+1","Venomology","Deadly Poison+1","Quick Slash","Catalyst+1","Corpse Explosion","Die Die Die","Backstab+1","Accuracy","Prepared","Bouncing Flask","Dodge and Roll","Outmaneuver","Enlightenment"],"special_seed":0,"relics":["Busted Crown","Bird Faced Urn","Boot","Smiling Mask","Black Star","Snake Skull","Whetstone","War Paint","Mango","Vajra","Snecko Eye"],"potions_floor_usage":[29,31,31,31,33,37,39,39],"damage_taken":[{"damage":0.0,"enemies":"Small Slimes","floor":1.0,"turns":4.0},{"damage":0.0,"enemies":"Jaw Worm","floor":2.0,"turns":5.0},{"damage":45.0,"enemies":"Gremlin Nob","floor":7.0,"turns":6.0},{"damage":17.0,"enemies":"3 Sentries","floor":10.0,"turns":7.0},{"damage":0.0,"enemies":"Cultist","floor":11.0,"turns":3.0},{"damage":3.0,"enemies":"Blue Slaver","floor":12.0,"turns":4.0},{"damage":0.0,"enemies":"2 Fungi Beasts","floor":14.0,"turns":2.0},{"damage":23.0,"enemies":"Slime Boss","floor":16.0,"turns":10.0},{"damage":15.0,"enemies":"Chosen","floor":18.0,"turns":5.0},{"damage":7.0,"enemies":"Shell Parasite","floor":22.0,"turns":6.0},{"damage":28.0,"enemies":"Slavers","floor":23.0,"turns":5.0},{"damage":0,"enemies":"3 Cultists","floor":28,"turns":3},{"damage":33,"enemies":"Snecko","floor":29,"turns":6},{"damage":10,"enemies":"Book of Stabbing","floor":31,"turns":4},{"damage":24,"enemies":"Champ","floor":33,"turns":9},{"damage":31,"enemies":"3 Darklings","floor":35,"turns":3},{"damage":7,"enemies":"Orb Walker","floor":37,"turns":4},{"damage":46,"enemies":"Sphere and 2 Shapes","floor":39,"turns":5},{"damage":12,"enemies":"Nemesis","floor":40,"turns":2}],"seed_played":"1983873588107349101","potions_obtained":[{"floor":7.0,"key":"GamblersBrew"},{"floor":10.0,"key":"LiquidBronze"},{"floor":12.0,"key":"SkillPotion"},{"floor":14.0,"key":"Dexterity Potion"},{"floor":29,"key":"GamblersBrew"},{"floor":31,"key":"Strength Potion"},{"floor":37,"key":"Swift Potion"}],"is_trial":false,"path_per_floor":["M","M","?","?","$","R","E","R","T","E","M","M","$","M","R","B",null,"M","?","?","$","M","E","R","?","T","R","M","M","R","E","R","B",null,"M","$","M","?","M","E"],"character_chosen":"THE_SILENT","items_purchased":["Reflex","Noxious Fumes","Catalyst","Corpse Explosion","Prepared","Enlightenment"],"campfire_rested":4,"item_purchase_floors":[5,5,13,13,21,36],"current_hp_per_floor":[70,70,59,59,59,59,14,35,35,20,22,21,21,21,42,21,70,55,55,55,55,52,24,45,45,45,45,47,18,39,45,45,25,84,55,55,52,52,8,0],"gold":70,"neow_bonus":"BOSS_RELIC","is_prod":false,"is_daily":false,"chose_seed":false,"campfire_upgraded":3,"win_rate":0,"timestamp":1562791400,"path_taken":["M","M","?","?","?","R","E","R","T","E","M","M","$","M","R","BOSS","M","?","?","$","M","E","R","?","T","R","M","?","R","E","R","BOSS","M","$","M","?","?","E"],"build_version":"2019-07-05","purchased_purges":1,"victory":false,"max_hp_per_floor":[70,70,70,70,70,70,70,70,70,70,70,70,70,70,70,70,70,70,70,70,70,70,70,70,70,70,70,70,70,70,84,84,84,84,84,84,84,84,84,84],"card_choices":[{"not_picked":[],"picked":"PiercingWail","floor":1.0},{"not_picked":[],"picked":"Acrobatics","floor":2.0},{"not_picked":[],"picked":"Venomology","floor":7.0},{"not_picked":[],"picked":"Deadly Poison","floor":10.0},{"not_picked":[],"picked":"Quick Slash","floor":11.0},{"not_picked":["Dodge and Roll"],"picked":"SKIP","floor":12.0},{"not_picked":["Deadly Poison"],"picked":"SKIP","floor":14.0},{"not_picked":[],"picked":"Die Die Die","floor":16.0},{"not_picked":["Infinite Blades"],"picked":"SKIP","floor":18.0},{"not_picked":["Deadly Poison+1"],"picked":"SKIP","floor":22.0},{"not_picked":["Outmaneuver"],"picked":"SKIP","floor":23.0},{"not_picked":[],"picked":"Bouncing Flask","floor":28},{"not_picked":["Flying Knee"],"picked":"SKIP","floor":29},{"not_picked":[],"picked":"Dodge and Roll","floor":31},{"not_picked":[],"picked":"Outmaneuver","floor":35},{"not_picked":["Slice"],"picked":"SKIP","floor":37},{"not_picked":["Underhanded Strike"],"picked":"SKIP","floor":39}],"player_experience":67823,"relics_obtained":[{"floor":7.0,"key":"Bird Faced Urn"},{"floor":9.0,"key":"Boot"},{"floor":10.0,"key":"Smiling Mask"},{"floor":23.0,"key":"Snake Skull"},{"floor":23.0,"key":"Whetstone"},{"floor":31,"key":"Mango"},{"floor":31,"key":"Vajra"}],"event_choices":[{"damage_healed":0.0,"max_hp_gain":0.0,"max_hp_loss":0.0,"gold_gain":75.0,"event_name":"World of Goop","player_choice":"Gather Gold","floor":3.0,"gold_loss":0.0,"damage_taken":11.0},{"damage_healed":0.0,"max_hp_gain":0.0,"max_hp_loss":0.0,"gold_gain":0.0,"event_name":"Liars Game","player_choice":"Ignored","floor":4.0,"gold_loss":0.0,"damage_taken":0.0},{"damage_healed":0.0,"max_hp_gain":0.0,"max_hp_loss":0.0,"gold_gain":0.0,"cards_transformed":["Strike_G","Strike_G"],"event_name":"Drug Dealer","player_choice":"Became Test Subject","floor":19.0,"gold_loss":0.0,"damage_taken":0.0,"cards_obtained":["Backstab","Accuracy"]},{"cards_removed":["Strike_G"],"damage_healed":0.0,"max_hp_gain":0.0,"max_hp_loss":0.0,"gold_gain":0.0,"event_name":"Beggar","player_choice":"Gave Gold","floor":20.0,"gold_loss":75.0,"damage_taken":0.0},{"damage_healed":0,"gold_gain":0,"player_choice":"Obtained Relic","damage_taken":0,"relics_obtained":["War Paint"],"max_hp_gain":0,"max_hp_loss":0,"event_name":"Addict","floor":25,"gold_loss":85},{"cards_removed":["Strike_G"],"damage_healed":0,"gold_gain":0,"player_choice":"Purged","damage_taken":0,"max_hp_gain":0,"max_hp_loss":0,"event_name":"Purifier","floor":38,"gold_loss":0}],"is_beta":false,"boss_relics":[{"not_picked":["WristBlade","Coffee Dripper"],"picked":"Black Star"},{"not_picked":["Cursed Key","Fusion Hammer"],"picked":"Snecko Eye"}],"items_purged_floors":[36],"is_endless":false,"potions_floor_spawned":[7,10,12,14,22,29,31,35,37],"killed_by":"Nemesis","ascension_level":3}