{"gold_per_floor":[116,116,116,116,135,173,173,191,215,215,238,48,48,71,71,164,164,178,178,178,201,40,40],"floor_reached":23,"playtime":618,"items_purged":[],"score":428,"play_id":"e10aa8fe-25a7-4bc2-b1a7-621b3ebd017a","local_time":"20190407135358","is_ascension_mode":true,"campfire_choices":[{"floor":7.0,"key":"REST"},{"data":"Apotheosis","floor":13.0,"key":"SMITH"},{"floor":15.0,"key":"REST"}],"neow_cost":"NONE","seed_source_timestamp":9243260629764256,"circlet_count":0,"master_deck":["AscendersBane","Defend_G","Defend_G","Defend_G+1","Defend_G","Defend_G","Strike_G","Strike_G","Strike_G","Survivor","Neutralize","Leg Sweep","Sucker Punch","Escape Plan+1","Caltrops","Cloak And Dagger","Dagger Spray","Apotheosis+1","Backflip","Poisoned Stab","Bullet Time","Cloak And Dagger","Flying Knee"],"special_seed":0,"relics":["Ring of the Snake","NeowsBlessing","Dream Catcher","Golden Idol","CultistMask","Bag of Preparation","War Paint","Fusion Hammer","Tiny Chest"],"potions_floor_usage":[21,23],"damage_taken":[{"damage":0.0,"enemies":"Cultist","floor":1.0,"turns":1.0},{"damage":0.0,"enemies":"2 Louse","floor":5.0,"turns":1.0},{"damage":0.0,"enemies":"Lagavulin","floor":6.0,"turns":1.0},{"damage":0.0,"enemies":"Small Slimes","floor":8.0,"turns":5.0},{"damage":2.0,"enemies":"Exordium Thugs","floor":11.0,"turns":6.0},{"damage":15.0,"enemies":"2 Fungi Beasts","floor":14.0,"turns":3.0},{"damage":22.0,"enemies":"Slime Boss","floor":16.0,"turns":11.0},{"damage":13,"enemies":"Spheric Guardian","floor":18,"turns":6},{"damage":2,"enemies":"3 Byrds","floor":21,"turns":5},{"damage":48,"enemies":"Slavers","floor":23,"turns":4}],"seed_played":"1546359256916500078","potions_obtained":[{"floor":6.0,"key":"Regen Potion"},{"floor":8.0,"key":"Swift Potion"},{"floor":18,"key":"Weak Potion"},{"floor":21,"key":"Fruit Juice"}],"is_trial":false,"path_per_floor":["M","?","?","?","M","E","R","M","T","?","M","$","R","M","R","B",null,"M","?","?","M","$","E"],"character_chosen":"THE_SILENT","items_purchased":["Apotheosis","Tiny Chest","Flying Knee"],"campfire_rested":2,"item_purchase_floors":[12,22,22],"current_hp_per_floor":[59,33,10,10,10,10,29,29,29,22,20,20,20,5,24,17,54,41,41,41,44,44,0],"gold":40,"neow_bonus":"THREE_ENEMY_KILL","is_prod":false,"is_daily":false,"chose_seed":false,"campfire_upgraded":1,"win_rate":0,"timestamp":1554659638,"path_taken":["M","?","?","?","?","E","R","M","T","?","M","$","R","M","R","BOSS","M","?","?","M","$","E"],"build_version":"2019-01-23","purchased_purges":0,"victory":false,"max_hp_per_floor":[66,66,66,66,66,66,66,66,66,66,66,66,66,66,66,66,66,66,66,66,71,71,71],"card_choices":[{"not_picked":["Slice","Well Laid Plans"],"picked":"Leg Sweep","floor":1.0},{"not_picked":["Blade Dance","Bane"],"picked":"Sucker Punch","floor":5.0},{"not_picked":["Blur","Prepared"],"picked":"Escape Plan","floor":6.0},{"not_picked":["Dagger Spray","Escape Plan"],"picked":"Caltrops","floor":7.0},{"not_picked":["Dagger Throw","PiercingWail"],"picked":"Cloak And Dagger","floor":8.0},{"not_picked":["Flechettes","Deadly Poison"],"picked":"Dagger Spray","floor":11.0},{"not_picked":["PiercingWail","Underhanded Strike"],"picked":"Backflip","floor":14.0},{"not_picked":["Accuracy","Underhanded Strike"],"picked":"Poisoned Stab","floor":15.0},{"not_picked":["Venomology","Grand Finale"],"picked":"Bullet Time","floor":16.0},{"not_picked":["Prepared","Outmaneuver","Slice"],"picked":"SKIP","floor":18},{"not_picked":["Deflect","Dodge and Roll"],"picked":"Cloak And Dagger","floor":21}],"player_experience":626725,"relics_obtained":[{"floor":6.0,"key":"Bag of Preparation"},{"floor":9.0,"key":"War Paint"}],"event_choices":[{"damage_healed":0.0,"max_hp_gain":0.0,"max_hp_loss":0.0,"gold_gain":0.0,"event_name":"Scrap Ooze","player_choice":"Success","floor":2.0,"gold_loss":0.0,"damage_taken":26.0,"relics_obtained":["Dream Catcher"]},{"damage_healed":0.0,"max_hp_gain":0.0,"max_hp_loss":0.0,"gold_gain":0.0,"event_name":"Golden Idol","player_choice":"Take Damage","floor":3.0,"gold_loss":0.0,"damage_taken":23.0,"relics_obtained":["Golden Idol"]},{"damage_healed":0.0,"max_hp_gain":0.0,"max_hp_loss":0.0,"gold_gain":0.0,"event_name":"FaceTrader","player_choice":"Trade","floor":4.0,"gold_loss":0.0,"damage_taken":0.0,"relics_obtained":["CultistMask"]},{"cards_removed":["Strike_G"],"damage_healed":0.0,"max_hp_gain":0.0,"max_hp_loss":0.0,"gold_gain":0.0,"event_name":"Golden Wing","player_choice":"Card Removal","floor":10.0,"gold_loss":0.0,"damage_taken":7.0},{"damage_healed":0,"gold_gain":0,"player_choice":"Ignored","damage_taken":0,"max_hp_gain":0,"max_hp_loss":0,"event_name":"The Mausoleum","floor":19,"gold_loss":0},{"cards_removed":["Strike_G"],"damage_healed":0,"gold_gain":0,"player_choice":"Elegance","damage_taken":0,"max_hp_gain":0,"max_hp_loss":0,"event_name":"Back to Basics","floor":20,"gold_loss":0}],"is_beta":false,"boss_relics":[{"not_picked":["Astrolabe","Snecko Eye"],"picked":"Fusion Hammer"}],"items_purged_floors":[],"is_endless":false,"potions_floor_spawned":[6,8,14,18,21],"killed_by":"Slavers","ascension_level":20}