{"gold_per_floor":[117,130,148,104,104,130,149,149,149,163,163,177,177,177,177,248,248,265,54,51,63,63,63,63],"floor_reached":24,"playtime":802,"items_purged":[],"score":396,"play_id":"e83b280c-ed9b-4b59-bddd-b7ebc03ec114","local_time":"20190426225619","is_ascension_mode":true,"campfire_choices":[{"floor":8.0,"key":"REST"},{"floor":11.0,"key":"REST"},{"floor":15.0,"key":"REST"},{"floor":23,"key":"REST"}],"neow_cost":"NONE","seed_source_timestamp":0,"circlet_count":0,"master_deck":["AscendersBane","Defend_G","Defend_G","Defend_G","Defend_G","Defend_G","Strike_G","Strike_G","Strike_G","Strike_G","Survivor","Neutralize","Glass Knife","Dagger Spray","Footwork","Dash","Caltrops","Blade Dance","Leg Sweep","Dagger Spray","Malaise","Cloak And Dagger","Backflip+1","Infinite Blades+1"],"special_seed":0,"relics":["Ring of the Snake","Kunai","Bird Faced Urn","StoneCalendar","Bottled Lightning","Black Star","OrangePellets"],"potions_floor_usage":[21,24,24],"damage_taken":[{"damage":0.0,"enemies":"Cultist","floor":1.0,"turns":3.0},{"damage":1.0,"enemies":"Small Slimes","floor":2.0,"turns":3.0},{"damage":0.0,"enemies":"Jaw Worm","floor":3.0,"turns":5.0},{"damage":45.0,"enemies":"3 Sentries","floor":6.0,"turns":11.0},{"damage":7.0,"enemies":"2 Fungi Beasts","floor":7.0,"turns":3.0},{"damage":1.0,"enemies":"Blue Slaver","floor":10.0,"turns":5.0},{"damage":3.0,"enemies":"Looter","floor":12.0,"turns":4.0},{"damage":26.0,"enemies":"Slime Boss","floor":16.0,"turns":8.0},{"damage":0.0,"enemies":"3 Byrds","floor":18.0,"turns":6.0},{"damage":14.0,"enemies":"2 Thieves","floor":20.0,"turns":4.0},{"damage":31,"enemies":"Cultist and Chosen","floor":21,"turns":7},{"damage":41,"enemies":"Gremlin Leader","floor":24,"turns":3}],"seed_played":"-1624599373387564840","potions_obtained":[{"floor":1.0,"key":"FearPotion"},{"floor":10.0,"key":"Weak Potion"},{"floor":16.0,"key":"Swift Potion"},{"floor":18.0,"key":"Swift Potion"},{"floor":21,"key":"LiquidBronze"}],"is_trial":false,"path_per_floor":["M","M","M","$","$","E","M","R","T","M","R","M","?","T","R","B",null,"M","$","M","M","?","R","E"],"character_chosen":"THE_SILENT","items_purchased":["Caltrops","OrangePellets"],"campfire_rested":4,"item_purchase_floors":[4,19],"current_hp_per_floor":[59,58,58,58,58,13,6,25,25,26,45,42,24,24,43,19,54,58,58,46,19,19,38,0],"gold":63,"neow_bonus":"TRANSFORM_CARD","is_prod":false,"is_daily":false,"chose_seed":false,"campfire_upgraded":0,"win_rate":0,"timestamp":1556333779,"path_taken":["M","?","M","?","$","E","M","R","T","M","R","M","?","?","R","BOSS","M","$","M","M","?","R","E"],"build_version":"2019-01-23","purchased_purges":0,"victory":false,"max_hp_per_floor":[66,66,66,66,66,66,66,66,66,66,66,66,66,66,66,66,66,66,66,66,66,66,66,66],"card_choices":[{"not_picked":["Tactician","Backstab"],"picked":"Dagger Spray","floor":1.0},{"not_picked":["Slice","Leg Sweep"],"picked":"Footwork","floor":2.0},{"not_picked":["Choke","Sucker Punch"],"picked":"Dash","floor":3.0},{"not_picked":["Acrobatics","Crippling Poison"],"picked":"Blade Dance","floor":6.0},{"not_picked":["Poisoned Stab","Dash"],"picked":"Leg Sweep","floor":7.0},{"not_picked":["Distraction","Footwork"],"picked":"Dagger Spray","floor":10.0},{"not_picked":["Choke","Endless Agony","Catalyst"],"picked":"SKIP","floor":12.0},{"not_picked":["A Thousand Cuts","Die Die Die"],"picked":"Malaise","floor":16.0},{"not_picked":["Sucker Punch","Slice"],"picked":"Cloak And Dagger","floor":18.0},{"not_picked":["Prepared","Dagger Spray"],"picked":"Backflip+1","floor":20.0},{"not_picked":["Acrobatics","Catalyst"],"picked":"Infinite Blades+1","floor":21}],"player_experience":659748,"relics_obtained":[{"floor":6.0,"key":"Kunai"},{"floor":9.0,"key":"Bird Faced Urn"},{"floor":14.0,"key":"Bottled Lightning"}],"event_choices":[{"damage_healed":0.0,"max_hp_gain":0.0,"max_hp_loss":0.0,"gold_gain":0.0,"event_name":"Scrap Ooze","player_choice":"Success","floor":13.0,"gold_loss":0.0,"damage_taken":18.0,"relics_obtained":["StoneCalendar"]},{"damage_healed":0,"gold_gain":0,"player_choice":"Ignored","damage_taken":0,"max_hp_gain":0,"max_hp_loss":0,"event_name":"Beggar","floor":22,"gold_loss":0}],"is_beta":false,"boss_relics":[{"not_picked":["Coffee Dripper","HoveringKite"],"picked":"Black Star"}],"items_purged_floors":[],"is_endless":false,"potions_floor_spawned":[1,10,12,16,18,21],"killed_by":"Gremlin Leader","ascension_level":20}