{"gold_per_floor":[116,130,130,130,130,130,160,6,83,83,96,115,143,160,160,238,238,214,214,114,0,0,0,18,18,18,18,18,30,43,57,57,57],"floor_reached":33,"playtime":982,"items_purged":["Strike_G","Strike_G"],"score":560,"play_id":"e0e41e2f-ac57-41f7-bc5c-4788f171aba0","local_time":"20190413210304","is_ascension_mode":true,"campfire_choices":[{"data":"Riddle With Holes","floor":6,"key":"SMITH"},{"data":"Noxious Fumes","floor":10,"key":"SMITH"},{"data":"Sucker Punch","floor":15,"key":"SMITH"},{"floor":23,"key":"REST"},{"floor":25,"key":"REST"},{"floor":27,"key":"REST"},{"floor":32,"key":"REST"}],"neow_cost":"NONE","seed_source_timestamp":9787088654887588,"circlet_count":0,"master_deck":["AscendersBane","Defend_G","Defend_G","Defend_G","Defend_G","Defend_G","Strike_G","Strike_G","Strike_G","Survivor","Neutralize+1","Riddle With Holes+1","Dagger Spray","Dodge and Roll","Noxious Fumes+1","Leg Sweep","Bouncing Flask","Sucker Punch+1","Bane","Malaise","Blade Dance","Quick Slash","Blade Dance","Infinite Blades","Infinite Blades"],"relics":["Ring of the Snake","NeowsBlessing","Bronze Scales","Omamori","Shuriken","Bird Faced Urn","Philosopher\u0027s Stone","Snake Skull"],"potions_floor_usage":[13,19,30,31,33,33],"damage_taken":[{"damage":0,"enemies":"Jaw Worm","floor":1,"turns":1},{"damage":0,"enemies":"Small Slimes","floor":2,"turns":1},{"damage":0,"enemies":"Lagavulin","floor":7,"turns":1},{"damage":0,"enemies":"2 Louse","floor":11,"turns":2},{"damage":0,"enemies":"Blue Slaver","floor":12,"turns":4},{"damage":11,"enemies":"3 Sentries","floor":13,"turns":6},{"damage":7,"enemies":"Exordium Wildlife","floor":14,"turns":6},{"damage":30,"enemies":"Hexaghost","floor":16,"turns":10},{"damage":14,"enemies":"2 Thieves","floor":18,"turns":4},{"damage":31,"enemies":"Colosseum Slavers","floor":19,"turns":5},{"damage":20,"enemies":"Chosen","floor":24,"turns":6},{"damage":33,"enemies":"Sentry and Sphere","floor":29,"turns":6},{"damage":15,"enemies":"3 Cultists","floor":30,"turns":5},{"damage":4,"enemies":"Snecko","floor":31,"turns":6},{"damage":59,"enemies":"Champ","floor":33,"turns":8}],"seed_played":"966968558614233578","potions_obtained":[{"floor":1,"key":"Weak Potion"},{"floor":7,"key":"SkillPotion"},{"floor":13,"key":"SpeedPotion"},{"floor":24,"key":"Energy Potion"},{"floor":30,"key":"SkillPotion"},{"floor":31,"key":"Regen Potion"}],"is_trial":false,"path_per_floor":["M","M","?","?","?","R","E","$","T","R","M","M","E","M","R","B",null,"M","?","$","?","?","R","M","R","T","R","$","M","M","M","R","B"],"character_chosen":"THE_SILENT","items_purchased":["Noxious Fumes"],"campfire_rested":4,"item_purchase_floors":[8],"current_hp_per_floor":[59,59,59,59,54,54,54,54,54,54,54,54,43,38,38,10,52,40,11,11,11,11,30,12,31,31,50,50,19,6,6,25,0],"gold":57,"neow_bonus":"THREE_ENEMY_KILL","is_prod":false,"is_daily":false,"chose_seed":false,"campfire_upgraded":3,"win_rate":0,"timestamp":1555203784,"path_taken":["M","M","?","?","?","R","E","?","T","R","M","M","E","M","R","BOSS","M","?","$","?","?","R","M","R","T","R","?","?","M","M","R","BOSS"],"build_version":"2019-01-23","purchased_purges":2,"victory":false,"max_hp_per_floor":[66,66,66,66,66,66,66,66,66,66,66,66,66,66,66,66,66,66,66,66,66,66,66,66,66,66,66,66,66,66,66,66,66],"card_choices":[{"not_picked":["Expertise","Blade Dance"],"picked":"Riddle With Holes","floor":1},{"not_picked":["Slice","Acrobatics"],"picked":"Dagger Spray","floor":2},{"not_picked":["Escape Plan","Backflip"],"picked":"Dodge and Roll","floor":7},{"not_picked":["Dagger Throw","Acrobatics"],"picked":"Leg Sweep","floor":11},{"not_picked":["Dodge and Roll","Poisoned Stab"],"picked":"Bouncing Flask","floor":12},{"not_picked":["Backflip","Tools of the Trade"],"picked":"Sucker Punch","floor":13},{"not_picked":["Outmaneuver","Distraction"],"picked":"Bane","floor":14},{"not_picked":["Burst","Die Die Die"],"picked":"Malaise","floor":16},{"not_picked":["Acrobatics","Outmaneuver"],"picked":"Blade Dance","floor":18},{"not_picked":["Backstab","Underhanded Strike+1"],"picked":"Quick Slash","floor":24},{"not_picked":["Dodge and Roll","Dagger Spray"],"picked":"Blade Dance","floor":29},{"not_picked":["Backflip","Bullet Time"],"picked":"Infinite Blades","floor":30},{"not_picked":["Choke","Endless Agony+1"],"picked":"Infinite Blades","floor":31}],"player_experience":637736,"relics_obtained":[{"floor":7,"key":"Omamori"},{"floor":9,"key":"Shuriken"},{"floor":13,"key":"Bird Faced Urn"},{"floor":26,"key":"Snake Skull"}],"event_choices":[{"damage_healed":0,"gold_gain":0,"player_choice":"Grow","damage_taken":0,"max_hp_gain":0,"max_hp_loss":0,"event_name":"Living Wall","floor":3,"gold_loss":0,"cards_upgraded":["Neutralize"]},{"damage_healed":0,"gold_gain":0,"player_choice":"Leave","damage_taken":0,"max_hp_gain":0,"max_hp_loss":0,"event_name":"The Cleric","floor":4,"gold_loss":0},{"damage_healed":0,"gold_gain":0,"player_choice":"Success","damage_taken":5,"relics_obtained":["Bronze Scales"],"max_hp_gain":0,"max_hp_loss":0,"event_name":"Scrap Ooze","floor":5,"gold_loss":0},{"damage_healed":0,"gold_gain":0,"player_choice":"Fight","damage_taken":0,"max_hp_gain":0,"max_hp_loss":0,"event_name":"Colosseum","floor":19,"gold_loss":0},{"damage_healed":0,"gold_gain":0,"player_choice":"Fled From Nobs","damage_taken":0,"max_hp_gain":0,"max_hp_loss":0,"event_name":"Colosseum","floor":19,"gold_loss":0},{"damage_healed":0,"gold_gain":0,"player_choice":"Paid Fearfully","damage_taken":0,"max_hp_gain":0,"max_hp_loss":0,"event_name":"Masked Bandits","floor":21,"gold_loss":114},{"damage_healed":0,"gold_gain":0,"player_choice":"Ignored","damage_taken":0,"max_hp_gain":0,"max_hp_loss":0,"event_name":"Cursed Tome","floor":22,"gold_loss":0}],"is_beta":false,"boss_relics":[{"not_picked":["Eternal Feather","Black Star"],"picked":"Philosopher\u0027s Stone"}],"items_purged_floors":[8,20],"is_endless":false,"potions_floor_spawned":[1,7,13,24,29,30,31],"killed_by":"Champ","ascension_level":20}