{"gold_per_floor":[109,126,143,163,111,111,111,111,111,141,158,186,186,213,213,314,314,314,264,264,264,264,264,264,0,0,0,0,0,0,0,0,0,0,0,0],"floor_reached":36,"playtime":2135,"items_purged":[],"score":580,"play_id":"0efe71ac-9fb7-49fd-9941-fbfb5cd8561f","local_time":"20180720204005","is_ascension_mode":true,"campfire_choices":[{"data":"Coolheaded","floor":7.0,"key":"SMITH"},{"floor":13,"key":"REST"},{"data":"Echo Form","floor":15,"key":"SMITH"},{"floor":23,"key":"REST"},{"floor":28,"key":"REST"},{"floor":32,"key":"REST"}],"neow_cost":"NONE","seed_source_timestamp":1121978154377320,"circlet_count":0,"master_deck":["Strike_B","Strike_B","Strike_B","Strike_B","Defend_B","Defend_B","Defend_B","Defend_B","Zap+1","Dualcast","Ball Lightning","Leap+1","Coolheaded+1","Ball Lightning","Cold Snap","Echo Form+1","Glacier","Auto Shields","Glacier","Echo Form+1","Loop+1","Reinforced Body+1","Beam Cell","Loop+1","Biased Cognition+1","Cold Snap","Coolheaded","Coolheaded","Go for the Eyes","Coolheaded+1"],"special_seed":0,"relics":["Cracked Core","Letter Opener","The Courier","Frozen Egg 2","Bronze Scales","Ectoplasm","Blood Vial","Orrery"],"potions_floor_usage":[10,22,33,33,36,36],"damage_taken":[{"damage":0.0,"enemies":"2 Louse","floor":1.0,"turns":2.0},{"damage":0.0,"enemies":"Small Slimes","floor":2.0,"turns":2.0},{"damage":0.0,"enemies":"Cultist","floor":3.0,"turns":3.0},{"damage":4.0,"enemies":"3 Louse","floor":4.0,"turns":4.0},{"damage":13,"enemies":"Gremlin Nob","floor":10,"turns":3},{"damage":0,"enemies":"Blue Slaver","floor":11,"turns":3},{"damage":0,"enemies":"Lagavulin","floor":12,"turns":6},{"damage":4,"enemies":"3 Sentries","floor":14,"turns":7},{"damage":17,"enemies":"The Guardian","floor":16,"turns":10},{"damage":0,"enemies":"Shell Parasite","floor":18,"turns":5},{"damage":8,"enemies":"Spheric Guardian","floor":20,"turns":5},{"damage":14,"enemies":"Snake Plant","floor":21,"turns":4},{"damage":21,"enemies":"Slaver and Parasite","floor":22,"turns":6},{"damage":6,"enemies":"Snecko","floor":24,"turns":5},{"damage":5,"enemies":"3 Cultists","floor":27,"turns":6},{"damage":10,"enemies":"Centurion and Healer","floor":30,"turns":7},{"damage":32,"enemies":"Collector","floor":33,"turns":13},{"damage":6,"enemies":"Orb Walker","floor":35,"turns":4},{"damage":72,"floor":36,"turns":5}],"seed_played":"-1515814525553809375","potions_obtained":[{"floor":3.0,"key":"PowerPotion"},{"floor":10,"key":"Dexterity Potion"},{"floor":11,"key":"Dexterity Potion"},{"floor":14,"key":"PowerPotion"},{"floor":27,"key":"Ancient Potion"},{"floor":33,"key":"Block Potion"},{"floor":35,"key":"Block Potion"}],"is_trial":false,"path_per_floor":["M","M","M","M","$","?","R","?","T","E","M","E","R","E","R","B",null,"M","?","M","M","M","R","M","?","T","M","R","$","M","$","R","B",null,"M"],"character_chosen":"DEFECT","items_purchased":["Cold Snap"],"campfire_rested":4,"item_purchase_floors":[5],"current_hp_per_floor":[68,68,68,64,64,64,64,64,64,51,51,51,73,69,69,52,69,69,69,61,47,26,48,42,42,42,39,61,61,53,53,75,43,67,63,0],"gold":0,"neow_bonus":"UPGRADE_CARD","is_prod":false,"is_daily":false,"chose_seed":false,"campfire_upgraded":2,"win_rate":0,"timestamp":1532133605,"path_taken":["M","M","M","M","$","?","R","?","T","E","M","E","R","E","R","BOSS","M","?","M","M","M","R","M","?","T","M","R","$","?","?","R","BOSS","M","?"],"build_version":"2018-07-19v2","purchased_purges":0,"victory":false,"max_hp_per_floor":[75,75,75,75,75,75,75,75,75,75,75,75,75,75,75,75,75,75,75,75,75,75,75,75,75,75,75,75,75,75,75,75,75,75,75,75],"card_choices":[{"not_picked":["Go for the Eyes","Double Energy"],"picked":"Ball Lightning","floor":1.0},{"not_picked":["Static Discharge","Rebound"],"picked":"Leap","floor":2.0},{"not_picked":["Ball Lightning","Compile Driver"],"picked":"Coolheaded","floor":3.0},{"not_picked":["FTL","Barrage"],"picked":"Ball Lightning","floor":4.0},{"not_picked":["Rip and Tear","Conserve Battery"],"picked":"Echo Form","floor":10},{"not_picked":["Lockon","Cold Snap"],"picked":"Glacier","floor":11},{"not_picked":["Stack","Compile Driver"],"picked":"Auto Shields","floor":12},{"not_picked":["Go for the Eyes","All For One"],"picked":"Glacier","floor":14},{"not_picked":["Rainbow","Thunder Strike"],"picked":"Echo Form+1","floor":16},{"not_picked":["Coolheaded","Compile Driver+1"],"picked":"Loop+1","floor":18},{"not_picked":["Doom and Gloom+1","Hello World+1"],"picked":"Reinforced Body+1","floor":20},{"not_picked":["Double Energy","Barrage","Redo"],"picked":"SKIP","floor":21},{"not_picked":["Redo+1","Barrage","Sweeping Beam"],"picked":"SKIP","floor":22},{"not_picked":["Turbo","Rebound"],"picked":"Beam Cell","floor":24},{"not_picked":["Steam Power","Aggregate","Barrage"],"picked":"SKIP","floor":27},{"not_picked":["Auto Shields","Sweeping Beam"],"picked":"Loop+1","floor":30},{"not_picked":["Echo Form+1","Creative AI+1"],"picked":"Biased Cognition+1","floor":33},{"not_picked":["Redo","Rebound"],"picked":"Cold Snap","floor":34},{"not_picked":["Storm+1","Beam Cell"],"picked":"Coolheaded","floor":34},{"not_picked":["Melter","Beam Cell"],"picked":"Coolheaded","floor":34},{"not_picked":["Thunder Strike","Redo"],"picked":"Go for the Eyes","floor":34},{"not_picked":["Fusion","Turbo"],"picked":"Coolheaded+1","floor":35}],"player_experience":137063,"relics_obtained":[{"floor":9.0,"key":"Letter Opener"},{"floor":10,"key":"The Courier"},{"floor":12,"key":"Frozen Egg 2"},{"floor":14,"key":"Bronze Scales"},{"floor":26,"key":"Blood Vial"}],"event_choices":[{"event_name":"Liars Game","player_choice":"disagreed","floor":6.0,"damage_taken":0.0},{"event_name":"Upgrade Shrine","player_choice":"Upgraded","floor":8.0,"damage_taken":0.0},{"event_name":"The Joust","player_choice":"Bet on Owner","floor":19,"damage_taken":0},{"event_name":"Masked Bandits","player_choice":"Paid Bandits 264 gold","floor":25,"damage_taken":0},{"event_name":"Mysterious Sphere","player_choice":"Fight","floor":36,"damage_taken":0}],"is_beta":false,"boss_relics":[{"not_picked":["Calling Bell","FrozenCore"],"picked":"Ectoplasm"},{"not_picked":["Black Star","Philosopher\u0027s Stone"],"picked":"Orrery"}],"items_purged_floors":[],"is_endless":false,"potions_floor_spawned":[3,10,11,14,16,18,27,33,35],"ascension_level":7}