{"path_per_floor":["M","?","M","$","M","R","M","M","T","R","E","M","R","M","R","B",null,"M","M","M","?","M","M","?","R","T","$","?","$","?","M","R"],"character_chosen":"IRONCLAD","items_purchased":["Flex","Juzu Bracelet"],"gold_per_floor":[118,118,137,15,33,33,44,58,83,83,118,132,132,150,150,250,250,267,277,296,296,312,326,326,326,349,95,95,95,95,108,108],"floor_reached":33,"campfire_rested":4,"playtime":1774,"current_hp_per_floor":[75,75,65,65,64,80,80,80,87,87,61,50,76,76,76,49,87,87,86,85,85,87,66,51,79,79,79,79,79,79,70,98],"items_purged":["Normality","Injury"],"gold":108,"play_id":"42072fc6-738e-4798-b7f1-f37555b7cccd","is_prod":false,"is_daily":false,"is_ascension_mode":false,"campfire_upgraded":2,"path_taken":["M","?","M","$","M","R","?","M","T","R","E","M","R","M","R","BOSS","M","?","M","?","?","M","?","R","T","$","?","$","?","M","R","BOSS"],"build_version":"2018-01-29-BETA1","purchased_purges":2,"victory":false,"master_deck":["Strike_R","Strike_R","Strike_R","Strike_R","Strike_R","Defend_R","Defend_R","Defend_R","Bash","Pummel","Shockwave+1","Flex","Infernal Blade","Inflame","Uppercut","Infernal Blade+1","Dual Wield","Feed","Clumsy","Injury","True Grit+1","Burning Pact+1","Infernal Blade"],"max_hp_per_floor":[80,80,80,80,80,80,80,80,87,87,87,87,87,87,87,87,87,87,87,90,90,90,90,95,95,95,95,95,95,95,98,98],"relics":["Burning Blood","Sundial","Strawberry","Matryoshka","Calling Bell","Charon\u0027s Ashes","Torii","Thread and Needle","Letter Opener","Pen Nib","Juzu Bracelet"],"card_choices":[{"not_picked":["Fire Breathing","Burning Pact"],"picked":"Shockwave"},{"not_picked":["Clothesline","True Grit"],"picked":"Infernal Blade"},{"not_picked":["Corruption","Seeing Red"],"picked":"Inflame"},{"not_picked":["Fire Breathing","Juggernaut"],"picked":"Uppercut"},{"not_picked":["Sever Soul","Cleave"],"picked":"Infernal Blade"},{"not_picked":["Clothesline","Flex"],"picked":"Dual Wield"},{"not_picked":["Berserk","Bludgeon"],"picked":"Feed"},{"not_picked":["Armaments","Cleave"],"picked":"True Grit"},{"not_picked":["Cleave","Corruption"],"picked":"Burning Pact"},{"not_picked":["Shrug It Off","Iron Wave"],"picked":"Infernal Blade"}],"player_experience":5144,"potions_floor_usage":[7,16,16,33,33],"damage_taken":[{"damage":11,"enemies":"Jaw Worm","floor":1,"turns":5},{"damage":16,"enemies":"Blue Slaver","floor":3,"turns":5},{"damage":7,"enemies":"Cultist","floor":5,"turns":4},{"damage":3,"enemies":"Red Slaver","floor":7,"turns":3},{"damage":10,"enemies":"Lots of Slimes","floor":8,"turns":3},{"damage":32,"enemies":"3 Sentries","floor":11,"turns":5},{"damage":17,"enemies":"Looter","floor":12,"turns":3},{"damage":6,"enemies":"2 Fungi Beasts","floor":14,"turns":2},{"damage":33,"enemies":"Slime Boss","floor":16,"turns":10},{"damage":0,"enemies":"Spheric Guardian","floor":18,"turns":3},{"damage":7,"enemies":"2 Thieves","floor":19,"turns":3},{"damage":10,"enemies":"Centurion and Healer","floor":20,"turns":5},{"damage":4,"enemies":"Snake Plant","floor":22,"turns":4},{"damage":27,"enemies":"Cultist and Chosen","floor":23,"turns":7},{"damage":18,"enemies":"Snecko","floor":31,"turns":5},{"damage":102,"enemies":"Automaton","floor":33,"turns":8}],"event_choices":[{"event_name":"Accursed Blacksmith","player_choice":"Rummage","floor":2,"damage_taken":0},{"event_name":"Vampires","player_choice":"Ignored","floor":21,"damage_taken":0},{"event_name":"Forgotten Altar","player_choice":"Shed Blood","floor":24,"damage_taken":0},{"event_name":"Drug Dealer","player_choice":"Ignored","floor":28,"damage_taken":0},{"event_name":"The Woman in Blue","player_choice":"Bought 0 Potions","floor":30,"damage_taken":0}],"boss_relics":[{"not_picked":["Velvet Choker","Runic Dome"],"picked":"Calling Bell"}],"potions_floor_spawned":[1,3,11,12,16,18],"seed_played":"-706586511056728684","killed_by":"Automaton","ascension_level":0,"is_trial":false}