{"path_per_floor":["M","$","M","M","M","R","M","M","T","?","M","R","M","$","R","B",null,"M","?","$","M","?","R","?","R","T","R","M","M"],"character_chosen":"IRONCLAD","items_purchased":[],"gold_per_floor":[119,44,55,75,93,93,108,119,190,190,214,214,227,127,127,258,296,319,244,119,143,143,143,58,58,58,58,78,102],"floor_reached":30,"campfire_rested":3,"playtime":2010,"current_hp_per_floor":[71,71,71,69,59,59,51,51,51,51,52,74,74,74,74,50,79,51,51,51,37,21,44,44,67,67,67,67,57],"items_purged":["Strike_R","Defend_R","Strike_R"],"gold":102,"play_id":"36765936-a9a3-4468-aef8-d78aa15d7c26","is_prod":false,"is_daily":false,"is_ascension_mode":false,"campfire_upgraded":3,"path_taken":["M","$","M","?","M","R","M","M","T","?","M","R","M","$","R","BOSS","M","?","$","M","?","R","?","R","T","R","?","M","E"],"build_version":"2018-01-29-BETA1","purchased_purges":3,"victory":false,"master_deck":["Strike_R","Strike_R","Defend_R","Defend_R","Defend_R","Bash","Flex+1","Burning Pact","Infernal Blade+1","Flex","Offering","Bludgeon","Searing Blow","Warcry+1","Double Tap+1"],"max_hp_per_floor":[80,80,80,80,80,80,80,80,80,74,74,74,74,74,74,74,79,79,79,79,79,79,79,79,79,79,79,79,79],"relics":["Mark of Pain","Paper Frog","Golden Idol","Tiny House","Nilry\u0027s Codex","Gambling Chip","Thread and Needle"],"card_choices":[{"not_picked":["Anger","Armaments"],"picked":"Flex"},{"not_picked":["Warcry","Clash"],"picked":"Burning Pact"},{"not_picked":["Berserk","Cleave"],"picked":"Infernal Blade"},{"not_picked":["Iron Wave","Armaments"],"picked":"Flex"},{"not_picked":["Sword Boomerang","Flex"],"picked":"Offering"},{"not_picked":["Impervious","Brutality"],"picked":"Bludgeon"},{"not_picked":["Seeing Red","Headbutt"],"picked":"Searing Blow"},{"not_picked":["True Grit","Infernal Blade"],"picked":"Warcry"},{"not_picked":["Hemokinesis","Pommel Strike"],"picked":"Double Tap"}],"player_experience":13143,"potions_floor_usage":[11,16,18,29,30],"damage_taken":[{"damage":9,"enemies":"Blue Slaver","floor":1,"turns":3},{"damage":0,"enemies":"Jaw Worm","floor":3,"turns":3},{"damage":2,"enemies":"Small Slimes","floor":4,"turns":3},{"damage":10,"enemies":"Red Slaver","floor":5,"turns":6},{"damage":8,"enemies":"2 Fungi Beasts","floor":7,"turns":3},{"damage":0,"enemies":"Large Slime","floor":8,"turns":3},{"damage":14,"enemies":"Gremlin Gang","floor":11,"turns":7},{"damage":0,"enemies":"2 Fungi Beasts","floor":13,"turns":3},{"damage":24,"enemies":"Slime Boss","floor":16,"turns":9},{"damage":28,"enemies":"3 Byrds","floor":18,"turns":6},{"damage":14,"enemies":"Spheric Guardian","floor":21,"turns":3},{"damage":0,"enemies":"Snecko","floor":28,"turns":3},{"damage":10,"enemies":"Sentry and Sphere","floor":29,"turns":2},{"damage":57,"enemies":"Gremlin Leader","floor":30,"turns":6}],"event_choices":[{"event_name":"Golden Idol","player_choice":"Lose Max HP","floor":10,"damage_taken":0},{"event_name":"Beggar","player_choice":"Gave Gold","floor":19,"damage_taken":0},{"event_name":"Cursed Tome","player_choice":"Obtained Book","floor":22,"damage_taken":0},{"event_name":"Addict","player_choice":"Obtained Relic","floor":24,"damage_taken":0}],"boss_relics":[{"not_picked":["Question Card","White Beast Statue"],"picked":"Tiny House"}],"potions_floor_spawned":[5,8,11,21],"seed_played":"-8206962368897772303","killed_by":"Gremlin Leader","ascension_level":0,"is_trial":false}