{"gold_per_floor":[118,138,158,233,48,48,79,93,118,118,128,128,128],"floor_reached":13,"playtime":308,"items_purged":["Strike_G"],"score":170,"play_id":"da603c9a-80d3-40b1-bcd2-b4341f93cc01","local_time":"20190705145437","is_ascension_mode":true,"campfire_choices":[{"data":"Neutralize","floor":6,"key":"SMITH"}],"neow_cost":"NONE","seed_source_timestamp":5970800603241168,"circlet_count":0,"master_deck":["AscendersBane","Strike_G","Strike_G","Strike_G","Strike_G","Defend_G","Defend_G","Defend_G","Defend_G","Defend_G","Survivor","Neutralize+1","Dodge and Roll","Dagger Spray","Flying Knee","Dagger Spray","Poisoned Stab","Bouncing Flask","Backflip"],"relics":["Ring of the Snake","NeowsBlessing","Anchor","Dream Catcher"],"potions_floor_usage":[13,13],"damage_taken":[{"damage":0,"enemies":"Jaw Worm","floor":1,"turns":1},{"damage":0,"enemies":"2 Louse","floor":2,"turns":1},{"damage":0,"enemies":"Small Slimes","floor":3,"turns":1},{"damage":30,"enemies":"3 Sentries","floor":7,"turns":8},{"damage":0,"enemies":"Red Slaver","floor":8,"turns":4},{"damage":9,"enemies":"Looter","floor":11,"turns":4},{"damage":29,"enemies":"Gremlin Nob","floor":13,"turns":4}],"seed_played":"-7344328159666238153","potions_obtained":[{"floor":7,"key":"GhostInAJar"},{"floor":8,"key":"PowerPotion"}],"is_trial":false,"path_per_floor":["M","M","M","?","$","R","E","M","T","?","M","?","E"],"character_chosen":"THE_SILENT","items_purchased":["Dagger Spray","Poisoned Stab"],"campfire_rested":0,"item_purchase_floors":[5,5],"current_hp_per_floor":[59,59,59,48,48,48,18,18,18,18,9,9,0],"gold":128,"neow_bonus":"THREE_ENEMY_KILL","is_prod":false,"is_daily":false,"chose_seed":false,"campfire_upgraded":1,"win_rate":0,"timestamp":1562352877,"path_taken":["M","M","M","?","$","R","E","M","T","?","M","?","E"],"build_version":"2019-07-01","purchased_purges":1,"victory":false,"max_hp_per_floor":[66,66,66,66,66,66,66,66,66,66,66,66,66],"card_choices":[{"not_picked":["Backflip","Underhanded Strike"],"picked":"Dodge and Roll","floor":1},{"not_picked":["Escape Plan","Bane"],"picked":"Dagger Spray","floor":2},{"not_picked":["Prepared","Cloak And Dagger"],"picked":"Flying Knee","floor":3},{"not_picked":["Noxious Fumes","Escape Plan"],"picked":"Bouncing Flask","floor":7},{"not_picked":["Skewer","Quick Slash"],"picked":"Backflip","floor":8},{"not_picked":["Bane","Flying Knee","Night Terror"],"picked":"SKIP","floor":11}],"player_experience":875305,"relics_obtained":[{"floor":7,"key":"Anchor"},{"floor":9,"key":"Dream Catcher"}],"event_choices":[{"damage_healed":0,"gold_gain":75,"player_choice":"Gather Gold","damage_taken":11,"max_hp_gain":0,"max_hp_loss":0,"event_name":"World of Goop","floor":4,"gold_loss":0},{"damage_healed":0,"gold_gain":0,"player_choice":"Ignored","damage_taken":0,"max_hp_gain":0,"max_hp_loss":0,"event_name":"Liars Game","floor":10,"gold_loss":0},{"damage_healed":0,"gold_gain":0,"player_choice":"Ignored","damage_taken":0,"max_hp_gain":0,"max_hp_loss":0,"event_name":"Golden Wing","floor":12,"gold_loss":0}],"is_beta":false,"boss_relics":[],"items_purged_floors":[5],"is_endless":false,"potions_floor_spawned":[7,8,11],"killed_by":"Gremlin Nob","ascension_level":20}