{"gold_per_floor":[113,113,113,38,10,35,35,70,70,70,80,80,112,112,112,112],"floor_reached":16,"playtime":286,"items_purged":[],"score":328,"play_id":"935cfa87-11bb-4018-a2a1-60933f9eb613","local_time":"20190704192407","is_ascension_mode":true,"campfire_choices":[{"data":"Zap","floor":7,"key":"SMITH"},{"data":"Sweeping Beam","floor":12,"key":"SMITH"},{"data":"Capacitor","floor":15,"key":"SMITH"}],"neow_cost":"NONE","seed_source_timestamp":5900609441583922,"circlet_count":0,"master_deck":["AscendersBane","Strike_B","Strike_B","Strike_B","Defend_B","Defend_B","Defend_B","Defend_B","Zap+1","Dualcast","Cold Snap","Sweeping Beam+1","Conserve Battery","Cold Snap","Capacitor+1"],"relics":["Cracked Core","NeowsBlessing","Pen Nib","Lantern","Ice Cream","PreservedInsect","Golden Idol"],"potions_floor_usage":[16],"damage_taken":[{"damage":0,"enemies":"Cultist","floor":1,"turns":1},{"damage":0,"enemies":"Gremlin Nob","floor":6,"turns":1},{"damage":0,"enemies":"3 Sentries","floor":8,"turns":1},{"damage":0,"enemies":"Small Slimes","floor":11,"turns":2},{"damage":19,"enemies":"Gremlin Nob","floor":13,"turns":4},{"damage":51,"enemies":"Hexaghost","floor":16,"turns":11}],"seed_played":"-8229808319674307665","potions_obtained":[{"floor":1,"key":"Poison Potion"},{"floor":8,"key":"Energy Potion"}],"is_trial":false,"path_per_floor":["M","?","$","?","$","E","R","E","T","?","M","R","E","?","R","B"],"character_chosen":"DEFECT","items_purchased":["Sweeping Beam"],"campfire_rested":0,"item_purchase_floors":[5],"current_hp_per_floor":[64,69,69,69,69,69,69,69,69,69,69,69,50,50,50,0],"gold":112,"neow_bonus":"THREE_ENEMY_KILL","is_prod":false,"is_daily":false,"chose_seed":false,"campfire_upgraded":3,"win_rate":0,"timestamp":1562282647,"path_taken":["M","?","$","?","?","E","R","E","T","?","M","R","E","?","R","BOSS"],"build_version":"2019-07-01","purchased_purges":0,"victory":false,"max_hp_per_floor":[71,76,76,76,76,76,76,76,76,76,76,76,76,69,69,69],"card_choices":[{"not_picked":["Double Energy","Hologram"],"picked":"Cold Snap","floor":1},{"not_picked":["Redo","Beam Cell"],"picked":"Conserve Battery","floor":6},{"not_picked":["Turbo","Reprogram","Sweeping Beam"],"picked":"SKIP","floor":8},{"not_picked":["Consume","Beam Cell"],"picked":"Cold Snap","floor":11},{"not_picked":["Chill","Double Energy"],"picked":"Capacitor","floor":13}],"player_experience":864560,"relics_obtained":[{"floor":6,"key":"Pen Nib"},{"floor":8,"key":"Lantern"},{"floor":9,"key":"Ice Cream"},{"floor":13,"key":"PreservedInsect"}],"event_choices":[{"damage_healed":0,"gold_gain":0,"player_choice":"Donut","damage_taken":0,"max_hp_gain":5,"max_hp_loss":0,"event_name":"Big Fish","floor":2,"gold_loss":0},{"cards_removed":["Strike_B"],"damage_healed":0,"gold_gain":0,"player_choice":"Card Removal","damage_taken":0,"max_hp_gain":0,"max_hp_loss":0,"event_name":"The Cleric","floor":4,"gold_loss":75},{"damage_healed":0,"gold_gain":0,"player_choice":"Ignored","damage_taken":0,"max_hp_gain":0,"max_hp_loss":0,"event_name":"Liars Game","floor":10,"gold_loss":0},{"damage_healed":0,"gold_gain":0,"player_choice":"Lose Max HP","damage_taken":0,"relics_obtained":["Golden Idol"],"max_hp_gain":0,"max_hp_loss":7,"event_name":"Golden Idol","floor":14,"gold_loss":0}],"is_beta":false,"boss_relics":[],"items_purged_floors":[],"is_endless":false,"potions_floor_spawned":[1,8],"killed_by":"Hexaghost","ascension_level":20}