{"gold_per_floor":[114,130,130,130,149,149,162,162,215,234,260,0,0,0,0,76,76,88,88,13,33,33,33,59,59,59,71,83,83],"floor_reached":29,"playtime":1106,"items_purged":[],"score":536,"play_id":"b3c2d9aa-1158-459d-9ae8-0d64111d26fe","local_time":"20190708193749","is_ascension_mode":true,"campfire_choices":[{"data":"Crippling Poison","floor":6.0,"key":"SMITH"},{"data":"Neutralize","floor":8.0,"key":"SMITH"},{"data":"Well Laid Plans","floor":15.0,"key":"SMITH"},{"data":"Glass Knife","floor":23.0,"key":"SMITH"},{"data":"Caltrops","floor":25.0,"key":"SMITH"}],"neow_cost":"NONE","seed_source_timestamp":6246052924374979,"circlet_count":0,"master_deck":["AscendersBane","Strike_G","Strike_G","Strike_G","Strike_G","Defend_G","Defend_G","Defend_G","Defend_G","Defend_G","Survivor","Neutralize+1","Dagger Spray+1","Sucker Punch","Crippling Poison+1","Backflip","Sucker Punch","Well Laid Plans+1","Glass Knife+1","Predator","Caltrops+1","Blade Dance+1","Cloak And Dagger+1"],"special_seed":0,"relics":["Ring of the Snake","NeowsBlessing","Bag of Marbles","Vajra","Orichalcum","Snecko Eye","Enchiridion","Toxic Egg 2","Gremlin Horn"],"potions_floor_usage":[29],"damage_taken":[{"damage":0.0,"enemies":"Cultist","floor":1.0,"turns":1.0},{"damage":0.0,"enemies":"2 Louse","floor":2.0,"turns":1.0},{"damage":0.0,"enemies":"Small Slimes","floor":5.0,"turns":1.0},{"damage":3.0,"enemies":"Looter","floor":7.0,"turns":3.0},{"damage":3.0,"enemies":"3 Louse","floor":10.0,"turns":3.0},{"damage":24.0,"enemies":"Gremlin Nob","floor":11.0,"turns":4.0},{"damage":15.0,"enemies":"The Guardian","floor":16.0,"turns":18.0},{"damage":0.0,"enemies":"3 Byrds","floor":18.0,"turns":4.0},{"damage":1.0,"enemies":"Spheric Guardian","floor":21.0,"turns":3.0},{"damage":0.0,"enemies":"Gremlin Leader","floor":24.0,"turns":6.0},{"damage":12.0,"enemies":"Snake Plant","floor":27.0,"turns":3.0},{"damage":0.0,"enemies":"Centurion and Healer","floor":28.0,"turns":6.0},{"damage":47,"enemies":"Book of Stabbing","floor":29,"turns":4}],"seed_played":"-3953342886252076498","potions_obtained":[{"floor":1.0,"key":"Regen Potion"},{"floor":10.0,"key":"Fire Potion"},{"floor":27.0,"key":"SkillPotion"}],"is_trial":false,"path_per_floor":["M","M","?","?","M","R","M","R","T","M","E","$","?","?","R","B",null,"M","?","?","M","?","R","E","R","T","M","M","E"],"character_chosen":"THE_SILENT","items_purchased":["Orichalcum","Well Laid Plans"],"campfire_rested":0,"item_purchase_floors":[12,12],"current_hp_per_floor":[59,59,59,59,59,59,56,56,56,53,29,29,51,51,51,36,59,59,59,59,58,37,37,52,52,52,40,40,0],"gold":83,"neow_bonus":"THREE_ENEMY_KILL","is_prod":false,"is_daily":false,"chose_seed":false,"campfire_upgraded":5,"win_rate":0,"timestamp":1562629069,"path_taken":["M","M","?","?","?","R","?","R","T","M","E","$","?","?","R","BOSS","M","?","?","M","?","R","E","R","T","M","M","E"],"build_version":"2019-07-05","purchased_purges":0,"victory":false,"max_hp_per_floor":[66,66,66,66,66,66,66,66,66,66,66,66,66,66,66,66,66,66,66,66,66,66,66,66,66,66,66,66,66],"card_choices":[{"not_picked":["Caltrops","Bane"],"picked":"Dagger Spray","floor":1.0},{"not_picked":["Deflect","Tactician"],"picked":"Sucker Punch","floor":2.0},{"not_picked":["Prepared","Concentrate"],"picked":"Crippling Poison","floor":5.0},{"not_picked":["Outmaneuver","Dagger Throw"],"picked":"Backflip","floor":7.0},{"not_picked":["Flechettes","Outmaneuver"],"picked":"Sucker Punch","floor":10.0},{"not_picked":["Venomology","Underhanded Strike","Flechettes"],"picked":"SKIP","floor":11.0},{"not_picked":["Phantasmal Killer","A Thousand Cuts"],"picked":"Glass Knife","floor":16.0},{"not_picked":["Dodge and Roll","Crippling Poison"],"picked":"Predator","floor":18.0},{"not_picked":["Slice","Backflip","Distraction"],"picked":"SKIP","floor":21.0},{"not_picked":["Concentrate","Eviscerate"],"picked":"Caltrops","floor":24.0},{"not_picked":["Riddle With Holes","Deadly Poison+1"],"picked":"Blade Dance+1","floor":27.0},{"not_picked":["Quick Slash","Predator"],"picked":"Cloak And Dagger+1","floor":28.0}],"player_experience":921084,"relics_obtained":[{"floor":9.0,"key":"Bag of Marbles"},{"floor":11.0,"key":"Vajra"},{"floor":22.0,"key":"Enchiridion"},{"floor":24.0,"key":"Toxic Egg 2"},{"floor":26.0,"key":"Gremlin Horn"}],"event_choices":[{"damage_healed":0.0,"max_hp_gain":0.0,"max_hp_loss":0.0,"gold_gain":0.0,"event_name":"The Cleric","player_choice":"Leave","floor":3.0,"gold_loss":0.0,"damage_taken":0.0},{"damage_healed":0.0,"max_hp_gain":0.0,"max_hp_loss":0.0,"gold_gain":0.0,"event_name":"Upgrade Shrine","player_choice":"Upgraded","floor":4.0,"gold_loss":0.0,"damage_taken":0.0,"cards_upgraded":["Dagger Spray"]},{"damage_healed":22.0,"max_hp_gain":0.0,"max_hp_loss":0.0,"gold_gain":0.0,"event_name":"Big Fish","player_choice":"Banana","floor":13.0,"gold_loss":0.0,"damage_taken":0.0},{"damage_healed":0.0,"max_hp_gain":0.0,"max_hp_loss":0.0,"gold_gain":0.0,"event_name":"Shining Light","player_choice":"Ignored","floor":14.0,"gold_loss":0.0,"damage_taken":0.0},{"damage_healed":0.0,"max_hp_gain":0.0,"max_hp_loss":0.0,"gold_gain":0.0,"event_name":"Ghosts","player_choice":"Ignored","floor":19.0,"gold_loss":0.0,"damage_taken":0.0},{"cards_removed":["Strike_G"],"damage_healed":0.0,"max_hp_gain":0.0,"max_hp_loss":0.0,"gold_gain":0.0,"event_name":"Beggar","player_choice":"Gave Gold","floor":20.0,"gold_loss":75.0,"damage_taken":0.0},{"damage_healed":0.0,"max_hp_gain":0.0,"max_hp_loss":0.0,"gold_gain":0.0,"event_name":"Cursed Tome","player_choice":"Obtained Book","floor":22.0,"gold_loss":0.0,"damage_taken":21.0}],"is_beta":false,"boss_relics":[{"not_picked":["Tiny House","Pandora\u0027s Box"],"picked":"Snecko Eye"}],"items_purged_floors":[],"is_endless":false,"potions_floor_spawned":[1,10,11,27],"killed_by":"Book of Stabbing","ascension_level":20}