{"gold_per_floor":[113,113,128,128,128,160,160,191,218,229,257,257,276,286,286,363,363,374,374,299,299,28,28,128,144,144,144,174,26,53,68,68,145,145,158,158,158,15,115,150,162,187,199,251,275,306,353,365,377,389,401],"floor_reached":51,"playtime":2530,"items_purged":["Strike_B","Strike_B","Strike_B"],"score":1553,"play_id":"a63ec88d-c077-4019-828b-832a722ffd42","local_time":"20190701155505","is_ascension_mode":true,"campfire_choices":[{"data":"Defragment","floor":7.0,"key":"SMITH"},{"floor":12.0,"key":"REST"},{"data":"Zap","floor":15.0,"key":"SMITH"},{"data":"Defragment","floor":23.0,"key":"SMITH"},{"data":"Seek","floor":27.0,"key":"SMITH"},{"floor":32.0,"key":"REST"},{"data":"Creative AI","floor":41.0,"key":"SMITH"},{"data":"Secret Technique","floor":49.0,"key":"SMITH"}],"neow_cost":"NONE","seed_source_timestamp":103289623045900,"circlet_count":0,"master_deck":["AscendersBane","Defend_B","Defend_B","Defend_B","Defend_B","Zap+1","Dualcast","Genetic Algorithm+1","Coolheaded","Defragment+1","Streamline","Ball Lightning","Doom and Gloom","Beam Cell","FTL","Scrape","Seek+1","Cold Snap","Defragment+1","RitualDagger","Hologram","Scrape","Recycle","Capacitor","Echo Form","Hologram+1","Genetic Algorithm","Creative AI+1","Secret Technique+1","Panacea","Purity","Heatsinks","Meteor Strike"],"special_seed":0,"relics":["Cracked Core","NeowsBlessing","Boot","Gremlin Horn","Centennial Puzzle","Dream Catcher","Nuclear Battery","Membership Card","Bird Faced Urn","Bottled Lightning","Kunai","Dead Branch","PreservedInsect","Oddly Smooth Stone","Philosopher\u0027s Stone","Bronze Scales","Mango","MawBank","Blue Candle","Ancient Tea Set","Bag of Preparation"],"potions_floor_usage":[51,51],"damage_taken":[{"damage":0.0,"enemies":"Jaw Worm","floor":1.0,"turns":1.0},{"damage":0.0,"enemies":"2 Louse","floor":3.0,"turns":2.0},{"damage":0.0,"enemies":"Lagavulin","floor":6.0,"turns":1.0},{"damage":42.0,"enemies":"3 Sentries","floor":8.0,"turns":10.0},{"damage":0.0,"enemies":"Small Slimes","floor":10.0,"turns":3.0},{"damage":11.0,"enemies":"Lagavulin","floor":11.0,"turns":5.0},{"damage":2.0,"enemies":"Exordium Wildlife","floor":13.0,"turns":3.0},{"damage":0.0,"enemies":"Exordium Thugs","floor":14.0,"turns":4.0},{"damage":32.0,"enemies":"Hexaghost","floor":16.0,"turns":7.0},{"damage":0.0,"enemies":"Chosen","floor":18.0,"turns":3.0},{"damage":17.0,"enemies":"Colosseum Slavers","floor":24.0,"turns":4.0},{"damage":9.0,"enemies":"Colosseum Nobs","floor":24.0,"turns":3.0},{"damage":14.0,"enemies":"Shell Parasite","floor":25.0,"turns":3.0},{"damage":4.0,"enemies":"Slavers","floor":28.0,"turns":2.0},{"damage":10.0,"enemies":"Book of Stabbing","floor":30.0,"turns":4.0},{"damage":1.0,"enemies":"3 Cultists","floor":31.0,"turns":3.0},{"damage":11.0,"enemies":"Champ","floor":33.0,"turns":9.0},{"damage":0.0,"enemies":"3 Shapes","floor":35.0,"turns":6.0},{"damage":0.0,"enemies":"Mind Bloom Boss Battle","floor":39.0,"turns":8.0},{"damage":36.0,"enemies":"Nemesis","floor":40.0,"turns":7.0},{"damage":3.0,"enemies":"Orb Walker","floor":42.0,"turns":4.0},{"damage":43.0,"enemies":"Giant Head","floor":44.0,"turns":7.0},{"damage":20.0,"enemies":"Sphere and 2 Shapes","floor":45.0,"turns":5.0},{"damage":26.0,"enemies":"3 Darklings","floor":46.0,"turns":4.0},{"damage":4.0,"enemies":"Nemesis","floor":47.0,"turns":7.0},{"damage":35.0,"enemies":"Donu and Deca","floor":50.0,"turns":7.0},{"damage":109,"enemies":"Awakened One","floor":51,"turns":5}],"seed_played":"6770983759898700513","potions_obtained":[{"floor":6.0,"key":"Energy Potion"},{"floor":10.0,"key":"Regen Potion"},{"floor":11.0,"key":"SkillPotion"},{"floor":13.0,"key":"PowerPotion"},{"floor":25.0,"key":"Weak Potion"},{"floor":30.0,"key":"PowerPotion"},{"floor":33.0,"key":"Regen Potion"},{"floor":35.0,"key":"FocusPotion"}],"is_trial":false,"path_per_floor":["M","?","M","?","?","E","R","E","T","M","E","R","M","M","R","B",null,"M","?","$","?","$","R","?","M","T","R","E","$","E","M","R","B",null,"M","?","?","$","?","E","R","M","T","E","M","M","E","?","R","B","B"],"character_chosen":"DEFECT","items_purchased":["Membership Card","PreservedInsect","Capacitor","PowerPotion","Bronze Scales"],"campfire_rested":2,"item_purchase_floors":[22,29,29,29,38],"current_hp_per_floor":[64,64,64,64,69,69,69,27,27,27,16,38,36,36,36,4,58,58,58,58,52,52,52,35,23,23,23,21,21,15,18,40,67,74,76,76,66,66,90,80,80,90,90,57,67,65,89,89,89,67,0],"gold":401,"neow_bonus":"THREE_ENEMY_KILL","is_prod":false,"is_daily":false,"chose_seed":false,"campfire_upgraded":6,"win_rate":0,"timestamp":1561992905,"path_taken":["M","?","M","?","?","E","R","E","T","?","E","R","M","M","R","BOSS","M","?","$","?","$","R","?","?","T","R","E","?","E","M","R","BOSS","M","?","?","?","?","E","R","M","T","E","M","M","E","?","R","BOSS","BOSS"],"build_version":"2019-01-23","purchased_purges":3,"victory":false,"max_hp_per_floor":[71,71,71,71,76,76,76,76,76,76,76,76,76,76,76,76,76,76,76,76,76,76,76,76,76,76,76,76,76,76,76,76,76,76,76,76,76,76,90,90,90,90,90,90,90,90,90,90,90,90,90],"card_choices":[{"not_picked":["Rebound","FTL"],"picked":"Genetic Algorithm","floor":1.0},{"not_picked":["Streamline","Redo"],"picked":"Coolheaded","floor":3.0},{"not_picked":["Chill","Compile Driver"],"picked":"Defragment","floor":6.0},{"not_picked":["Self Repair","Go for the Eyes"],"picked":"Streamline","floor":8.0},{"not_picked":["Redo","Steam"],"picked":"Ball Lightning","floor":10.0},{"not_picked":["Biased Cognition","Stack"],"picked":"Doom and Gloom","floor":11.0},{"not_picked":["Streamline","Leap"],"picked":"Beam Cell","floor":12.0},{"not_picked":["Rebound","Stack"],"picked":"FTL","floor":13.0},{"not_picked":["Rebound","Ball Lightning"],"picked":"Scrape","floor":14.0},{"not_picked":["Machine Learning","Biased Cognition"],"picked":"Seek","floor":16.0},{"not_picked":["Rip and Tear","Force Field"],"picked":"Cold Snap","floor":18.0},{"not_picked":["Go for the Eyes","Sweeping Beam"],"picked":"Hologram","floor":24.0},{"not_picked":["Auto Shields","Steam"],"picked":"Scrape","floor":25.0},{"not_picked":["Blizzard","Sweeping Beam"],"picked":"Recycle","floor":28.0},{"not_picked":["Barrage","Turbo"],"picked":"Echo Form","floor":30.0},{"not_picked":["Cold Snap","Loop"],"picked":"Hologram+1","floor":31.0},{"not_picked":["Compile Driver","Coolheaded"],"picked":"Genetic Algorithm","floor":32.0},{"not_picked":["Hyperbeam","Machine Learning"],"picked":"Creative AI","floor":33.0},{"not_picked":["Auto Shields","Force Field","Coolheaded"],"picked":"SKIP","floor":35.0},{"not_picked":["Good Instincts","The Bomb"],"picked":"Secret Technique","floor":37.0},{"not_picked":["Sadistic Nature","Impatience"],"picked":"Panacea","floor":37.0},{"not_picked":["Bandage Up","Mind Blast"],"picked":"Purity","floor":37.0},{"not_picked":["Compile Driver","Recycle","Turbo"],"picked":"SKIP","floor":40.0},{"not_picked":["Cold Snap","Tempest","Ball Lightning"],"picked":"SKIP","floor":42.0},{"not_picked":["Gash+1","Turbo"],"picked":"Heatsinks","floor":44.0},{"not_picked":["Steam Power+1","Sweeping Beam","Conserve Battery"],"picked":"SKIP","floor":45.0},{"not_picked":["Barrage+1","Steam+1"],"picked":"Meteor Strike","floor":46.0},{"not_picked":["Gash+1","Turbo","Hologram"],"picked":"SKIP","floor":47.0}],"player_experience":1520521,"relics_obtained":[{"floor":6.0,"key":"Boot"},{"floor":8.0,"key":"Gremlin Horn"},{"floor":9.0,"key":"Centennial Puzzle"},{"floor":11.0,"key":"Dream Catcher"},{"floor":24.0,"key":"Bird Faced Urn"},{"floor":24.0,"key":"Bottled Lightning"},{"floor":26.0,"key":"Kunai"},{"floor":28.0,"key":"Dead Branch"},{"floor":30.0,"key":"Oddly Smooth Stone"},{"floor":39.0,"key":"Mango"},{"floor":40.0,"key":"MawBank"},{"floor":43.0,"key":"Blue Candle"},{"floor":44.0,"key":"Ancient Tea Set"},{"floor":47.0,"key":"Bag of Preparation"}],"event_choices":[{"damage_healed":0.0,"max_hp_gain":0.0,"max_hp_loss":0.0,"gold_gain":0.0,"event_name":"Liars Game","player_choice":"Ignored","floor":2.0,"gold_loss":0.0,"damage_taken":0.0},{"damage_healed":0.0,"max_hp_gain":0.0,"max_hp_loss":0.0,"gold_gain":0.0,"event_name":"Living Wall","player_choice":"Grow","floor":4.0,"gold_loss":0.0,"damage_taken":0.0,"cards_upgraded":["Genetic Algorithm"]},{"damage_healed":0.0,"max_hp_gain":5.0,"max_hp_loss":0.0,"gold_gain":0.0,"event_name":"Big Fish","player_choice":"Donut","floor":5.0,"gold_loss":0.0,"damage_taken":0.0},{"damage_healed":0.0,"max_hp_gain":0.0,"max_hp_loss":0.0,"gold_gain":0.0,"event_name":"The Library","player_choice":"Read","floor":19.0,"gold_loss":0.0,"damage_taken":0.0,"cards_obtained":["Defragment"]},{"damage_healed":0.0,"max_hp_gain":0.0,"max_hp_loss":0.0,"gold_gain":0.0,"event_name":"Nest","player_choice":"Joined the Cult","floor":21.0,"gold_loss":0.0,"damage_taken":6.0,"cards_obtained":["RitualDagger"]},{"damage_healed":0.0,"max_hp_gain":0.0,"max_hp_loss":0.0,"gold_gain":0.0,"event_name":"Colosseum","player_choice":"Fight","floor":24.0,"gold_loss":0.0,"damage_taken":0.0},{"damage_healed":0.0,"max_hp_gain":0.0,"max_hp_loss":0.0,"gold_gain":0.0,"event_name":"Colosseum","player_choice":"Fought Nobs","floor":24.0,"gold_loss":0.0,"damage_taken":0.0},{"damage_healed":0.0,"max_hp_gain":0.0,"max_hp_loss":0.0,"gold_gain":0.0,"event_name":"Tomb of Lord Red Mask","player_choice":"Ignored","floor":36.0,"gold_loss":0.0,"damage_taken":0.0},{"damage_healed":0.0,"max_hp_gain":0.0,"max_hp_loss":0.0,"gold_gain":0.0,"event_name":"SensoryStone","player_choice":"Memory 3","floor":37.0,"gold_loss":0.0,"damage_taken":10.0},{"damage_healed":0.0,"max_hp_gain":0.0,"max_hp_loss":0.0,"gold_gain":0.0,"event_name":"MindBloom","player_choice":"Fight","floor":39.0,"gold_loss":0.0,"damage_taken":0.0},{"cards_removed":["Strike_B"],"damage_healed":0.0,"max_hp_gain":0.0,"max_hp_loss":0.0,"gold_gain":0.0,"event_name":"Falling","player_choice":"Removed Attack","floor":48.0,"gold_loss":0.0,"damage_taken":0.0}],"is_beta":false,"boss_relics":[{"not_picked":["Runic Pyramid","Velvet Choker"],"picked":"Nuclear Battery"},{"not_picked":["Astrolabe","Tiny House"],"picked":"Philosopher\u0027s Stone"}],"items_purged_floors":[20,22,38],"is_endless":false,"potions_floor_spawned":[6,10,11,13,25,30,33,35,40,45,47],"killed_by":"Awakened One","ascension_level":20}