{"gold_per_floor":[119,169,181,181,193,221,240,240,240,260,260,275,285,320,320,320],"floor_reached":16,"playtime":308,"items_purged":[],"score":228,"play_id":"28e51efa-2cc2-4808-afb9-a2640859e1a4","local_time":"20190701172700","is_ascension_mode":true,"campfire_choices":[{"data":"Genetic Algorithm","floor":8,"key":"SMITH"},{"data":"Genetic Algorithm","floor":11,"key":"SMITH"},{"floor":15,"key":"REST"}],"neow_cost":"NONE","seed_source_timestamp":111299919405200,"circlet_count":0,"master_deck":["AscendersBane","Strike_B","Strike_B","Strike_B","Strike_B","Defend_B","Defend_B","Defend_B","Defend_B","Zap","Dualcast","Sweeping Beam","Beam Cell","Steam","Genetic Algorithm+1","Genetic Algorithm+1","Gash","Conserve Battery","Cold Snap","Electrodynamics"],"relics":["Cracked Core","NeowsBlessing","Symbiotic Virus","Nunchaku","Bottled Flame","Anchor"],"potions_floor_usage":[14],"damage_taken":[{"damage":0,"enemies":"2 Louse","floor":1,"turns":1},{"damage":0,"enemies":"Cultist","floor":3,"turns":1},{"damage":0,"enemies":"Jaw Worm","floor":5,"turns":1},{"damage":15,"enemies":"Lagavulin","floor":6,"turns":6},{"damage":6,"enemies":"Blue Slaver","floor":7,"turns":3},{"damage":9,"enemies":"3 Louse","floor":10,"turns":3},{"damage":9,"enemies":"Exordium Thugs","floor":12,"turns":5},{"damage":0,"enemies":"2 Fungi Beasts","floor":13,"turns":3},{"damage":15,"enemies":"3 Sentries","floor":14,"turns":6},{"damage":0,"enemies":"Hexaghost","floor":16,"turns":4}],"seed_played":"-6717318704097183667","potions_obtained":[{"floor":1,"key":"FearPotion"},{"floor":5,"key":"Dexterity Potion"},{"floor":6,"key":"Explosive Potion"}],"is_trial":false,"path_per_floor":["M","?","M","T","M","E","M","R","T","M","R","M","M","E","R","B"],"character_chosen":"DEFECT","items_purchased":[],"campfire_rested":1,"item_purchase_floors":[],"current_hp_per_floor":[64,64,64,64,64,49,43,43,43,34,34,25,25,10,31,31],"gold":320,"neow_bonus":"THREE_ENEMY_KILL","is_prod":false,"is_daily":false,"chose_seed":false,"campfire_upgraded":2,"win_rate":0,"timestamp":1561998420,"path_taken":["M","?","?","?","M","E","M","R","T","?","R","M","M","E","R","BOSS"],"build_version":"2019-01-23","purchased_purges":0,"victory":false,"max_hp_per_floor":[71,71,71,71,71,71,71,71,71,71,71,71,71,71,71,71],"card_choices":[{"not_picked":["Chaos","Streamline"],"picked":"Sweeping Beam","floor":1},{"not_picked":["Leap","Force Field"],"picked":"Beam Cell","floor":3},{"not_picked":["Stack","Reinforced Body"],"picked":"Steam","floor":5},{"not_picked":["Rebound","Chaos"],"picked":"Genetic Algorithm","floor":6},{"not_picked":["Compile Driver","Turbo"],"picked":"Genetic Algorithm","floor":7},{"not_picked":["Sweeping Beam","Rebound"],"picked":"Gash","floor":10},{"not_picked":["Recycle","Tempest"],"picked":"Conserve Battery","floor":12},{"not_picked":["Loop","Compile Driver"],"picked":"Cold Snap","floor":13},{"not_picked":["Lockon","Sweeping Beam"],"picked":"Electrodynamics","floor":14}],"player_experience":1523384,"relics_obtained":[{"floor":4,"key":"Symbiotic Virus"},{"floor":6,"key":"Nunchaku"},{"floor":9,"key":"Bottled Flame"},{"floor":14,"key":"Anchor"}],"event_choices":[{"damage_healed":0,"gold_gain":50,"player_choice":"Pray","damage_taken":0,"max_hp_gain":0,"max_hp_loss":0,"event_name":"Golden Shrine","floor":2,"gold_loss":0}],"is_beta":false,"boss_relics":[],"items_purged_floors":[],"is_endless":false,"potions_floor_spawned":[1,5,6],"killed_by":"Hexaghost","ascension_level":20}