{"gold_per_floor":[110,125,80,60,70,70,103,127,166,178,190,202,230,263,275,287],"floor_reached":16,"playtime":403,"items_purged":[],"score":220,"play_id":"05188334-9a56-4659-9984-b4a9228e6b1d","local_time":"20190525000359","is_ascension_mode":true,"campfire_choices":[{"data":"Neutralize","floor":6,"key":"SMITH"},{"floor":11,"key":"REST"},{"data":"Bouncing Flask","floor":15,"key":"SMITH"}],"neow_cost":"NONE","seed_source_timestamp":2375586240921195,"circlet_count":0,"master_deck":["AscendersBane","Defend_G","Defend_G","Defend_G","Defend_G","Defend_G","Strike_G","Strike_G","Strike_G","Strike_G","Survivor","Neutralize+1","Flying Knee","Terror","Heel Hook","Backstab","Bouncing Flask+1","Heel Hook","Flying Knee","Deadly Poison"],"relics":["Ring of the Snake","MawBank","Regal Pillow","Odd Mushroom"],"potions_floor_usage":[10],"damage_taken":[{"damage":4,"enemies":"Jaw Worm","floor":1,"turns":6},{"damage":2,"enemies":"2 Louse","floor":2,"turns":3},{"damage":0,"enemies":"Cultist","floor":5,"turns":3},{"damage":30,"enemies":"Gremlin Nob","floor":7,"turns":4},{"damage":8,"enemies":"Large Slime","floor":8,"turns":5},{"damage":0,"enemies":"Lagavulin","floor":10,"turns":1},{"damage":1,"enemies":"2 Fungi Beasts","floor":13,"turns":2},{"damage":29,"enemies":"The Mushroom Lair","floor":14,"turns":5},{"damage":13,"enemies":"Hexaghost","floor":16,"turns":7}],"seed_played":"-4458615939798879449","potions_obtained":[{"floor":1,"key":"Energy Potion"},{"floor":4,"key":"SmokeBomb"}],"is_trial":false,"path_per_floor":["M","M","?","?","M","R","E","M","T","E","R","?","M","?","R","B"],"character_chosen":"THE_SILENT","items_purchased":[],"campfire_rested":1,"item_purchase_floors":[],"current_hp_per_floor":[55,53,53,53,53,53,23,15,15,15,49,42,41,12,12,0],"gold":287,"neow_bonus":"THREE_CARDS","is_prod":false,"is_daily":false,"chose_seed":false,"campfire_upgraded":2,"win_rate":0,"timestamp":1558757039,"path_taken":["M","M","?","?","?","R","E","M","T","E","R","?","M","?","R","BOSS"],"build_version":"2019-01-23","purchased_purges":0,"victory":false,"max_hp_per_floor":[66,66,66,66,66,66,66,66,66,66,66,66,66,66,66,66],"card_choices":[{"not_picked":["PiercingWail","Heel Hook"],"picked":"Flying Knee","floor":0},{"not_picked":["Slice","Bane"],"picked":"Terror","floor":1},{"not_picked":["Blade Dance","Slice"],"picked":"Heel Hook","floor":2},{"not_picked":["Underhanded Strike","Outmaneuver"],"picked":"Backstab","floor":5},{"not_picked":["Burst","Prepared"],"picked":"Bouncing Flask","floor":7},{"not_picked":["Quick Slash","Distraction"],"picked":"Heel Hook","floor":8},{"not_picked":["Blade Dance","Deadly Poison"],"picked":"Flying Knee","floor":13},{"not_picked":["Backflip","Underhanded Strike"],"picked":"Deadly Poison","floor":14}],"player_experience":712543,"relics_obtained":[{"floor":7,"key":"MawBank"},{"floor":9,"key":"Regal Pillow"},{"floor":14,"key":"Odd Mushroom"}],"event_choices":[{"damage_healed":0,"gold_gain":0,"player_choice":"Left Gold","damage_taken":0,"max_hp_gain":0,"max_hp_loss":0,"event_name":"World of Goop","floor":3,"gold_loss":45},{"damage_healed":0,"gold_gain":0,"player_choice":"Bought 1 Potion","damage_taken":0,"max_hp_gain":0,"max_hp_loss":0,"event_name":"The Woman in Blue","floor":4,"gold_loss":0},{"cards_removed":["Strike_G"],"damage_healed":0,"gold_gain":0,"player_choice":"Card Removal","damage_taken":7,"max_hp_gain":0,"max_hp_loss":0,"event_name":"Golden Wing","floor":12,"gold_loss":0},{"damage_healed":0,"gold_gain":0,"player_choice":"Fought Mushrooms","damage_taken":0,"max_hp_gain":0,"max_hp_loss":0,"event_name":"Mushrooms","floor":14,"gold_loss":0}],"is_beta":false,"boss_relics":[],"items_purged_floors":[],"is_endless":false,"potions_floor_spawned":[1,5],"killed_by":"Hexaghost","ascension_level":20}