{"gold_per_floor":[117,117,117,41,57,92,92,124,124,124,144,160,160,160,160,237,237,254,254,173,173,190,190,205,0,24,24,43,43,54,54,54,54],"floor_reached":33,"playtime":1066,"items_purged":[],"score":556,"play_id":"a0fb6ad5-fdde-458c-b55f-c911d8c0c0cc","local_time":"20190703160450","is_ascension_mode":true,"campfire_choices":[{"data":"Malaise","floor":7.0,"key":"SMITH"},{"floor":13.0,"key":"REST"},{"floor":15.0,"key":"DIG"},{"data":"Footwork","floor":23.0,"key":"SMITH"},{"floor":27,"key":"DIG"},{"floor":29,"key":"DIG"},{"floor":32,"key":"REST"}],"neow_cost":"NONE","seed_source_timestamp":5801438023335999,"circlet_count":0,"master_deck":["AscendersBane","Defend_G","Defend_G","Defend_G","Defend_G","Defend_G","Survivor","Neutralize+1","Flying Knee","Footwork+1","Predator","Malaise+1","Slice","Sucker Punch","Bouncing Flask","Die Die Die","Dodge and Roll+1","Doppelganger+1","Escape Plan+1","Noxious Fumes","Backflip","Flechettes","Dodge and Roll+1"],"special_seed":0,"relics":["Ring of the Snake","NeowsBlessing","Question Card","Dream Catcher","Shovel","Mercury Hourglass","Astrolabe","Nunchaku","Juzu Bracelet","Tough Bandages","The Courier"],"potions_floor_usage":[],"damage_taken":[{"damage":0.0,"enemies":"Cultist","floor":1.0,"turns":1.0},{"damage":0.0,"enemies":"Small Slimes","floor":5.0,"turns":1.0},{"damage":0.0,"enemies":"Lagavulin","floor":6.0,"turns":1.0},{"damage":33.0,"enemies":"3 Sentries","floor":8.0,"turns":14.0},{"damage":0.0,"enemies":"2 Louse","floor":11.0,"turns":4.0},{"damage":0.0,"enemies":"Red Slaver","floor":12.0,"turns":5.0},{"damage":42.0,"enemies":"Slime Boss","floor":16.0,"turns":10.0},{"damage":6.0,"enemies":"Shell Parasite","floor":18.0,"turns":7.0},{"damage":2.0,"enemies":"Chosen","floor":22.0,"turns":5.0},{"damage":6.0,"enemies":"Snecko","floor":24.0,"turns":8.0},{"damage":5,"enemies":"Snake Plant","floor":28,"turns":6},{"damage":4,"enemies":"3 Cultists","floor":30,"turns":4},{"damage":54,"enemies":"Champ","floor":33,"turns":14}],"seed_played":"-6631466268921425142","potions_obtained":[{"floor":5.0,"key":"EssenceOfSteel"},{"floor":8.0,"key":"Dexterity Potion"},{"floor":22.0,"key":"LiquidBronze"}],"is_trial":false,"path_per_floor":["M","?","?","$","M","E","R","E","T","$","M","M","R","?","R","B",null,"M","T","$","?","M","R","M","?","T","R","M","R","M","$","R","B"],"character_chosen":"THE_SILENT","items_purchased":["Footwork","Noxious Fumes"],"campfire_rested":2,"item_purchase_floors":[4,20],"current_hp_per_floor":[59,59,59,59,59,59,59,26,26,26,26,26,45,45,45,3,50,44,44,44,44,42,42,36,36,36,36,31,31,27,27,46,0],"gold":54,"neow_bonus":"THREE_ENEMY_KILL","is_prod":false,"is_daily":false,"chose_seed":false,"campfire_upgraded":2,"win_rate":0,"timestamp":1562184290,"path_taken":["M","?","?","$","?","E","R","E","T","$","M","M","R","?","R","BOSS","M","?","$","?","M","R","M","?","T","R","M","R","M","$","R","BOSS"],"build_version":"2019-07-01","purchased_purges":0,"victory":false,"max_hp_per_floor":[66,66,66,66,66,66,66,66,66,66,66,66,66,66,66,66,66,66,66,66,66,66,66,66,66,66,66,66,66,66,66,66,66],"card_choices":[{"not_picked":["Blade Dance","Acrobatics"],"picked":"Flying Knee","floor":1.0},{"not_picked":["Deadly Poison","Acrobatics"],"picked":"Predator","floor":5.0},{"not_picked":["Sucker Punch","Dodge and Roll"],"picked":"Malaise","floor":6.0},{"not_picked":["Blade Dance","Dagger Throw","Bane"],"picked":"Slice","floor":8.0},{"not_picked":["Deflect","Deadly Poison","Tactician"],"picked":"Sucker Punch","floor":11.0},{"not_picked":["Slice","Sucker Punch","Flying Knee","Dagger Throw"],"picked":"SKIP","floor":12.0},{"not_picked":["Venomology","Wraith Form v2","Grand Finale"],"picked":"Die Die Die","floor":16.0},{"not_picked":["Deflect","Sucker Punch","Reflex+1","Dodge and Roll"],"picked":"SKIP","floor":18.0},{"not_picked":["Deflect","Sucker Punch","Reflex+1","Dodge and Roll"],"picked":"SKIP","floor":18.0},{"not_picked":["Noxious Fumes","Poisoned Stab","Endless Agony"],"picked":"Backflip","floor":22.0},{"not_picked":["Eviscerate","Underhanded Strike","Outmaneuver"],"picked":"Flechettes","floor":24.0},{"not_picked":["Deflect","Acrobatics","Deadly Poison","Accuracy"],"picked":"SKIP","floor":28},{"not_picked":["Deadly Poison","Slice","Adrenaline"],"picked":"Dodge and Roll+1","floor":30}],"player_experience":849342,"relics_obtained":[{"floor":6.0,"key":"Question Card"},{"floor":8.0,"key":"Dream Catcher"},{"floor":9.0,"key":"Shovel"},{"floor":15.0,"key":"Mercury Hourglass"},{"floor":19.0,"key":"Nunchaku"},{"floor":26,"key":"Juzu Bracelet"},{"floor":27,"key":"Tough Bandages"},{"floor":29,"key":"The Courier"}],"event_choices":[{"damage_healed":0.0,"max_hp_gain":0.0,"max_hp_loss":0.0,"gold_gain":0.0,"event_name":"Living Wall","player_choice":"Grow","floor":2.0,"gold_loss":0.0,"damage_taken":0.0,"cards_upgraded":["Neutralize"]},{"cards_removed":["Strike_G"],"damage_healed":0.0,"max_hp_gain":0.0,"max_hp_loss":0.0,"gold_gain":0.0,"event_name":"Purifier","player_choice":"Purged","floor":3.0,"gold_loss":0.0,"damage_taken":0.0},{"damage_healed":0.0,"max_hp_gain":0.0,"max_hp_loss":0.0,"gold_gain":0.0,"cards_transformed":["Strike_G"],"event_name":"Transmorgrifier","player_choice":"Transformed","floor":14.0,"gold_loss":0.0,"damage_taken":0.0,"cards_obtained":["Bouncing Flask"]},{"damage_healed":0.0,"max_hp_gain":0.0,"max_hp_loss":0.0,"gold_gain":0.0,"event_name":"The Mausoleum","player_choice":"Ignored","floor":21.0,"gold_loss":0.0,"damage_taken":0.0},{"damage_healed":0,"gold_gain":0,"player_choice":"Paid Fearfully","damage_taken":0,"max_hp_gain":0,"max_hp_loss":0,"event_name":"Masked Bandits","floor":25,"gold_loss":205}],"is_beta":false,"boss_relics":[{"not_picked":["Black Star","Busted Crown"],"picked":"Astrolabe"}],"items_purged_floors":[],"is_endless":false,"potions_floor_spawned":[5,8,22],"killed_by":"Champ","ascension_level":20}