{"gold_per_floor":[112,34,34,34,45,45,71,71,71,71,91,102,132,145,145,145],"floor_reached":16,"playtime":512,"items_purged":[],"score":216,"play_id":"fef913e0-ea21-4240-9b4f-c0253423d38b","local_time":"20190615202422","is_ascension_mode":true,"campfire_choices":[{"data":"All Out Attack","floor":6,"key":"SMITH"},{"floor":8,"key":"REST"},{"floor":15,"key":"REST"}],"neow_cost":"NONE","seed_source_timestamp":4262720677916186,"circlet_count":0,"master_deck":["AscendersBane","Defend_G","Defend_G","Defend_G","Defend_G","Defend_G","Strike_G","Strike_G","Strike_G","Strike_G","Strike_G","Survivor","Neutralize","Sucker Punch","All Out Attack+1","Deadly Poison","Heel Hook","Poisoned Stab","Dodge and Roll","Predator"],"relics":["Ring of the Snake","Pen Nib","Bottled Flame","Dead Branch","StoneCalendar","Girya","Odd Mushroom","The Courier"],"potions_floor_usage":[7,13,16],"damage_taken":[{"damage":1,"enemies":"Jaw Worm","floor":1,"turns":5},{"damage":4,"enemies":"2 Louse","floor":5,"turns":4},{"damage":40,"enemies":"Lagavulin","floor":7,"turns":9},{"damage":0,"enemies":"The Mushroom Lair","floor":11,"turns":1},{"damage":0,"enemies":"Small Slimes","floor":12,"turns":2},{"damage":7,"enemies":"3 Sentries","floor":13,"turns":7},{"damage":9,"enemies":"Exordium Wildlife","floor":14,"turns":3},{"damage":36,"enemies":"Slime Boss","floor":16,"turns":6}],"seed_played":"553936171237721550","potions_obtained":[{"floor":1,"key":"Fire Potion"},{"floor":12,"key":"Fire Potion"},{"floor":14,"key":"SkillPotion"}],"is_trial":false,"path_per_floor":["M","$","?","T","M","R","E","R","T","?","?","M","E","M","R","B"],"character_chosen":"THE_SILENT","items_purchased":["All Out Attack"],"campfire_rested":2,"item_purchase_floors":[2],"current_hp_per_floor":[58,58,58,58,54,54,14,33,33,28,28,28,21,12,31,0],"gold":145,"neow_bonus":"RANDOM_COMMON_RELIC","is_prod":false,"is_daily":false,"chose_seed":false,"campfire_upgraded":1,"win_rate":0,"timestamp":1560644662,"path_taken":["M","$","?","?","M","R","E","R","T","?","?","?","E","M","R","BOSS"],"build_version":"2019-01-23","purchased_purges":0,"victory":false,"max_hp_per_floor":[66,66,66,66,66,66,66,66,66,66,66,66,66,66,66,66],"card_choices":[{"not_picked":["Tactician","Outmaneuver"],"picked":"Sucker Punch","floor":1},{"not_picked":["Blade Dance","Quick Slash"],"picked":"Deadly Poison","floor":5},{"not_picked":["Accuracy","Deflect"],"picked":"Heel Hook","floor":7},{"not_picked":["Outmaneuver","Dodge and Roll"],"picked":"Poisoned Stab","floor":11},{"not_picked":["Acrobatics","Dagger Throw"],"picked":"Dodge and Roll","floor":12},{"not_picked":["Acrobatics","Adrenaline","Sucker Punch"],"picked":"SKIP","floor":13},{"not_picked":["Sucker Punch","Slice"],"picked":"Predator","floor":14}],"player_experience":740913,"relics_obtained":[{"floor":4,"key":"Bottled Flame"},{"floor":7,"key":"Dead Branch"},{"floor":9,"key":"StoneCalendar"},{"floor":11,"key":"Odd Mushroom"},{"floor":13,"key":"The Courier"}],"event_choices":[{"damage_healed":0,"gold_gain":0,"player_choice":"Ignored","damage_taken":0,"max_hp_gain":0,"max_hp_loss":0,"event_name":"Liars Game","floor":3,"gold_loss":0},{"damage_healed":0,"gold_gain":0,"player_choice":"Success","damage_taken":5,"relics_obtained":["Girya"],"max_hp_gain":0,"max_hp_loss":0,"event_name":"Scrap Ooze","floor":10,"gold_loss":0},{"damage_healed":0,"gold_gain":0,"player_choice":"Fought Mushrooms","damage_taken":0,"max_hp_gain":0,"max_hp_loss":0,"event_name":"Mushrooms","floor":11,"gold_loss":0}],"is_beta":false,"boss_relics":[],"items_purged_floors":[],"is_endless":false,"potions_floor_spawned":[1,12,14],"killed_by":"Slime Boss","ascension_level":20}