{"gold_per_floor":[117,117,63,77,31,31,66,66,66,98,98,125,141,154,154,227,227,241,241,4,23,2,2,35,47,47,47,61,61,61,80,80,80],"floor_reached":33,"playtime":1526,"items_purged":[],"score":666,"play_id":"a5db891a-afa5-4145-922c-682d1e1b2b44","local_time":"20181130140545","is_ascension_mode":true,"campfire_choices":[{"data":"Neutralize","floor":6.0,"key":"SMITH"},{"floor":8.0,"key":"REST"},{"data":"Footwork","floor":15.0,"key":"SMITH"},{"floor":23,"key":"REST"},{"floor":27,"key":"REST"},{"floor":32,"key":"REST"}],"neow_cost":"NONE","seed_source_timestamp":71313970414631,"circlet_count":0,"master_deck":["AscendersBane","Defend_G","Defend_G","Defend_G","Defend_G","Defend_G","Strike_G","Strike_G","Strike_G","Strike_G","Strike_G","Survivor","Neutralize+1","Dagger Throw+1","Dagger Spray+1","Skewer+1","Footwork+1","Backflip","Cloak And Dagger","Dagger Spray+1","Malaise","Cloak And Dagger+1","Flying Knee+1","Dodge and Roll","Dash+1","Cloak And Dagger","Dagger Spray+1","Well Laid Plans","Bullet Time","Sucker Punch+1"],"special_seed":0,"relics":["Ring of the Snake","NeowsBlessing","Molten Egg 2","Bag of Marbles","Bottled Flame","Incense Burner","Bottled Tornado","Bag of Preparation","White Beast Statue","Membership Card","Dream Catcher","Mummified Hand"],"potions_floor_usage":[18,24,25,28,31,31,33],"damage_taken":[{"damage":0.0,"enemies":"2 Louse","floor":1.0,"turns":1.0},{"damage":0.0,"enemies":"Jaw Worm","floor":4.0,"turns":1.0},{"damage":0.0,"enemies":"Gremlin Nob","floor":7.0,"turns":1.0},{"damage":22.0,"enemies":"Lagavulin","floor":10.0,"turns":5.0},{"damage":0.0,"enemies":"Gremlin Nob","floor":12.0,"turns":2.0},{"damage":0.0,"enemies":"Small Slimes","floor":13.0,"turns":2.0},{"damage":0.0,"enemies":"Gremlin Gang","floor":14.0,"turns":3.0},{"damage":41.0,"enemies":"Slime Boss","floor":16.0,"turns":12.0},{"damage":0,"enemies":"2 Thieves","floor":18,"turns":3},{"damage":4,"enemies":"3 Byrds","floor":21,"turns":5},{"damage":42,"enemies":"Gremlin Leader","floor":24,"turns":11},{"damage":1,"enemies":"Snake Plant","floor":25,"turns":6},{"damage":0,"enemies":"3 Cultists","floor":28,"turns":3},{"damage":9,"enemies":"Chosen and Byrds","floor":31,"turns":7},{"damage":59,"enemies":"Automaton","floor":33,"turns":10}],"seed_played":"1039049955388676069","potions_obtained":[{"floor":10.0,"key":"SteroidPotion"},{"floor":13.0,"key":"Ancient Potion"},{"floor":16.0,"key":"Block Potion"},{"floor":18,"key":"Ancient Potion"},{"floor":21,"key":"Block Potion"},{"floor":24,"key":"Weak Potion"},{"floor":25,"key":"Fire Potion"},{"floor":28,"key":"SkillPotion"},{"floor":31,"key":"Explosive Potion"}],"is_trial":false,"path_per_floor":["M","?","$","M","?","R","E","R","T","E","T","E","M","M","R","B",null,"M","?","$","M","$","R","E","M","T","R","M","?","?","M","R","B"],"character_chosen":"THE_SILENT","items_purchased":["Dagger Throw+1","Membership Card","Flying Knee+1","Dash+1"],"campfire_rested":4,"item_purchase_floors":[3,20,20,22],"current_hp_per_floor":[59,48,48,48,48,48,48,66,66,44,44,44,44,44,44,3,50,50,32,32,28,28,49,7,6,6,27,27,27,27,18,39,0],"gold":80,"neow_bonus":"THREE_ENEMY_KILL","is_prod":false,"is_daily":false,"chose_seed":false,"campfire_upgraded":2,"win_rate":0,"timestamp":1543604745,"path_taken":["M","?","$","M","?","R","E","R","T","E","?","E","M","M","R","BOSS","M","?","$","M","$","R","E","M","T","R","M","?","?","M","R","BOSS"],"build_version":"2018-11-15","purchased_purges":0,"victory":false,"max_hp_per_floor":[66,66,66,66,66,66,66,66,66,66,66,66,66,66,66,66,66,66,71,71,71,71,71,71,71,71,71,71,71,71,71,71,71],"card_choices":[{"not_picked":["Backflip","Underhanded Strike","Bane"],"picked":"SKIP","floor":1.0},{"not_picked":["Quick Slash+1","Bouncing Flask"],"picked":"Dagger Spray+1","floor":4.0},{"not_picked":["Setup","Bane+1"],"picked":"Skewer+1","floor":7.0},{"not_picked":["Endless Agony+1","Prepared"],"picked":"Footwork","floor":10.0},{"not_picked":["Burst","Accuracy"],"picked":"Backflip","floor":12.0},{"not_picked":["Backflip","Poisoned Stab+1"],"picked":"Cloak And Dagger","floor":13.0},{"not_picked":["Escape Plan","Acrobatics"],"picked":"Dagger Spray+1","floor":14.0},{"not_picked":["Burst","Storm of Steel"],"picked":"Malaise","floor":16.0},{"not_picked":["Skewer+1","Sucker Punch+1"],"picked":"Cloak And Dagger+1","floor":18},{"not_picked":["Slice+1","Terror"],"picked":"Dodge and Roll","floor":21},{"not_picked":["Outmaneuver","Slice+1"],"picked":"Cloak And Dagger","floor":24},{"not_picked":["Underhanded Strike+1","Backflip"],"picked":"Dagger Spray+1","floor":25},{"not_picked":["Sucker Punch+1","Flying Knee+1"],"picked":"Well Laid Plans","floor":27},{"not_picked":["Concentrate","Well Laid Plans"],"picked":"Bullet Time","floor":28},{"not_picked":["Dodge and Roll","Deadly Poison"],"picked":"Sucker Punch+1","floor":31}],"player_experience":466286,"relics_obtained":[{"floor":7.0,"key":"Bag of Marbles"},{"floor":9.0,"key":"Bottled Flame"},{"floor":10.0,"key":"Incense Burner"},{"floor":11.0,"key":"Bottled Tornado"},{"floor":12.0,"key":"Bag of Preparation"},{"floor":24,"key":"Dream Catcher"},{"floor":26,"key":"Mummified Hand"}],"event_choices":[{"damage_healed":0.0,"max_hp_gain":0.0,"max_hp_loss":0.0,"gold_gain":0.0,"event_name":"Scrap Ooze","player_choice":"Success","floor":2.0,"gold_loss":0.0,"damage_taken":11.0,"relics_obtained":["Molten Egg 2"]},{"damage_healed":0.0,"max_hp_gain":0.0,"max_hp_loss":0.0,"gold_gain":0.0,"event_name":"World of Goop","player_choice":"Left Gold","floor":5.0,"gold_loss":46.0,"damage_taken":0.0},{"damage_healed":0,"gold_gain":0,"player_choice":"Shed Blood","damage_taken":23,"max_hp_gain":5,"max_hp_loss":0,"event_name":"Forgotten Altar","floor":19,"gold_loss":0},{"damage_healed":0,"gold_gain":0,"player_choice":"Ignored","damage_taken":0,"max_hp_gain":0,"max_hp_loss":0,"event_name":"Ghosts","floor":29,"gold_loss":0},{"damage_healed":0,"gold_gain":0,"player_choice":"Ignored","damage_taken":0,"max_hp_gain":0,"max_hp_loss":0,"event_name":"Cursed Tome","floor":30,"gold_loss":0}],"is_beta":false,"boss_relics":[{"not_picked":["Velvet Choker","Snecko Eye"],"picked":"White Beast Statue"}],"items_purged_floors":[],"is_endless":false,"potions_floor_spawned":[10,13,16,18,21,24,25,28,31],"killed_by":"Automaton","ascension_level":20}