{"gold_per_floor":[12,27,102,102,102,102,136,136,136,149,149,178,193,193,193,268,268,287,287,312,50,64,64,92,103,130,80,98,23,23,53,53,131,131,150,167,186,205,225,253,253,273,325,325,1,1,15,40,40,40,40],"floor_reached":52,"playtime":1819,"items_purged":["Strike_R","Strike_R","Defend_R","Strike_R+1"],"score":1995,"play_id":"15e0a6c8-10d4-4a4c-92b9-737ff08514c8","local_time":"20190529210354","is_ascension_mode":true,"campfire_choices":[{"data":"Uppercut","floor":6.0,"key":"SMITH"},{"data":"Anger","floor":8.0,"key":"SMITH"},{"floor":11.0,"key":"REST"},{"floor":15.0,"key":"REST"},{"floor":23.0,"key":"REST"},{"floor":30.0,"key":"REST"},{"data":"Heavy Blade","floor":32.0,"key":"SMITH"},{"data":"Armaments","floor":41.0,"key":"SMITH"},{"data":"Corruption","floor":44.0,"key":"SMITH"},{"data":"True Grit","floor":49.0,"key":"SMITH"}],"neow_cost":"NO_GOLD","seed_source_timestamp":353154081926600,"circlet_count":0,"master_deck":["AscendersBane","Defend_R","Defend_R","Defend_R","Bash","Seeing Red","Bloodletting+1","Uppercut+1","Anger+1","Pommel Strike+1","Spot Weakness","Warcry+1","Feed","Seeing Red","Ghostly Armor","Shockwave","Dropkick","Anger","Flex","Heavy Blade+1","Reaper","Shrug It Off","Corruption+1","Armaments+1","Flame Barrier","Inflame","True Grit+1","Pummel","True Grit+1"],"special_seed":0,"relics":["Black Blood","Unceasing Top","Oddly Smooth Stone","Smiling Mask","Blood Vial","Philosopher\u0027s Stone","Whetstone","ClockworkSouvenir","Lantern","Vajra","Anchor","Art of War","Red Skull","Kunai","Omamori"],"potions_floor_usage":[50,51],"damage_taken":[{"damage":7.0,"enemies":"Cultist","floor":1.0,"turns":4.0},{"damage":4.0,"enemies":"2 Louse","floor":2.0,"turns":3.0},{"damage":36.0,"enemies":"Lagavulin","floor":7.0,"turns":8.0},{"damage":0.0,"enemies":"Jaw Worm","floor":10.0,"turns":3.0},{"damage":33.0,"enemies":"3 Sentries","floor":12.0,"turns":7.0},{"damage":2.0,"enemies":"Lots of Slimes","floor":13.0,"turns":3.0},{"damage":23.0,"enemies":"Hexaghost","floor":16.0,"turns":9.0},{"damage":19.0,"enemies":"Spheric Guardian","floor":18.0,"turns":4.0},{"damage":12.0,"enemies":"2 Thieves","floor":22.0,"turns":3.0},{"damage":34.0,"enemies":"Book of Stabbing","floor":24.0,"turns":4.0},{"damage":15.0,"enemies":"Cultist and Chosen","floor":25.0,"turns":5.0},{"damage":4.0,"enemies":"Shelled Parasite and Fungi","floor":28.0,"turns":4.0},{"damage":6.0,"enemies":"Gremlin Leader","floor":31.0,"turns":4.0},{"damage":46.0,"enemies":"Automaton","floor":33.0,"turns":5.0},{"damage":36.0,"enemies":"3 Darklings","floor":35.0,"turns":4.0},{"damage":19.0,"enemies":"3 Shapes","floor":36.0,"turns":4.0},{"damage":11.0,"enemies":"Spire Growth","floor":37.0,"turns":4.0},{"damage":28.0,"enemies":"4 Shapes","floor":38.0,"turns":4.0},{"damage":3.0,"enemies":"Jaw Worm Horde","floor":39.0,"turns":2.0},{"damage":24.0,"enemies":"Giant Head","floor":40.0,"turns":5.0},{"damage":17.0,"enemies":"Writhing Mass","floor":42.0,"turns":4.0},{"damage":24.0,"enemies":"3 Darklings","floor":47.0,"turns":3.0},{"damage":37.0,"enemies":"Nemesis","floor":48.0,"turns":7.0},{"damage":48,"enemies":"Time Eater","floor":50,"turns":5},{"damage":61,"enemies":"Awakened One","floor":51,"turns":8}],"seed_played":"-7895461361902142971","potions_obtained":[{"floor":1.0,"key":"Weak Potion"},{"floor":10.0,"key":"Explosive Potion"},{"floor":12.0,"key":"FearPotion"},{"floor":13.0,"key":"SteroidPotion"},{"floor":18.0,"key":"Fire Potion"},{"floor":24.0,"key":"AttackPotion"},{"floor":37.0,"key":"Poison Potion"},{"floor":38.0,"key":"SteroidPotion"},{"floor":39.0,"key":"Block Potion"}],"is_trial":false,"path_per_floor":["M","M","?","?","?","R","E","R","T","M","R","E","M","?","R","B",null,"M","?","T","$","M","R","E","M","T","$","M","$","R","E","R","B",null,"M","M","M","M","M","E","R","M","T","R","$","?","M","E","R","B","B",null],"character_chosen":"IRONCLAD","items_purchased":["ClockworkSouvenir","Flex","Kunai"],"campfire_rested":4,"item_purchase_floors":[21,29,45],"current_hp_per_floor":[67,69,58,51,51,51,21,21,21,27,49,22,28,5,27,12,59,48,27,27,27,26,50,24,20,20,20,27,27,53,55,55,17,71,63,56,62,58,88,81,81,87,87,87,87,87,92,65,65,45,21],"gold":40,"neow_bonus":"ONE_RARE_RELIC","is_prod":false,"is_daily":false,"chose_seed":false,"campfire_upgraded":6,"win_rate":0,"timestamp":1559160234,"path_taken":["M","M","?","?","?","R","E","R","T","M","R","E","?","?","R","BOSS","M","?","?","$","?","R","E","M","T","$","M","$","R","E","R","BOSS","M","M","?","M","M","E","R","M","T","R","$","?","M","E","R","BOSS","BOSS"],"build_version":"2019-01-23","purchased_purges":4,"victory":true,"max_hp_per_floor":[75,75,75,75,75,75,75,75,75,75,75,75,75,75,75,75,75,75,80,80,80,83,83,83,86,86,86,89,89,89,89,89,89,89,89,89,89,89,92,92,92,92,92,92,92,92,92,92,92,92,95],"card_choices":[{"not_picked":["Twin Strike","Shrug It Off"],"picked":"Seeing Red","floor":1.0},{"not_picked":["Feel No Pain","Sever Soul"],"picked":"Bloodletting","floor":2.0},{"not_picked":["Whirlwind","Second Wind"],"picked":"Anger","floor":7.0},{"not_picked":["Body Slam","Blood for Blood"],"picked":"Pommel Strike","floor":10.0},{"not_picked":["Fire Breathing","Searing Blow"],"picked":"Spot Weakness","floor":12.0},{"not_picked":["Shockwave","Iron Wave"],"picked":"Warcry","floor":13.0},{"not_picked":["Brutality","Immolate"],"picked":"Feed","floor":16.0},{"not_picked":["Cleave","Heavy Blade"],"picked":"Seeing Red","floor":18.0},{"not_picked":["Spot Weakness","Cleave"],"picked":"Ghostly Armor","floor":22.0},{"not_picked":["Wild Strike","Rampage"],"picked":"Shockwave","floor":24.0},{"not_picked":["Fire Breathing","Perfected Strike"],"picked":"Dropkick","floor":25.0},{"not_picked":["Sword Boomerang","Hemokinesis"],"picked":"Anger","floor":28.0},{"not_picked":["Immolate","Sentinel"],"picked":"Heavy Blade","floor":31.0},{"not_picked":["Juggernaut","Bludgeon"],"picked":"Reaper","floor":33.0},{"not_picked":["Sentinel","Hemokinesis+1"],"picked":"Shrug It Off","floor":35.0},{"not_picked":["Clash","Fire Breathing"],"picked":"Corruption","floor":36.0},{"not_picked":["Perfected Strike","Power Through"],"picked":"Armaments","floor":37.0},{"not_picked":["Combust","Clash","Wild Strike"],"picked":"SKIP","floor":38.0},{"not_picked":["Pommel Strike","Shrug It Off"],"picked":"Flame Barrier","floor":39.0},{"not_picked":["Infernal Blade","Heavy Blade"],"picked":"Inflame","floor":40.0},{"not_picked":["Thunderclap","Burning Pact"],"picked":"True Grit","floor":42.0},{"not_picked":["Second Wind","Headbutt"],"picked":"Pummel","floor":47.0},{"not_picked":["Combust","Fiend Fire"],"picked":"True Grit+1","floor":48.0}],"player_experience":1412756,"relics_obtained":[{"floor":7.0,"key":"Oddly Smooth Stone"},{"floor":9.0,"key":"Smiling Mask"},{"floor":12.0,"key":"Blood Vial"},{"floor":20.0,"key":"Whetstone"},{"floor":24.0,"key":"Lantern"},{"floor":26.0,"key":"Vajra"},{"floor":31.0,"key":"Anchor"},{"floor":40.0,"key":"Art of War"},{"floor":43.0,"key":"Red Skull"},{"floor":48.0,"key":"Omamori"}],"event_choices":[{"damage_healed":0.0,"max_hp_gain":0.0,"max_hp_loss":0.0,"gold_gain":75.0,"event_name":"World of Goop","player_choice":"Gather Gold","floor":3.0,"gold_loss":0.0,"damage_taken":11.0},{"cards_removed":["Strike_R"],"damage_healed":0.0,"max_hp_gain":0.0,"max_hp_loss":0.0,"gold_gain":0.0,"event_name":"Golden Wing","player_choice":"Card Removal","floor":4.0,"gold_loss":0.0,"damage_taken":7.0},{"damage_healed":0.0,"max_hp_gain":0.0,"max_hp_loss":0.0,"gold_gain":0.0,"cards_transformed":["Strike_R"],"event_name":"Transmorgrifier","player_choice":"Transformed","floor":5.0,"gold_loss":0.0,"damage_taken":0.0,"cards_obtained":["Uppercut"]},{"damage_healed":0.0,"max_hp_gain":0.0,"max_hp_loss":0.0,"gold_gain":0.0,"event_name":"Shining Light","player_choice":"Entered Light","floor":14.0,"gold_loss":0.0,"damage_taken":23.0,"cards_upgraded":["Warcry","Bloodletting"]},{"damage_healed":0.0,"max_hp_gain":5.0,"max_hp_loss":0.0,"gold_gain":0.0,"event_name":"Forgotten Altar","player_choice":"Shed Blood","floor":19.0,"gold_loss":0.0,"damage_taken":26.0},{"damage_healed":0.0,"max_hp_gain":0.0,"max_hp_loss":0.0,"gold_gain":0.0,"event_name":"Lab","player_choice":"Got Potions","floor":46.0,"gold_loss":0.0,"damage_taken":0.0}],"is_beta":false,"boss_relics":[{"not_picked":["Velvet Choker","Fusion Hammer"],"picked":"Philosopher\u0027s Stone"},{"not_picked":["Calling Bell","Mark of Pain"],"picked":"Black Blood"}],"items_purged_floors":[21,27,29,45],"is_endless":false,"potions_floor_spawned":[1,10,12,13,18,24,37,38,39,48],"ascension_level":20}