{"gold_per_floor":[114,114,64,75,75,109,119,199,199,199,215,242,207,207,207,279,279,290,290,7,27,40,40,69,69,142,142,142,206,244,261,261,334,334,352,352,472,204,279,307,327,113,113,123,123,173,201,236,236,236],"floor_reached":50,"playtime":3586,"items_purged":["Strike_B","Gash","Gash"],"score":1196,"play_id":"909cefcf-d56a-43ee-a111-b91beea0c007","local_time":"20190710170714","is_ascension_mode":true,"campfire_choices":[{"floor":10.0,"key":"REST"},{"data":"Coolheaded","floor":15.0,"key":"SMITH"},{"floor":23.0,"key":"REST"},{"floor":25.0,"key":"REST"},{"floor":32.0,"key":"REST"},{"floor":45.0,"key":"REST"},{"floor":49,"key":"RECALL"}],"neow_cost":"TEN_PERCENT_HP_LOSS","seed_source_timestamp":29483450395000,"circlet_count":0,"master_deck":["AscendersBane","Strike_B+1","Strike_B+1","Strike_B+1","Defend_B+1","Defend_B+1","Defend_B+1","Defend_B+1","Zap","Dualcast","Creative AI+1","Streamline","Coolheaded+1","Force Field","Coolheaded","Echo Form","Coolheaded+1","Magnetism","Glacier","Reinforced Body","Glacier","Coolheaded","Rainbow","Streamline+1","Double Energy","All For One","HandOfGreed","Reinforced Body","Sunder","Fusion","Compile Driver","Compile Driver","Hologram+1"],"special_seed":0,"relics":["Cracked Core","Emotion Chip","Blue Candle","PreservedInsect","Mercury Hourglass","Snecko Eye","Nunchaku","Frozen Egg 2","Tiny Chest","Orrery","Mango","Strawberry","Peace Pipe","Happy Flower","Toxic Egg 2"],"potions_floor_usage":[],"damage_taken":[{"damage":14.0,"enemies":"Small Slimes","floor":1.0,"turns":4.0},{"damage":12.0,"enemies":"Cultist","floor":4.0,"turns":4.0},{"damage":35.0,"enemies":"Lagavulin","floor":6.0,"turns":7.0},{"damage":7.0,"enemies":"Jaw Worm","floor":7.0,"turns":4.0},{"damage":11.0,"enemies":"2 Fungi Beasts","floor":11.0,"turns":4.0},{"damage":12.0,"enemies":"Gremlin Nob","floor":12.0,"turns":4.0},{"damage":33.0,"enemies":"Hexaghost","floor":16.0,"turns":9.0},{"damage":13.0,"enemies":"3 Byrds","floor":18.0,"turns":5.0},{"damage":10.0,"enemies":"Spheric Guardian","floor":21.0,"turns":7.0},{"damage":11.0,"enemies":"Snecko","floor":22.0,"turns":6.0},{"damage":28.0,"enemies":"Slavers","floor":24.0,"turns":5.0},{"damage":13.0,"enemies":"Gremlin Leader","floor":29.0,"turns":7.0},{"damage":0.0,"enemies":"Cultist and Chosen","floor":30.0,"turns":7.0},{"damage":0.0,"enemies":"Sentry and Sphere","floor":31.0,"turns":6.0},{"damage":25.0,"enemies":"Automaton","floor":33.0,"turns":15.0},{"damage":31.0,"enemies":"3 Darklings","floor":35.0,"turns":5.0},{"damage":7.0,"enemies":"Mind Bloom Boss Battle","floor":37.0,"turns":7.0},{"damage":19.0,"enemies":"Giant Head","floor":40.0,"turns":8.0},{"damage":13.0,"enemies":"3 Shapes","floor":41.0,"turns":3.0},{"damage":23.0,"enemies":"3 Darklings","floor":44.0,"turns":5.0},{"damage":10.0,"enemies":"4 Shapes","floor":46.0,"turns":2.0},{"damage":0.0,"enemies":"Reptomancer","floor":47.0,"turns":7.0},{"damage":4,"enemies":"Spire Growth","floor":48,"turns":5},{"damage":36,"enemies":"Time Eater","floor":50,"turns":8}],"seed_played":"-1284413836057973946","potions_obtained":[{"floor":6.0,"key":"Ancient Potion"},{"floor":11.0,"key":"Block Potion"},{"floor":12.0,"key":"Fruit Juice"},{"floor":21.0,"key":"SteroidPotion"},{"floor":22.0,"key":"Explosive Potion"},{"floor":31.0,"key":"Regen Potion"},{"floor":33.0,"key":"EssenceOfSteel"},{"floor":40.0,"key":"Block Potion"},{"floor":41.0,"key":"FairyPotion"}],"is_trial":false,"path_per_floor":["M","?","$","M","?","E","M","?","T","R","M","E","?","T","R","B",null,"M","?","$","M","M","R","E","R","T","?","?","E","M","M","R","B",null,"M","?","?","$","T","E","M","$","T","M","R","M","E","M","R","B"],"character_chosen":"DEFECT","items_purchased":["Gash","Magnetism","Strawberry","Fusion"],"campfire_rested":5,"item_purchase_floors":[3,20,38,42],"current_hp_per_floor":[50,50,50,38,59,24,17,17,17,36,25,18,35,35,35,2,52,39,39,39,29,18,38,10,30,30,44,44,31,31,31,51,26,58,27,27,34,41,41,37,24,24,24,1,28,18,18,14,14,0],"gold":236,"neow_bonus":"THREE_RARE_CARDS","is_prod":false,"is_daily":false,"chose_seed":false,"campfire_upgraded":1,"win_rate":0,"timestamp":1562803634,"path_taken":["M","?","$","?","?","E","M","?","T","R","M","E","?","?","R","BOSS","M","?","$","M","M","R","E","R","T","?","?","E","M","?","R","BOSS","M","?","?","$","?","E","M","$","T","M","R","M","E","M","R","BOSS"],"build_version":"2019-07-05","purchased_purges":3,"victory":false,"max_hp_per_floor":[64,64,64,64,64,64,64,64,64,64,64,69,69,69,69,69,69,69,69,69,69,69,69,69,69,69,69,69,69,69,69,69,69,69,69,69,83,90,90,90,90,90,90,90,90,90,90,90,90,90],"card_choices":[{"not_picked":["Core Surge","Biased Cognition"],"picked":"Creative AI","floor":0.0},{"not_picked":["Stack","Doom and Gloom"],"picked":"Gash","floor":1.0},{"not_picked":["White Noise","Blizzard"],"picked":"Streamline","floor":4.0},{"not_picked":["Aggregate","Meteor Strike"],"picked":"Coolheaded","floor":6.0},{"not_picked":["Rebound","Loop"],"picked":"Force Field","floor":7.0},{"not_picked":["Redo","Stack","Rip and Tear"],"picked":"SKIP","floor":11.0},{"not_picked":["Hello World","Self Repair"],"picked":"Coolheaded","floor":12.0},{"not_picked":["Electrodynamics","Multi-Cast"],"picked":"Echo Form","floor":16.0},{"not_picked":["Streamline","Consume"],"picked":"Coolheaded+1","floor":18.0},{"not_picked":["Turbo","Compile Driver","Cold Snap"],"picked":"SKIP","floor":21.0},{"not_picked":["Rebound+1","Steam"],"picked":"Glacier","floor":22.0},{"not_picked":["Rebound","Skim+1"],"picked":"Reinforced Body","floor":24.0},{"not_picked":["Compile Driver","Rebound"],"picked":"Glacier","floor":29.0},{"not_picked":["Chill","Steam"],"picked":"Coolheaded","floor":30.0},{"not_picked":["Leap","Lockon","Rip and Tear"],"picked":"SKIP","floor":31.0},{"not_picked":["Biased Cognition+1","Seek"],"picked":"Rainbow","floor":33.0},{"not_picked":["Compile Driver","Steam+1"],"picked":"Streamline+1","floor":34.0},{"not_picked":["Sweeping Beam","Barrage+1"],"picked":"Double Energy","floor":34.0},{"not_picked":["Leap+1","Barrage"],"picked":"All For One","floor":35.0},{"not_picked":["Thinking Ahead","Finesse"],"picked":"HandOfGreed","floor":36.0},{"not_picked":["Stack","Static Discharge+1"],"picked":"Reinforced Body","floor":40.0},{"not_picked":["Rebound","Coolheaded+1"],"picked":"Sunder","floor":41.0},{"not_picked":["Hyperbeam","Go for the Eyes"],"picked":"Compile Driver","floor":44.0},{"not_picked":["Ball Lightning","Darkness"],"picked":"Compile Driver","floor":46.0},{"not_picked":["Ball Lightning","Go for the Eyes","Compile Driver+1"],"picked":"SKIP","floor":47.0},{"not_picked":["Chill+1","Redo+1"],"picked":"Hologram+1","floor":48}],"player_experience":1259875,"relics_obtained":[{"floor":6.0,"key":"Emotion Chip"},{"floor":9.0,"key":"Blue Candle"},{"floor":12.0,"key":"PreservedInsect"},{"floor":14.0,"key":"Mercury Hourglass"},{"floor":24.0,"key":"Nunchaku"},{"floor":26.0,"key":"Frozen Egg 2"},{"floor":29.0,"key":"Tiny Chest"},{"floor":37.0,"key":"Mango"},{"floor":40.0,"key":"Peace Pipe"},{"floor":43.0,"key":"Happy Flower"},{"floor":47.0,"key":"Toxic Egg 2"}],"event_choices":[{"damage_healed":0.0,"max_hp_gain":0.0,"max_hp_loss":0.0,"gold_gain":0.0,"event_name":"Upgrade Shrine","player_choice":"Upgraded","floor":2.0,"gold_loss":0.0,"damage_taken":0.0,"cards_upgraded":["Creative AI"]},{"damage_healed":21.0,"max_hp_gain":0.0,"max_hp_loss":0.0,"gold_gain":0.0,"event_name":"Big Fish","player_choice":"Banana","floor":5.0,"gold_loss":0.0,"damage_taken":0.0},{"damage_healed":0.0,"max_hp_gain":0.0,"max_hp_loss":0.0,"gold_gain":80.0,"event_name":"Golden Wing","player_choice":"Gained Gold","floor":8.0,"gold_loss":0.0,"damage_taken":0.0},{"damage_healed":17.0,"max_hp_gain":0.0,"max_hp_loss":0.0,"gold_gain":0.0,"event_name":"The Cleric","player_choice":"Healed","floor":13.0,"gold_loss":35.0,"damage_taken":0.0},{"damage_healed":0.0,"max_hp_gain":0.0,"max_hp_loss":0.0,"gold_gain":0.0,"event_name":"Ghosts","player_choice":"Ignored","floor":19.0,"gold_loss":0.0,"damage_taken":0.0},{"damage_healed":14.0,"max_hp_gain":0.0,"max_hp_loss":0.0,"gold_gain":0.0,"event_name":"The Library","player_choice":"Heal","floor":27.0,"gold_loss":0.0,"damage_taken":0.0},{"damage_healed":0.0,"max_hp_gain":0.0,"max_hp_loss":0.0,"gold_gain":0.0,"event_name":"Back to Basics","player_choice":"Simplicity","floor":28.0,"gold_loss":0.0,"damage_taken":0.0,"cards_upgraded":["Strike_B","Strike_B","Strike_B","Defend_B","Defend_B","Defend_B","Defend_B"]},{"damage_healed":0.0,"max_hp_gain":0.0,"max_hp_loss":0.0,"gold_gain":0.0,"event_name":"SensoryStone","player_choice":"Memory 1","floor":36.0,"gold_loss":0.0,"damage_taken":0.0},{"damage_healed":0.0,"max_hp_gain":0.0,"max_hp_loss":0.0,"gold_gain":0.0,"event_name":"MindBloom","player_choice":"Fight","floor":37.0,"gold_loss":0.0,"damage_taken":0.0}],"is_beta":false,"boss_relics":[{"not_picked":["Fusion Hammer","Lizard Tail"],"picked":"Snecko Eye"},{"not_picked":["Runic Pyramid","Coffee Dripper"],"picked":"Orrery"}],"items_purged_floors":[20,38,42],"is_endless":false,"potions_floor_spawned":[6,11,12,21,22,31,33,35,37,40,41],"killed_by":"Time Eater","ascension_level":20}