{"gold_per_floor":[118,118,43,43,61,61,92,109,109,144,144,155,155,169,169,240,240,180,180,180,180,95,95,95,95,95,95,20,20],"floor_reached":29,"playtime":928,"items_purged":["Strike_B"],"score":596,"play_id":"21f2e08b-3980-41af-b31e-6d65f67df886","local_time":"20190212161130","is_ascension_mode":true,"campfire_choices":[{"data":"Barrage","floor":6.0,"key":"SMITH"},{"floor":11,"key":"REST"},{"floor":13,"key":"REST"},{"floor":15,"key":"REST"}],"neow_cost":"NONE","seed_source_timestamp":69932319858400,"circlet_count":0,"master_deck":["AscendersBane","Strike_B","Defend_B+1","Defend_B+1","Defend_B","Defend_B","Zap+1","Dualcast","Barrage+1","Ball Lightning","Genetic Algorithm","Doom and Gloom+1","Scrape+1","Ball Lightning+1","Streamline+1","Electrodynamics","Sunder+1","Capacitor+1","FTL+1","Go for the Eyes+1","Leap"],"special_seed":0,"relics":["Cracked Core","Strawberry","Molten Egg 2","Ornamental Fan","Blood Vial","Ectoplasm","MutagenicStrength","SsserpentHead","Frozen Egg 2","War Paint","Bottled Lightning","Juzu Bracelet"],"potions_floor_usage":[10,12,27],"damage_taken":[{"damage":4.0,"enemies":"2 Louse","floor":1.0,"turns":3.0},{"damage":5.0,"enemies":"Small Slimes","floor":5.0,"turns":3.0},{"damage":35.0,"enemies":"Lagavulin","floor":7.0,"turns":5.0},{"damage":0.0,"enemies":"Cultist","floor":8.0,"turns":3.0},{"damage":18,"enemies":"3 Sentries","floor":10,"turns":4},{"damage":14,"enemies":"Large Slime","floor":12,"turns":4},{"damage":0,"enemies":"3 Louse","floor":14,"turns":1},{"damage":50,"enemies":"The Guardian","floor":16,"turns":8},{"damage":17,"enemies":"2 Thieves","floor":18,"turns":3},{"damage":1,"enemies":"Spheric Guardian","floor":21,"turns":3},{"damage":0,"enemies":"Gremlin Leader","floor":23,"turns":5},{"damage":24,"enemies":"Snecko","floor":24,"turns":4},{"damage":19,"enemies":"Slavers","floor":25,"turns":4},{"damage":12,"enemies":"Snake Plant","floor":27,"turns":3},{"damage":4,"enemies":"Cultist and Chosen","floor":29,"turns":3}],"seed_played":"2218386786473056255","potions_obtained":[{"floor":1.0,"key":"EssenceOfSteel"},{"floor":10,"key":"AttackPotion"},{"floor":23,"key":"Weak Potion"},{"floor":24,"key":"Poison Potion"},{"floor":25,"key":"Ancient Potion"}],"is_trial":false,"path_per_floor":["M","?","?","?","M","R","E","M","T","E","R","M","R","M","R","B",null,"M","?","?","M","?","E","M","E","T","M","$","M"],"character_chosen":"DEFECT","items_purchased":[],"campfire_rested":3,"item_purchase_floors":[],"current_hp_per_floor":[67,60,60,60,55,55,20,20,20,2,25,13,36,38,61,13,62,47,47,47,48,48,50,28,11,11,1,1,0],"gold":20,"neow_bonus":"RANDOM_COMMON_RELIC","is_prod":false,"is_daily":false,"chose_seed":false,"campfire_upgraded":1,"win_rate":0,"timestamp":1549987890,"path_taken":["M","?","?","?","M","R","E","M","T","E","R","M","R","M","R","BOSS","M","?","?","?","?","E","M","E","T","M","$","M"],"build_version":"2019-01-23","purchased_purges":1,"victory":false,"max_hp_per_floor":[78,78,78,78,78,78,78,78,78,78,78,78,78,78,78,78,78,78,78,78,78,78,78,78,78,78,78,78,78],"card_choices":[{"not_picked":["Coolheaded","Hologram"],"picked":"Barrage","floor":1.0},{"not_picked":["Streamline","Cold Snap"],"picked":"Ball Lightning","floor":5.0},{"not_picked":["Darkness","Rebound"],"picked":"Genetic Algorithm","floor":7.0},{"not_picked":["Undo","Cold Snap+1"],"picked":"Doom and Gloom+1","floor":8.0},{"not_picked":["Biased Cognition","Reinforced Body"],"picked":"Scrape+1","floor":10},{"not_picked":["Leap","Heatsinks"],"picked":"Ball Lightning+1","floor":12},{"not_picked":["Hello World","Barrage+1"],"picked":"Streamline+1","floor":14},{"not_picked":["Thunder Strike+1","Amplify"],"picked":"Electrodynamics","floor":16},{"not_picked":["Heatsinks+1","Rebound+1"],"picked":"Sunder+1","floor":18},{"not_picked":["Hello World+1","Redo","Sweeping Beam+1"],"picked":"SKIP","floor":21},{"not_picked":["Go for the Eyes+1","Barrage+1"],"picked":"Capacitor+1","floor":23},{"not_picked":["Self Repair+1","Lockon+1"],"picked":"FTL+1","floor":24},{"not_picked":["Lockon+1","Undo"],"picked":"Go for the Eyes+1","floor":25},{"not_picked":["Double Energy","FTL+1"],"picked":"Leap","floor":27}],"player_experience":1202777,"relics_obtained":[{"floor":7.0,"key":"Molten Egg 2"},{"floor":9.0,"key":"Ornamental Fan"},{"floor":10,"key":"Blood Vial"},{"floor":23,"key":"War Paint"},{"floor":25,"key":"Bottled Lightning"},{"floor":26,"key":"Juzu Bracelet"}],"event_choices":[{"cards_removed":["Strike_B"],"damage_healed":0.0,"max_hp_gain":0.0,"max_hp_loss":0.0,"gold_gain":0.0,"event_name":"Golden Wing","player_choice":"Card Removal","floor":2.0,"gold_loss":0.0,"damage_taken":7.0},{"cards_removed":["Strike_B"],"damage_healed":0.0,"max_hp_gain":0.0,"max_hp_loss":0.0,"gold_gain":0.0,"event_name":"The Cleric","player_choice":"Card Removal","floor":3.0,"gold_loss":75.0,"damage_taken":0.0},{"damage_healed":0.0,"max_hp_gain":0.0,"max_hp_loss":0.0,"gold_gain":0.0,"event_name":"Living Wall","player_choice":"Grow","floor":4.0,"gold_loss":0.0,"damage_taken":0.0,"cards_upgraded":["Zap"]},{"damage_healed":0,"gold_gain":0,"player_choice":"Inject Mutagens","damage_taken":0,"relics_obtained":["MutagenicStrength"],"max_hp_gain":0,"max_hp_loss":0,"event_name":"Drug Dealer","floor":19,"gold_loss":0},{"damage_healed":0,"gold_gain":0,"player_choice":"Trade","damage_taken":0,"relics_obtained":["SsserpentHead"],"max_hp_gain":0,"max_hp_loss":0,"event_name":"FaceTrader","floor":20,"gold_loss":0},{"damage_healed":0,"gold_gain":0,"player_choice":"Obtained Relic","damage_taken":0,"relics_obtained":["Frozen Egg 2"],"max_hp_gain":0,"max_hp_loss":0,"event_name":"Addict","floor":22,"gold_loss":85}],"is_beta":false,"boss_relics":[{"not_picked":["Orrery","White Beast Statue"],"picked":"Ectoplasm"}],"items_purged_floors":[28],"is_endless":false,"potions_floor_spawned":[1,10,23,24,25],"killed_by":"Cultist and Chosen","ascension_level":20}