{"gold_per_floor":[117,117,8,24,42,42,72,72,99,127,146,169,202,221,221,294,294,309,328,328,346,359,359,394,394,394,394,427,427,427,427,427,502,502,519,537,157,172,172,206,206,233,257,257],"floor_reached":44,"playtime":2253,"items_purged":["Strike_G"],"score":1073,"play_id":"8729052b-a04a-4653-a3f9-0ecfb7d86ae3","local_time":"20190708200646","is_ascension_mode":true,"campfire_choices":[{"data":"Neutralize","floor":6.0,"key":"SMITH"},{"floor":8.0,"key":"REST"},{"floor":15.0,"key":"REST"},{"data":"Envenom","floor":23.0,"key":"SMITH"},{"floor":25.0,"key":"REST"},{"data":"Night Terror","floor":27.0,"key":"SMITH"},{"floor":32.0,"key":"REST"},{"floor":41,"key":"REST"}],"neow_cost":"NONE","seed_source_timestamp":0,"circlet_count":0,"master_deck":["AscendersBane","Strike_G","Strike_G","Strike_G","Strike_G","Defend_G+1","Defend_G","Defend_G","Defend_G","Defend_G","Survivor+1","Neutralize+1","Poisoned Stab","Dagger Throw","Deadly Poison","All Out Attack","Dagger Throw","Blur","Glass Knife","Slice","Footwork","Envenom+1","Well Laid Plans","Riddle With Holes+1","Night Terror+1","Footwork","Adrenaline+1","Cloak And Dagger+1","Thinking Ahead+1","Deflect+1","Acrobatics+1","PanicButton+1","Secret Weapon+1","Apotheosis+1","Noxious Fumes"],"special_seed":0,"relics":["Ring of the Serpent","War Paint","Bronze Scales","Vajra","Centennial Puzzle","Bag of Marbles","Odd Mushroom","Mummified Hand","Mercury Hourglass","Shuriken","Art of War","MutagenicStrength","Toxic Egg 2","The Specimen","Busted Crown","Question Card","Boot","Ancient Tea Set"],"potions_floor_usage":[40,44],"damage_taken":[{"damage":3.0,"enemies":"Cultist","floor":1.0,"turns":4.0},{"damage":1.0,"enemies":"Jaw Worm","floor":4.0,"turns":3.0},{"damage":1.0,"enemies":"Small Slimes","floor":5.0,"turns":2.0},{"damage":15.0,"enemies":"3 Sentries","floor":7.0,"turns":5.0},{"damage":7.0,"enemies":"Gremlin Nob","floor":10.0,"turns":3.0},{"damage":1.0,"enemies":"3 Louse","floor":11.0,"turns":2.0},{"damage":9.0,"enemies":"The Mushroom Lair","floor":12.0,"turns":3.0},{"damage":17.0,"enemies":"Lagavulin","floor":13.0,"turns":4.0},{"damage":0.0,"enemies":"Blue Slaver","floor":14.0,"turns":3.0},{"damage":28.0,"enemies":"Hexaghost","floor":16.0,"turns":9.0},{"damage":17.0,"enemies":"Spheric Guardian","floor":18.0,"turns":4.0},{"damage":9.0,"enemies":"Shell Parasite","floor":19.0,"turns":4.0},{"damage":4.0,"enemies":"Cultist and Chosen","floor":21.0,"turns":7.0},{"damage":0.0,"enemies":"Centurion and Healer","floor":22.0,"turns":6.0},{"damage":13.0,"enemies":"Gremlin Leader","floor":24.0,"turns":6.0},{"damage":22.0,"enemies":"Slavers","floor":28.0,"turns":4.0},{"damage":25.0,"enemies":"Automaton","floor":33.0,"turns":8.0},{"damage":2,"enemies":"Orb Walker","floor":35,"turns":2},{"damage":9,"enemies":"3 Darklings","floor":36,"turns":3},{"damage":5,"enemies":"Transient","floor":38,"turns":6},{"damage":15,"enemies":"Giant Head","floor":40,"turns":8},{"damage":19,"enemies":"Reptomancer","floor":42,"turns":4},{"damage":13,"enemies":"Spire Growth","floor":44,"turns":2}],"seed_played":"-8044259126488686683","potions_obtained":[{"floor":1.0,"key":"SteroidPotion"},{"floor":5.0,"key":"Poison Potion"},{"floor":11.0,"key":"LiquidBronze"},{"floor":14.0,"key":"SpeedPotion"},{"floor":16.0,"key":"Poison Potion"},{"floor":24.0,"key":"GhostInAJar"},{"floor":33.0,"key":"Energy Potion"},{"floor":40,"key":"Strength Potion"},{"floor":42,"key":"PowerPotion"}],"is_trial":false,"path_per_floor":["M","?","$","M","M","R","E","R","T","E","M","?","E","M","R","B",null,"M","M","?","M","M","R","E","R","T","R","E","?","T","T","R","B",null,"M","M","$","M","?","E","R","E","T","M"],"character_chosen":"THE_SILENT","items_purchased":["Dagger Throw","Deadly Poison","Thinking Ahead+1","Deflect+1","Acrobatics+1"],"campfire_rested":5,"item_purchase_floors":[3,3,37,37,37],"current_hp_per_floor":[56,51,51,50,49,49,34,53,53,46,45,36,19,19,38,10,52,35,26,39,35,35,35,22,41,41,41,19,19,19,19,38,13,53,51,42,42,37,27,12,31,12,12,0],"gold":257,"neow_bonus":"RANDOM_COMMON_RELIC","is_prod":false,"is_daily":false,"chose_seed":false,"campfire_upgraded":3,"win_rate":0,"timestamp":1562612806,"path_taken":["M","?","$","M","M","R","E","R","T","E","M","?","E","M","R","BOSS","M","M","?","M","M","R","E","R","T","R","E","?","?","?","R","BOSS","M","M","$","M","?","E","R","E","T","M"],"build_version":"2019-07-05","purchased_purges":1,"victory":false,"max_hp_per_floor":[66,66,66,66,66,66,66,66,66,66,66,66,66,66,66,66,66,66,66,66,66,66,66,66,66,66,66,66,66,66,66,66,66,66,66,66,66,66,66,66,66,66,66,66],"card_choices":[{"not_picked":["Accuracy","Masterful Stab"],"picked":"Poisoned Stab","floor":1.0},{"not_picked":["Deadly Poison","Flying Knee"],"picked":"All Out Attack","floor":4.0},{"not_picked":["Deflect","Slice"],"picked":"Dagger Throw","floor":5.0},{"not_picked":["Blade Dance","Underhanded Strike"],"picked":"Blur","floor":7.0},{"not_picked":["Sucker Punch","Blade Dance"],"picked":"Glass Knife","floor":10.0},{"not_picked":["Distraction","Blade Dance","Dagger Throw"],"picked":"SKIP","floor":11.0},{"not_picked":["Flying Knee","Blade Dance"],"picked":"Slice","floor":12.0},{"not_picked":["Poisoned Stab","Eviscerate","Bane"],"picked":"SKIP","floor":13.0},{"not_picked":["Expertise","Dagger Throw"],"picked":"Footwork","floor":14.0},{"not_picked":["Burst","Glass Knife"],"picked":"Envenom","floor":16.0},{"not_picked":["Flying Knee","Outmaneuver","Slice"],"picked":"SKIP","floor":18.0},{"not_picked":["Endless Agony","Prepared+1"],"picked":"Well Laid Plans","floor":19.0},{"not_picked":["Heel Hook","Poisoned Stab","Distraction"],"picked":"SKIP","floor":21.0},{"not_picked":["Expertise","Skewer"],"picked":"Riddle With Holes+1","floor":22.0},{"not_picked":["Prepared","Expertise"],"picked":"Night Terror","floor":24.0},{"not_picked":["Underhanded Strike","Escape Plan"],"picked":"Footwork","floor":28.0},{"not_picked":["Tools of the Trade","A Thousand Cuts"],"picked":"Adrenaline+1","floor":33.0},{"not_picked":["Underhanded Strike"],"picked":"SKIP","floor":35},{"not_picked":[],"picked":"Cloak And Dagger+1","floor":36},{"not_picked":["Dagger Throw"],"picked":"SKIP","floor":38},{"not_picked":[],"picked":"PanicButton+1","floor":39},{"not_picked":[],"picked":"Secret Weapon+1","floor":39},{"not_picked":[],"picked":"Apotheosis+1","floor":39},{"not_picked":["Bane"],"picked":"SKIP","floor":40},{"not_picked":["Prepared+1"],"picked":"Noxious Fumes","floor":42}],"player_experience":1545680,"relics_obtained":[{"floor":7.0,"key":"Vajra"},{"floor":9.0,"key":"Centennial Puzzle"},{"floor":10.0,"key":"Bag of Marbles"},{"floor":12.0,"key":"Odd Mushroom"},{"floor":13.0,"key":"Mummified Hand"},{"floor":24.0,"key":"Mercury Hourglass"},{"floor":26.0,"key":"Shuriken"},{"floor":28.0,"key":"Art of War"},{"floor":30.0,"key":"Toxic Egg 2"},{"floor":31.0,"key":"The Specimen"},{"floor":40,"key":"Question Card"},{"floor":42,"key":"Boot"},{"floor":43,"key":"Ancient Tea Set"}],"event_choices":[{"damage_healed":0.0,"max_hp_gain":0.0,"max_hp_loss":0.0,"gold_gain":0.0,"event_name":"Scrap Ooze","player_choice":"Success","floor":2.0,"gold_loss":0.0,"damage_taken":5.0,"relics_obtained":["Bronze Scales"]},{"damage_healed":0.0,"max_hp_gain":0.0,"max_hp_loss":0.0,"gold_gain":0.0,"event_name":"Mushrooms","player_choice":"Fought Mushrooms","floor":12.0,"gold_loss":0.0,"damage_taken":0.0},{"damage_healed":13.0,"max_hp_gain":0.0,"max_hp_loss":0.0,"gold_gain":0.0,"event_name":"The Library","player_choice":"Heal","floor":20.0,"gold_loss":0.0,"damage_taken":0.0},{"damage_healed":0.0,"max_hp_gain":0.0,"max_hp_loss":0.0,"gold_gain":0.0,"event_name":"Drug Dealer","player_choice":"Inject Mutagens","floor":29.0,"gold_loss":0.0,"damage_taken":0.0,"relics_obtained":["MutagenicStrength"]},{"damage_healed":0,"gold_gain":0,"player_choice":"Memory 3","damage_taken":10,"max_hp_gain":0,"max_hp_loss":0,"event_name":"SensoryStone","floor":39,"gold_loss":0}],"is_beta":false,"boss_relics":[{"not_picked":["Runic Pyramid","Orrery"],"picked":"Ring of the Serpent"},{"not_picked":["Velvet Choker","Runic Dome"],"picked":"Busted Crown"}],"items_purged_floors":[37],"is_endless":false,"potions_floor_spawned":[1,5,11,14,16,22,24,33,35,40,42],"killed_by":"Spire Growth","ascension_level":20}