{"gold_per_floor":[114,114,25,25,49,80,99,99],"floor_reached":8,"playtime":192,"items_purged":[],"score":162,"play_id":"6e10f1ed-d73c-476c-8f8b-f00cb45898f4","local_time":"20190410204433","is_ascension_mode":true,"campfire_choices":[],"neow_cost":"NONE","seed_source_timestamp":9527650282527852,"circlet_count":0,"master_deck":["AscendersBane","Defend_G","Defend_G+1","Defend_G","Defend_G","Defend_G+1","Strike_G","Strike_G","Strike_G","Strike_G","Strike_G","Survivor","Neutralize","Sucker Punch","Predator","PiercingWail","Poisoned Stab","Malaise"],"relics":["Ring of the Snake","NeowsBlessing","Golden Idol","War Paint","Omamori"],"potions_floor_usage":[8],"damage_taken":[{"damage":0,"enemies":"Small Slimes","floor":1,"turns":1},{"damage":0,"enemies":"Jaw Worm","floor":5,"turns":1},{"damage":0,"enemies":"Gremlin Nob","floor":6,"turns":1},{"damage":0,"enemies":"Cultist","floor":7,"turns":3},{"damage":36,"enemies":"3 Sentries","floor":8,"turns":10}],"seed_played":"2501389509582415951","potions_obtained":[{"floor":5,"key":"Poison Potion"}],"is_trial":false,"path_per_floor":["M","?","$","?","M","E","M","E"],"character_chosen":"THE_SILENT","items_purchased":["Predator"],"campfire_rested":0,"item_purchase_floors":[3],"current_hp_per_floor":[59,36,36,36,36,36,36,0],"gold":99,"neow_bonus":"THREE_ENEMY_KILL","is_prod":false,"is_daily":false,"chose_seed":false,"campfire_upgraded":0,"win_rate":0,"timestamp":1554943473,"path_taken":["M","?","$","?","?","E","M","E"],"build_version":"2019-01-23","purchased_purges":0,"victory":false,"max_hp_per_floor":[66,66,66,66,66,66,66,66],"card_choices":[{"not_picked":["Underhanded Strike","Poisoned Stab"],"picked":"Sucker Punch","floor":1},{"not_picked":["Blur","Acrobatics"],"picked":"PiercingWail","floor":5},{"not_picked":["Catalyst","Terror"],"picked":"Poisoned Stab","floor":6},{"not_picked":["Deadly Poison","Underhanded Strike"],"picked":"Malaise","floor":7}],"player_experience":629593,"relics_obtained":[{"floor":4,"key":"War Paint"},{"floor":6,"key":"Omamori"}],"event_choices":[{"damage_healed":0,"gold_gain":0,"player_choice":"Take Damage","damage_taken":23,"relics_obtained":["Golden Idol"],"max_hp_gain":0,"max_hp_loss":0,"event_name":"Golden Idol","floor":2,"gold_loss":0},{"damage_healed":0,"gold_gain":0,"player_choice":"Relic","damage_taken":0,"max_hp_gain":0,"max_hp_loss":0,"event_name":"Wheel of Change","floor":4,"gold_loss":0}],"is_beta":false,"boss_relics":[],"items_purged_floors":[],"is_endless":false,"potions_floor_spawned":[5],"killed_by":"3 Sentries","ascension_level":20}