{"gold_per_floor":[20,20,43,43,68,68,0,26,26,41,54,97,112,156,156,275,275,288,302,302],"floor_reached":20,"playtime":1529,"items_purged":[],"score":186,"play_id":"12423067-9eb3-4b38-b05a-af1302bf66ef","local_time":"20180705201039","is_ascension_mode":false,"campfire_choices":[{"data":"Deadly Poison","floor":6,"key":"SMITH"},{"floor":15,"key":"REST"}],"neow_cost":"NO_GOLD","seed_source_timestamp":5732866583310761,"circlet_count":0,"master_deck":["Defend_G+1","Defend_G","Defend_G","Defend_G+1","Defend_G","Strike_G","Strike_G","Survivor","Neutralize","Quick Slash","Quick Slash","Reflex","Sucker Punch","Deadly Poison+1","Noxious Fumes","Heel Hook","Dagger Spray","Dash","Flying Knee","Blade Dance","Tactician","Blade Dance","Distraction"],"relics":["Ring of the Snake","Golden Idol","Juzu Bracelet","Bag of Marbles","Anchor","War Paint","Eternal Feather"],"potions_floor_usage":[],"damage_taken":[{"damage":0,"enemies":"Small Slimes","floor":1,"turns":3},{"damage":3,"enemies":"Jaw Worm","floor":3,"turns":7},{"damage":0,"enemies":"Cultist","floor":5,"turns":3},{"damage":1,"enemies":"3 Louse","floor":10,"turns":3},{"damage":20,"enemies":"Gremlin Gang","floor":11,"turns":5},{"damage":8,"enemies":"Lagavulin","floor":12,"turns":5},{"damage":1,"enemies":"Red Slaver","floor":13,"turns":4},{"damage":1,"enemies":"3 Sentries","floor":14,"turns":5},{"damage":27,"enemies":"Slime Boss","floor":16,"turns":10},{"damage":21,"enemies":"Spheric Guardian","floor":18,"turns":4},{"damage":23,"enemies":"Shell Parasite","floor":19,"turns":8},{"damage":26,"enemies":"Snake Plant","floor":20,"turns":5}],"seed_played":"-3939437251528476598","potions_obtained":[{"floor":1,"key":"GamblersBrew"},{"floor":10,"key":"SmokeBomb"},{"floor":11,"key":"Fire Potion"}],"is_trial":false,"path_per_floor":["M","?","M","?","M","R","$","T","T","M","M","E","M","E","R","B",null,"M","M"],"character_chosen":"THE_SILENT","items_purchased":["Noxious Fumes"],"campfire_rested":1,"item_purchase_floors":[7],"current_hp_per_floor":[70,53,50,50,50,50,50,50,50,49,29,21,20,19,40,13,70,49,26,0],"gold":302,"neow_bonus":"TRANSFORM_TWO_CARDS","is_prod":false,"is_daily":false,"chose_seed":false,"campfire_upgraded":1,"win_rate":0.0,"timestamp":1530835839,"path_taken":["M","?","M","?","?","R","?","?","T","M","M","E","M","E","R","BOSS","M","M","M"],"build_version":"2018-06-28","purchased_purges":0,"victory":false,"max_hp_per_floor":[70,70,70,70,70,70,70,70,70,70,70,70,70,70,70,70,70,70,70,70],"card_choices":[{"not_picked":["Eviscerate","Predator"],"picked":"Reflex","floor":1},{"not_picked":["Bane","Dagger Spray"],"picked":"Sucker Punch","floor":3},{"not_picked":["Bane","Outmaneuver"],"picked":"Deadly Poison","floor":5},{"not_picked":["Dagger Spray","Slice"],"picked":"Heel Hook","floor":10},{"not_picked":["Malaise","Terror"],"picked":"Dagger Spray","floor":11},{"not_picked":["Skewer","Tactician"],"picked":"Dash","floor":12},{"not_picked":["Bane","Acrobatics"],"picked":"Flying Knee","floor":13},{"not_picked":["Sucker Punch","Slice"],"picked":"Blade Dance","floor":14},{"not_picked":["Adrenaline","Corpse Explosion"],"picked":"Tactician","floor":16},{"not_picked":["Deflect","Outmaneuver"],"picked":"Blade Dance","floor":18},{"not_picked":["Slice","Riddle With Holes"],"picked":"Distraction","floor":19}],"player_experience":69565,"relics_obtained":[{"floor":8,"key":"Juzu Bracelet"},{"floor":9,"key":"Bag of Marbles"},{"floor":12,"key":"Anchor"},{"floor":14,"key":"War Paint"}],"event_choices":[{"event_name":"Golden Idol","player_choice":"Take Damage","floor":2,"damage_taken":0},{"event_name":"Bonfire Elementals","player_choice":"BASIC","floor":4,"damage_taken":0}],"boss_relics":[{"not_picked":["Empty Cage","Snecko Eye"],"picked":"Eternal Feather"}],"items_purged_floors":[],"is_endless":false,"potions_floor_spawned":[1,10,11,14,16,19],"killed_by":"Snake Plant","ascension_level":0}