{"gold_per_floor":[116,127,127,127,138,138,63,98,98,127,166,178,216,244,256,363,375,407,419,530,558,570,582,120,135,135,166,166,186,186,186,186,282,282,295,345,345],"floor_reached":37,"playtime":1472,"items_purged":["Defend_B","Strike_B"],"score":395,"play_id":"8aa83350-f4f6-4eb2-a054-c248dd0026e7","local_time":"20190110220800","is_ascension_mode":false,"campfire_choices":[{"floor":6.0,"key":"REST"},{"floor":15.0,"key":"REST"},{"floor":23,"key":"REST"},{"floor":28,"key":"REST"},{"floor":30,"key":"DIG"},{"floor":32,"key":"REST"}],"neow_cost":"NONE","seed_source_timestamp":0,"circlet_count":0,"master_deck":["Strike_B","Strike_B","Defend_B+1","Defend_B","Zap+1","Dualcast","Melter","Redo","Steam","Leap+1","Glacier+1","Stack+1","Static Discharge","Echo Form","Streamline+1","Genetic Algorithm+1","Consume+1","Ball Lightning+1","Streamline+1","Steam+1","Streamline+1","Creative AI","Tempest+1","Redo+1"],"special_seed":0,"relics":["Cracked Core","Boot","Toxic Egg 2","MawBank","Shovel","Art of War","Inserter","FossilizedHelix","Letter Opener","Girya","Dream Catcher","Juzu Bracelet","Lizard Tail","Ginger"],"potions_floor_usage":[27,27],"damage_taken":[{"damage":0.0,"enemies":"2 Louse","floor":1.0,"turns":2.0},{"damage":1.0,"enemies":"Small Slimes","floor":2.0,"turns":4.0},{"damage":0.0,"enemies":"Cultist","floor":5.0,"turns":3.0},{"damage":10.0,"enemies":"Gremlin Nob","floor":8.0,"turns":4.0},{"damage":5.0,"enemies":"Exordium Wildlife","floor":10.0,"turns":4.0},{"damage":2.0,"enemies":"Lagavulin","floor":11.0,"turns":9.0},{"damage":0.0,"enemies":"Blue Slaver","floor":14.0,"turns":5.0},{"damage":45.0,"enemies":"Hexaghost","floor":16.0,"turns":10.0},{"damage":18,"enemies":"Chosen","floor":18,"turns":7},{"damage":8,"enemies":"Shell Parasite","floor":21,"turns":4},{"damage":21,"enemies":"3 Cultists","floor":25,"turns":6},{"damage":8,"enemies":"Book of Stabbing","floor":27,"turns":5},{"damage":4,"enemies":"Centurion and Healer","floor":29,"turns":7},{"damage":24,"enemies":"Automaton","floor":33,"turns":8},{"damage":21,"enemies":"Orb Walker","floor":35,"turns":4},{"damage":70,"enemies":"2 Orb Walkers","floor":36,"turns":6},{"damage":31,"enemies":"3 Darklings","floor":37,"turns":4}],"seed_played":"4649803385347588205","potions_obtained":[{"floor":1.0,"key":"Weak Potion"},{"floor":11.0,"key":"Strength Potion"},{"floor":14.0,"key":"PowerPotion"},{"floor":16.0,"key":"Poison Potion"},{"floor":36,"key":"AttackPotion"}],"is_trial":false,"path_per_floor":["M","M","?","?","M","R","$","E","T","M","E","?","T","M","R","B",null,"M","?","?","M","?","R","$","M","T","E","R","M","R","?","R","B",null,"M","?","M"],"character_chosen":"DEFECT","items_purchased":["FossilizedHelix","Consume+1"],"campfire_rested":5,"item_purchase_floors":[24,24],"current_hp_per_floor":[75,74,59,59,59,75,75,65,65,60,58,58,58,58,75,30,75,57,43,43,35,35,59,59,38,38,30,54,50,50,50,74,50,80,59,30,0],"gold":345,"neow_bonus":"RANDOM_COMMON_RELIC","is_prod":false,"is_daily":false,"chose_seed":false,"campfire_upgraded":0,"win_rate":0.0,"timestamp":1547186880,"path_taken":["M","M","?","?","M","R","$","E","T","?","E","?","?","M","R","BOSS","M","?","?","M","?","R","$","M","T","E","R","M","R","?","R","BOSS","M","?","M"],"build_version":"2019-01-10","purchased_purges":2,"victory":false,"max_hp_per_floor":[75,75,75,75,75,75,75,75,75,75,75,75,75,75,75,75,75,75,80,80,80,80,80,80,80,80,80,80,80,80,80,80,80,80,80,80,80],"card_choices":[{"not_picked":["Coolheaded","Hologram"],"picked":"Melter","floor":1.0},{"not_picked":["Steam","Reinforced Body"],"picked":"Redo","floor":2.0},{"not_picked":["Compile Driver","Redo"],"picked":"Steam","floor":5.0},{"not_picked":["Force Field","Doom and Gloom"],"picked":"Leap","floor":8.0},{"not_picked":["Compile Driver","Gash"],"picked":"Glacier+1","floor":10.0},{"not_picked":["Leap+1","Cold Snap"],"picked":"Stack+1","floor":11.0},{"not_picked":["Gash","Go for the Eyes"],"picked":"Static Discharge","floor":14.0},{"not_picked":["Rainbow+1","Reboot+1"],"picked":"Echo Form","floor":16.0},{"not_picked":["Rip and Tear","Stack+1"],"picked":"Streamline+1","floor":18},{"not_picked":["BootSequence+1","Streamline"],"picked":"Genetic Algorithm+1","floor":21},{"not_picked":["Coolheaded+1","Steam+1"],"picked":"Ball Lightning+1","floor":25},{"not_picked":["Redo+1","Gash"],"picked":"Streamline+1","floor":27},{"not_picked":["Rebound","Melter"],"picked":"Steam+1","floor":29},{"not_picked":["Stack+1","Compile Driver"],"picked":"Streamline+1","floor":32},{"not_picked":["Echo Form","Machine Learning"],"picked":"Creative AI","floor":33},{"not_picked":["Consume+1","Doom and Gloom+1"],"picked":"Tempest+1","floor":35},{"not_picked":["Steam+1","Compile Driver+1"],"picked":"Redo+1","floor":36}],"player_experience":113752,"relics_obtained":[{"floor":8.0,"key":"Toxic Egg 2"},{"floor":9.0,"key":"MawBank"},{"floor":11.0,"key":"Shovel"},{"floor":13.0,"key":"Art of War"},{"floor":26,"key":"Letter Opener"},{"floor":27,"key":"Girya"},{"floor":30,"key":"Dream Catcher"},{"floor":36,"key":"Ginger"}],"event_choices":[{"damage_healed":0.0,"max_hp_gain":0.0,"max_hp_loss":0.0,"gold_gain":0.0,"event_name":"Shining Light","player_choice":"Entered Light","floor":3.0,"gold_loss":0.0,"damage_taken":15.0,"cards_upgraded":["Defend_B","Zap"]},{"cards_removed":["Strike_B"],"damage_healed":0.0,"max_hp_gain":0.0,"max_hp_loss":0.0,"gold_gain":0.0,"event_name":"Purifier","player_choice":"Purged","floor":4.0,"gold_loss":0.0,"damage_taken":0.0},{"cards_removed":["Defend_B"],"damage_healed":0.0,"max_hp_gain":0.0,"max_hp_loss":0.0,"gold_gain":0.0,"event_name":"Living Wall","player_choice":"Forget","floor":12.0,"gold_loss":0.0,"damage_taken":0.0},{"damage_healed":0,"gold_gain":0,"player_choice":"Shed Blood","damage_taken":19,"max_hp_gain":5,"max_hp_loss":0,"event_name":"Forgotten Altar","floor":19,"gold_loss":0},{"damage_healed":0,"gold_gain":99,"player_choice":"Stole From Cult","damage_taken":0,"max_hp_gain":0,"max_hp_loss":0,"event_name":"Nest","floor":20,"gold_loss":0},{"damage_healed":0,"gold_gain":0,"player_choice":"Ignored","damage_taken":0,"max_hp_gain":0,"max_hp_loss":0,"event_name":"Ghosts","floor":22,"gold_loss":0},{"damage_healed":0,"gold_gain":0,"player_choice":"Gave Potion","damage_taken":0,"relics_obtained":["Juzu Bracelet"],"max_hp_gain":0,"max_hp_loss":0,"event_name":"WeMeetAgain","floor":31,"gold_loss":0},{"damage_healed":0,"gold_gain":0,"player_choice":"Fight","damage_taken":0,"max_hp_gain":0,"max_hp_loss":0,"event_name":"Mysterious Sphere","floor":36,"gold_loss":0}],"is_beta":false,"boss_relics":[{"not_picked":["White Beast Statue","Ectoplasm"],"picked":"Inserter"},{"not_picked":["Runic Dome","Eternal Feather"],"picked":"Lizard Tail"}],"items_purged_floors":[7,24],"is_endless":false,"potions_floor_spawned":[1,11,14,16,18,21,25,36],"killed_by":"3 Darklings","ascension_level":0}