{"gold_per_floor":[19,31,49,14,14,44,44,77,77,108,121,121,132,162,162,258,258,276,291,310,113,123,123,150,81,81,81,81,28,41,18,18,114,114,133,133,153,64,84,112,112,112],"floor_reached":42,"playtime":3265,"items_purged":[],"score":547,"play_id":"a4150895-d298-49cc-8581-b3fc3a45688c","local_time":"20180713194544","is_ascension_mode":true,"campfire_choices":[{"floor":15.0,"key":"REST"},{"floor":23.0,"key":"REST"},{"floor":27.0,"key":"REST"},{"floor":32.0,"key":"REST"},{"floor":41,"key":"REST"}],"neow_cost":"NO_GOLD","seed_source_timestamp":0,"circlet_count":0,"master_deck":["Zap","Dualcast","Gash","Coolheaded","Go for the Eyes","Conserve Battery","Stack","Stack","Cold Snap","Gash","Loop","Coolheaded","Seek","Cold Snap","Cold Snap","Chaos","Aggregate","Auto Shields","Beam Cell","Stack","Ball Lightning","Glacier","Darkness","Defragment+1","Ball Lightning+1","Coolheaded","Go for the Eyes+1","Electrodynamics+1","Chill+1","Leap","Conserve Battery","Hello World+1","Ball Lightning+1","Creative AI+1"],"special_seed":0,"relics":["Cracked Core","Sundial","Anchor","Shovel","Matryoshka","Question Card","Mummified Hand","Pandora\u0027s Box","Runic Capacitor","Frozen Egg 2","Vajra","Molten Egg 2","Sozu","Gambling Chip"],"potions_floor_usage":[],"damage_taken":[{"damage":5.0,"enemies":"2 Louse","floor":1.0,"turns":3.0},{"damage":1.0,"enemies":"Small Slimes","floor":2.0,"turns":3.0},{"damage":7.0,"enemies":"Jaw Worm","floor":3.0,"turns":3.0},{"damage":24.0,"enemies":"3 Sentries","floor":6.0,"turns":8.0},{"damage":14.0,"enemies":"Lagavulin","floor":8.0,"turns":9.0},{"damage":15.0,"enemies":"Gremlin Nob","floor":10.0,"turns":4.0},{"damage":2.0,"enemies":"Blue Slaver","floor":11.0,"turns":4.0},{"damage":0.0,"enemies":"Large Slime","floor":13.0,"turns":5.0},{"damage":4.0,"enemies":"Lagavulin","floor":14.0,"turns":9.0},{"damage":56.0,"enemies":"Slime Boss","floor":16.0,"turns":16.0},{"damage":7.0,"enemies":"Chosen","floor":18.0,"turns":8.0},{"damage":6.0,"enemies":"Spheric Guardian","floor":19.0,"turns":7.0},{"damage":44.0,"enemies":"3 Cultists","floor":20.0,"turns":8.0},{"damage":7.0,"enemies":"Slaver and Parasite","floor":22.0,"turns":10.0},{"damage":19.0,"enemies":"Book of Stabbing","floor":24.0,"turns":8.0},{"damage":10.0,"enemies":"Cultist and Chosen","floor":30.0,"turns":7.0},{"damage":4,"enemies":"Automaton","floor":33,"turns":12},{"damage":0,"enemies":"Flame Bruiser 1 Orb","floor":35,"turns":5},{"damage":13,"enemies":"3 Darklings","floor":37,"turns":4},{"damage":0,"enemies":"Flame Bruiser 2 Orb","floor":39,"turns":5},{"damage":43,"enemies":"2 Orb Walkers","floor":40,"turns":6},{"damage":61,"enemies":"Giant Head","floor":42,"turns":8}],"seed_played":"-4017862345274151173","potions_obtained":[{"floor":2.0,"key":"GamblersBrew"},{"floor":3.0,"key":"Strength Potion"},{"floor":10.0,"key":"Regen Potion"},{"floor":13.0,"key":"Swift Potion"},{"floor":16.0,"key":"Energy Potion"},{"floor":22.0,"key":"Swift Potion"},{"floor":24.0,"key":"Energy Potion"}],"is_trial":false,"path_per_floor":["M","M","M","?","?","E","$","E","T","E","M","?","M","E","R","B",null,"M","M","M","$","M","R","E","$","T","R","?","$","M","$","R","B",null,"M","$","M","$","M","E","R"],"character_chosen":"DEFECT","items_purchased":["Runic Capacitor","Defragment+1","Ball Lightning+1","Go for the Eyes+1","Conserve Battery","Hello World+1"],"campfire_rested":5,"item_purchase_floors":[21,25,29,31,38,38],"current_hp_per_floor":[70,69,62,75,80,56,56,42,42,27,25,25,25,21,45,4,80,73,67,23,23,16,40,21,21,21,45,45,45,35,35,59,55,80,80,80,67,67,67,24,48,0],"gold":112,"neow_bonus":"ONE_RARE_RELIC","is_prod":false,"is_daily":false,"chose_seed":false,"campfire_upgraded":0,"win_rate":0,"timestamp":1531525544,"path_taken":["M","M","M","?","?","E","$","E","T","E","M","?","M","E","R","BOSS","M","?","?","$","M","R","E","$","T","R","?","?","M","$","R","BOSS","M","?","M","$","M","E","R","E"],"build_version":"2018-07-12","purchased_purges":0,"victory":false,"max_hp_per_floor":[75,75,75,75,80,80,80,80,80,80,80,80,80,80,80,80,80,80,80,80,80,80,80,80,80,80,80,80,80,80,80,80,80,80,80,80,80,80,80,80,80,80],"card_choices":[{"not_picked":["Barrage","Hologram"],"picked":"Gash","floor":1.0},{"not_picked":["Compile Driver","Sweeping Beam"],"picked":"Coolheaded","floor":2.0},{"not_picked":["Genetic Algorithm","Hologram"],"picked":"Go for the Eyes","floor":3.0},{"not_picked":["Recycle","Storm"],"picked":"Conserve Battery","floor":6.0},{"not_picked":["Redo","Scrape"],"picked":"Stack","floor":8.0},{"not_picked":["Reprogram","Recycle"],"picked":"Stack","floor":10.0},{"not_picked":["Hyperbeam","Barrage","Leap"],"picked":"Cold Snap","floor":11.0},{"not_picked":["Beam Cell","Blizzard","Sweeping Beam"],"picked":"Loop","floor":13.0},{"not_picked":["Rebound","Barrage","Compile Driver"],"picked":"Coolheaded","floor":14.0},{"not_picked":["Hyperbeam","Amplify","Biased Cognition"],"picked":"Seek","floor":16.0},{"not_picked":["Recycle","Storm","Redo","Compile Driver+1"],"picked":"SKIP","floor":18.0},{"not_picked":["Go for the Eyes+1","Recycle","Cold Snap"],"picked":"Ball Lightning","floor":19.0},{"not_picked":["Turbo","All For One","Hologram+1"],"picked":"Glacier","floor":20.0},{"not_picked":["Turbo+1","Double Energy","Compile Driver"],"picked":"Darkness","floor":22.0},{"not_picked":["Redo+1","Genetic Algorithm","Recycle","Compile Driver"],"picked":"SKIP","floor":24.0},{"not_picked":["Barrage+1","FTL+1","Streamline+1"],"picked":"Coolheaded","floor":30.0},{"not_picked":["Hyperbeam+1","Reboot","Rainbow"],"picked":"Electrodynamics+1","floor":33},{"not_picked":["Streamline+1","Turbo","Go for the Eyes+1"],"picked":"Chill+1","floor":35},{"not_picked":["Beam Cell+1","Streamline+1","Barrage+1"],"picked":"Leap","floor":37},{"not_picked":["Beam Cell+1","Aggregate+1","Turbo+1"],"picked":"Ball Lightning+1","floor":39},{"not_picked":["Static Discharge+1","Skim+1","Steam"],"picked":"Creative AI+1","floor":40}],"player_experience":111388,"relics_obtained":[{"floor":6.0,"key":"Anchor"},{"floor":8.0,"key":"Shovel"},{"floor":9.0,"key":"Matryoshka"},{"floor":10.0,"key":"Question Card"},{"floor":14.0,"key":"Mummified Hand"},{"floor":24.0,"key":"Frozen Egg 2"},{"floor":26.0,"key":"Vajra"},{"floor":26.0,"key":"Molten Egg 2"},{"floor":40,"key":"Gambling Chip"}],"event_choices":[{"event_name":"The Cleric","player_choice":"Healed","floor":4.0,"damage_taken":0.0},{"event_name":"Big Fish","player_choice":"Donut","floor":5.0,"damage_taken":0.0},{"event_name":"Living Wall","player_choice":"Change","floor":12.0,"damage_taken":0.0},{"event_name":"Drug Dealer","player_choice":"Ignored","floor":28.0,"damage_taken":0.0}],"boss_relics":[{"not_picked":["White Beast Statue","Runic Pyramid"],"picked":"Pandora\u0027s Box"},{"not_picked":["FrozenCore","Orrery"],"picked":"Sozu"}],"items_purged_floors":[],"is_endless":false,"potions_floor_spawned":[2,3,10,13,16,22,24,33,40],"killed_by":"Giant Head","ascension_level":3}