{"gold_per_floor":[210,230,243,19,35,69,69,100,100,116,24,24,37,37,37,108,108,123,138,63,63,63,89,89,116,198,211,211,230,230,247,247,247],"floor_reached":33,"playtime":1468,"items_purged":[],"score":644,"play_id":"da8609c9-5164-410d-944d-295ba46dd720","local_time":"20190701002503","is_ascension_mode":true,"campfire_choices":[{"floor":7.0,"key":"REST"},{"floor":15.0,"key":"REST"},{"floor":24.0,"key":"REST"},{"data":"Malaise","floor":28.0,"key":"SMITH"},{"floor":32.0,"key":"REST"}],"neow_cost":"NONE","seed_source_timestamp":5571800322368504,"circlet_count":0,"master_deck":["AscendersBane","Defend_G","Defend_G","Defend_G","Defend_G","Defend_G","Strike_G","Strike_G","Strike_G","Survivor","Neutralize","Quick Slash+1","Backstab","Malaise+1","Dagger Spray+1","Noxious Fumes","Footwork","Dash","Footwork","Dodge and Roll","PiercingWail","Adrenaline","Heel Hook","Pain","Footwork","Dash","Caltrops"],"special_seed":0,"relics":["Ring of the Snake","Chemical X","Whetstone","Mercury Hourglass","Ornamental Fan","Sozu","WarpedTongs","Dodecahedron","Singing Bowl","Bottled Flame"],"potions_floor_usage":[],"damage_taken":[{"damage":9.0,"enemies":"Jaw Worm","floor":1.0,"turns":9.0},{"damage":1.0,"enemies":"Cultist","floor":2.0,"turns":5.0},{"damage":0.0,"enemies":"2 Louse","floor":3.0,"turns":2.0},{"damage":17.0,"enemies":"Exordium Thugs","floor":5.0,"turns":9.0},{"damage":24.0,"enemies":"Gremlin Nob","floor":6.0,"turns":6.0},{"damage":17.0,"enemies":"3 Sentries","floor":8.0,"turns":6.0},{"damage":0.0,"enemies":"2 Fungi Beasts","floor":10.0,"turns":2.0},{"damage":3.0,"enemies":"Large Slime","floor":13.0,"turns":6.0},{"damage":3.0,"enemies":"The Guardian","floor":16.0,"turns":12.0},{"damage":0.0,"enemies":"3 Byrds","floor":18.0,"turns":5.0},{"damage":11.0,"enemies":"2 Thieves","floor":19.0,"turns":5.0},{"damage":18.0,"enemies":"Slavers","floor":23.0,"turns":6.0},{"damage":4.0,"enemies":"Book of Stabbing","floor":25.0,"turns":10.0},{"damage":5.0,"enemies":"Snecko","floor":27.0,"turns":7.0},{"damage":14.0,"enemies":"Snake Plant","floor":29.0,"turns":8.0},{"damage":2.0,"enemies":"Centurion and Healer","floor":31.0,"turns":9.0},{"damage":63,"enemies":"Automaton","floor":33,"turns":12}],"seed_played":"-4008113899528481197","potions_obtained":[{"floor":8.0,"key":"SteroidPotion"},{"floor":10.0,"key":"Poison Potion"}],"is_trial":false,"path_per_floor":["M","M","M","$","M","E","R","E","T","M","$","?","M","$","R","B",null,"M","M","?","?","$","E","R","E","T","M","R","M","?","M","R","B"],"character_chosen":"THE_SILENT","items_purchased":["Chemical X","Footwork","Dodge and Roll"],"campfire_rested":4,"item_purchase_floors":[4,11,11],"current_hp_per_floor":[50,49,49,49,32,8,27,10,10,10,10,10,7,7,26,23,55,55,44,44,44,44,26,45,43,43,40,40,26,26,24,45,0],"gold":247,"neow_bonus":"HUNDRED_GOLD","is_prod":false,"is_daily":false,"chose_seed":false,"campfire_upgraded":1,"win_rate":0,"timestamp":1561955103,"path_taken":["M","M","M","$","M","E","R","E","T","M","$","?","M","$","R","BOSS","M","M","?","?","$","E","R","E","T","M","R","?","?","M","R","BOSS"],"build_version":"2019-01-23","purchased_purges":0,"victory":false,"max_hp_per_floor":[66,66,66,66,66,66,66,66,66,66,66,66,66,66,66,66,66,66,66,66,66,66,66,66,68,68,70,70,70,70,70,70,70],"card_choices":[{"not_picked":["Blade Dance","Outmaneuver"],"picked":"Quick Slash","floor":1.0},{"not_picked":["Masterful Stab","Sucker Punch"],"picked":"Backstab","floor":2.0},{"not_picked":["Poisoned Stab","Reflex"],"picked":"Malaise","floor":3.0},{"not_picked":["Quick Slash","Deflect"],"picked":"Dagger Spray","floor":5.0},{"not_picked":["Deflect","Outmaneuver"],"picked":"Noxious Fumes","floor":6.0},{"not_picked":["All Out Attack","Backstab"],"picked":"Footwork","floor":8.0},{"not_picked":["Outmaneuver","Masterful Stab"],"picked":"Dash","floor":10.0},{"not_picked":["Dodge and Roll","Backflip"],"picked":"PiercingWail","floor":13.0},{"not_picked":["Die Die Die","Doppelganger"],"picked":"Adrenaline","floor":16.0},{"not_picked":["Accuracy","PiercingWail"],"picked":"Heel Hook","floor":18.0},{"not_picked":["Riddle With Holes+1","Underhanded Strike","Deflect"],"picked":"SKIP","floor":19.0},{"not_picked":["Dagger Spray","Reflex+1"],"picked":"Footwork","floor":23.0},{"not_picked":["Prepared","Concentrate+1","Backstab"],"picked":"Singing Bowl","floor":25.0},{"not_picked":["Quick Slash","Skewer","Blade Dance"],"picked":"Singing Bowl","floor":27.0},{"not_picked":["Setup","Prepared"],"picked":"Dash","floor":29.0},{"not_picked":["Slice","Poisoned Stab"],"picked":"Caltrops","floor":31.0}],"player_experience":822816,"relics_obtained":[{"floor":6.0,"key":"Whetstone"},{"floor":8.0,"key":"Mercury Hourglass"},{"floor":9.0,"key":"Ornamental Fan"},{"floor":23.0,"key":"Dodecahedron"},{"floor":25.0,"key":"Singing Bowl"},{"floor":26.0,"key":"Bottled Flame"}],"event_choices":[{"cards_removed":["Strike_G"],"damage_healed":0.0,"max_hp_gain":0.0,"max_hp_loss":0.0,"gold_gain":0.0,"event_name":"Purifier","player_choice":"Purged","floor":12.0,"gold_loss":0.0,"damage_taken":0.0},{"cards_removed":["Strike_G"],"damage_healed":0.0,"max_hp_gain":0.0,"max_hp_loss":0.0,"gold_gain":0.0,"event_name":"Beggar","player_choice":"Gave Gold","floor":20.0,"gold_loss":75.0,"damage_taken":0.0},{"damage_healed":0.0,"max_hp_gain":0.0,"max_hp_loss":0.0,"gold_gain":0.0,"event_name":"Accursed Blacksmith","player_choice":"Rummage","floor":21.0,"gold_loss":0.0,"damage_taken":0.0,"relics_obtained":["WarpedTongs"],"cards_obtained":["Pain"]},{"damage_healed":0.0,"max_hp_gain":0.0,"max_hp_loss":0.0,"gold_gain":0.0,"event_name":"The Mausoleum","player_choice":"Ignored","floor":30.0,"gold_loss":0.0,"damage_taken":0.0}],"is_beta":false,"boss_relics":[{"not_picked":["Coffee Dripper","Runic Dome"],"picked":"Sozu"}],"items_purged_floors":[],"is_endless":false,"potions_floor_spawned":[8,10,13,18,29,31],"killed_by":"Automaton","ascension_level":20}