{"gold_per_floor":[115,115,129,35,45,77,90,90,114,114,126,161,161,178,178,178],"floor_reached":16,"playtime":622,"items_purged":[],"score":224,"play_id":"67a93c14-611f-4494-8d1e-4cff02aa6a14","local_time":"20190626002130","is_ascension_mode":true,"campfire_choices":[{"floor":8.0,"key":"REST"},{"data":"True Grit","floor":15,"key":"SMITH"}],"neow_cost":"NONE","seed_source_timestamp":5140617923902878,"circlet_count":0,"master_deck":["AscendersBane","Strike_R","Strike_R","Strike_R","Strike_R","Strike_R","Defend_R","Defend_R","Defend_R+1","Defend_R","Bash","True Grit+1","Wild Strike","Clothesline","Feel No Pain","Cleave","Uppercut","Spot Weakness+1","Twin Strike","Shrug It Off"],"special_seed":0,"relics":["Burning Blood","PreservedInsect","Strawberry","War Paint","Regal Pillow"],"potions_floor_usage":[12,12,12,16,16],"damage_taken":[{"damage":17.0,"enemies":"Small Slimes","floor":1.0,"turns":5.0},{"damage":7.0,"enemies":"Jaw Worm","floor":3.0,"turns":9.0},{"damage":0.0,"enemies":"Cultist","floor":5.0,"turns":3.0},{"damage":30.0,"enemies":"3 Sentries","floor":6.0,"turns":11.0},{"damage":43.0,"enemies":"Lots of Slimes","floor":7.0,"turns":5.0},{"damage":13,"enemies":"Large Slime","floor":11,"turns":5},{"damage":6,"enemies":"Gremlin Nob","floor":12,"turns":3},{"damage":3,"enemies":"Looter","floor":14,"turns":3},{"damage":63,"enemies":"Hexaghost","floor":16,"turns":14}],"seed_played":"-3031776830367667134","potions_obtained":[{"floor":3.0,"key":"EssenceOfSteel"},{"floor":5.0,"key":"EntropicBrew"},{"floor":12,"key":"Dexterity Potion"}],"is_trial":false,"path_per_floor":["M","?","M","$","M","E","M","R","T","$","M","E","?","M","R","B"],"character_chosen":"IRONCLAD","items_purchased":["Clothesline","Feel No Pain"],"campfire_rested":1,"item_purchase_floors":[4,4],"current_hp_per_floor":[57,75,74,74,75,58,21,45,45,45,38,38,38,41,41,0],"gold":178,"neow_bonus":"RANDOM_COMMON_RELIC","is_prod":false,"is_daily":false,"chose_seed":false,"campfire_upgraded":1,"win_rate":0,"timestamp":1561522890,"path_taken":["M","?","M","?","M","E","?","R","T","?","M","E","?","M","R","BOSS"],"build_version":"2019-01-23","purchased_purges":0,"victory":false,"max_hp_per_floor":[75,75,75,75,75,82,82,82,82,82,82,82,82,82,82,82],"card_choices":[{"not_picked":["Twin Strike","Armaments"],"picked":"True Grit","floor":1.0},{"not_picked":["Clash","Carnage"],"picked":"Wild Strike","floor":3.0},{"not_picked":["Flame Barrier","Flex"],"picked":"Cleave","floor":5.0},{"not_picked":["Pommel Strike","Power Through"],"picked":"Uppercut","floor":6.0},{"not_picked":["Infernal Blade","Heavy Blade"],"picked":"Spot Weakness","floor":7.0},{"not_picked":["Anger","Exhume"],"picked":"Twin Strike","floor":11},{"not_picked":["Cleave","Power Through"],"picked":"Shrug It Off","floor":12},{"not_picked":["Cleave","Warcry","Hemokinesis"],"picked":"SKIP","floor":14}],"player_experience":781855,"relics_obtained":[{"floor":6.0,"key":"Strawberry"},{"floor":9.0,"key":"War Paint"},{"floor":12,"key":"Regal Pillow"}],"event_choices":[{"damage_healed":25.0,"max_hp_gain":0.0,"max_hp_loss":0.0,"gold_gain":0.0,"event_name":"Big Fish","player_choice":"Banana","floor":2.0,"gold_loss":0.0,"damage_taken":0.0},{"damage_healed":0,"gold_gain":0,"player_choice":"Ignored","damage_taken":0,"max_hp_gain":0,"max_hp_loss":0,"event_name":"Shining Light","floor":13,"gold_loss":0}],"is_beta":false,"boss_relics":[],"items_purged_floors":[],"is_endless":false,"potions_floor_spawned":[3,5,7,12],"killed_by":"Hexaghost","ascension_level":20}