{"gold_per_floor":[114,114,125,47,66,66,100,100,100,117,117,148,148,173,173,249,249,267,267,267,284,184,184,213,213,213,110,110,120,120,146,146,220,220,231,12,24,43,57,57,57],"floor_reached":41,"playtime":2283,"items_purged":["Strike_G","Strike_G"],"score":1044,"play_id":"25126736-fa10-4af0-899a-81550c66a7c4","local_time":"20190707213014","is_ascension_mode":true,"campfire_choices":[{"data":"Noxious Fumes","floor":6.0,"key":"SMITH"},{"data":"Footwork","floor":8.0,"key":"SMITH"},{"floor":13.0,"key":"REST"},{"data":"Malaise","floor":15.0,"key":"SMITH"},{"data":"Malaise","floor":23.0,"key":"SMITH"},{"data":"Catalyst","floor":25.0,"key":"SMITH"},{"data":"Footwork","floor":30.0,"key":"SMITH"},{"data":"Caltrops","floor":32.0,"key":"SMITH"},{"data":"Footwork","floor":40.0,"key":"SMITH"}],"neow_cost":"NONE","seed_source_timestamp":0,"circlet_count":0,"master_deck":["AscendersBane","Defend_G","Defend_G","Defend_G","Defend_G","Defend_G","Survivor","Neutralize","Dagger Spray","Noxious Fumes+1","Footwork+1","PiercingWail","Caltrops+1","Malaise+1","Malaise+1","Well Laid Plans+1","Footwork+1","Phantasmal Killer","Footwork+1","Backflip","Catalyst+1","Dodge and Roll","Cloak And Dagger","Blur+1","After Image","Dagger Spray","Dagger Spray","Backflip+1"],"special_seed":0,"relics":["Ring of the Snake","NeowsBlessing","The Courier","Question Card","Pantograph","Centennial Puzzle","Blood Vial","Coffee Dripper","Ginger","Singing Bowl","Matryoshka","Snake Skull","Philosopher\u0027s Stone","Shuriken"],"potions_floor_usage":[41],"damage_taken":[{"damage":0.0,"enemies":"Cultist","floor":1.0,"turns":1.0},{"damage":0.0,"enemies":"Jaw Worm","floor":3.0,"turns":1.0},{"damage":0.0,"enemies":"Small Slimes","floor":5.0,"turns":1.0},{"damage":19.0,"enemies":"Lagavulin","floor":7.0,"turns":8.0},{"damage":0.0,"enemies":"Blue Slaver","floor":10.0,"turns":5.0},{"damage":10.0,"enemies":"3 Sentries","floor":12.0,"turns":6.0},{"damage":11.0,"enemies":"Gremlin Nob","floor":14.0,"turns":4.0},{"damage":17.0,"enemies":"The Guardian","floor":16.0,"turns":12.0},{"damage":6.0,"enemies":"Chosen","floor":18.0,"turns":8.0},{"damage":5.0,"enemies":"Shell Parasite","floor":21.0,"turns":9.0},{"damage":25.0,"enemies":"Gremlin Leader","floor":24.0,"turns":9.0},{"damage":4.0,"enemies":"Centurion and Healer","floor":29.0,"turns":13.0},{"damage":0.0,"enemies":"Book of Stabbing","floor":31.0,"turns":9.0},{"damage":0.0,"enemies":"Automaton","floor":33.0,"turns":14.0},{"damage":0.0,"enemies":"3 Darklings","floor":35.0,"turns":7.0},{"damage":9.0,"enemies":"3 Shapes","floor":37.0,"turns":6.0},{"damage":10.0,"enemies":"Jaw Worm Horde","floor":38.0,"turns":6.0},{"damage":20.0,"enemies":"3 Darklings","floor":39.0,"turns":7.0},{"damage":65,"enemies":"Reptomancer","floor":41,"turns":3}],"seed_played":"2989680884982271793","potions_obtained":[{"floor":1.0,"key":"Dexterity Potion"},{"floor":5.0,"key":"Fire Potion"},{"floor":12.0,"key":"EssenceOfSteel"},{"floor":14.0,"key":"Energy Potion"},{"floor":18.0,"key":"FearPotion"},{"floor":21.0,"key":"Regen Potion"},{"floor":24.0,"key":"SpeedPotion"},{"floor":39.0,"key":"FearPotion"}],"is_trial":false,"path_per_floor":["M","?","M","$","M","R","E","R","T","M","T","E","R","E","R","B",null,"M","?","?","M","$","R","E","R","T","$","T","M","R","E","R","B",null,"M","$","M","M","M","R","E"],"character_chosen":"THE_SILENT","items_purchased":["Footwork","Backflip","Dodge and Roll","Shuriken"],"campfire_rested":1,"item_purchase_floors":[4,22,27,36],"current_hp_per_floor":[59,52,52,52,52,52,33,33,33,33,33,23,42,31,31,41,60,56,56,56,53,53,53,45,45,45,45,45,43,43,45,45,66,66,66,66,57,49,33,33,0],"gold":57,"neow_bonus":"THREE_ENEMY_KILL","is_prod":false,"is_daily":false,"chose_seed":false,"campfire_upgraded":8,"win_rate":0,"timestamp":1562549414,"path_taken":["M","?","M","?","?","R","E","R","T","M","?","E","R","E","R","BOSS","M","?","?","M","$","R","E","R","T","?","?","?","R","E","R","BOSS","M","$","M","M","M","R","E"],"build_version":"2019-07-05","purchased_purges":2,"victory":false,"max_hp_per_floor":[66,66,66,66,66,66,66,66,66,66,66,66,66,66,66,66,66,66,66,66,66,66,66,66,66,66,66,66,66,66,66,66,66,66,66,66,66,66,68,68,68],"card_choices":[{"not_picked":["Backstab","Poisoned Stab"],"picked":"Dagger Spray","floor":1.0},{"not_picked":["Skewer","Bane"],"picked":"Noxious Fumes","floor":3.0},{"not_picked":["Dodge and Roll","Masterful Stab","Escape Plan"],"picked":"SKIP","floor":5.0},{"not_picked":["Finisher","Outmaneuver"],"picked":"PiercingWail","floor":7.0},{"not_picked":["Blade Dance","Deflect","Poisoned Stab"],"picked":"Caltrops","floor":10.0},{"not_picked":["Dagger Throw","Sucker Punch","Eviscerate"],"picked":"Malaise","floor":12.0},{"not_picked":["Prepared","Deadly Poison","Deflect","Poisoned Stab"],"picked":"SKIP","floor":14.0},{"not_picked":["Phantasmal Killer","Unload","Burst"],"picked":"Malaise","floor":16.0},{"not_picked":["Dodge and Roll","Catalyst","Quick Slash"],"picked":"Well Laid Plans+1","floor":18.0},{"not_picked":["Dodge and Roll","Blade Dance","Slice"],"picked":"Footwork","floor":21.0},{"not_picked":["Underhanded Strike+1","Unload","Deadly Poison"],"picked":"Catalyst","floor":24.0},{"not_picked":["Endless Agony","Caltrops","Noxious Fumes"],"picked":"Cloak And Dagger","floor":29.0},{"not_picked":["Quick Slash","Poisoned Stab+1","Blade Dance"],"picked":"Blur+1","floor":31.0},{"not_picked":["Malaise","Glass Knife","Grand Finale"],"picked":"After Image","floor":33.0},{"not_picked":["Blade Dance","Flying Knee","Underhanded Strike"],"picked":"Dagger Spray","floor":35.0},{"not_picked":["Deadly Poison+1","All Out Attack","Bouncing Flask"],"picked":"Dagger Spray","floor":37.0},{"not_picked":["Footwork","Blade Dance","Crippling Poison+1"],"picked":"Backflip+1","floor":38.0},{"not_picked":["Terror","Heel Hook","Underhanded Strike+1","Poisoned Stab"],"picked":"Singing Bowl","floor":39.0}],"player_experience":909720,"relics_obtained":[{"floor":7.0,"key":"The Courier"},{"floor":9.0,"key":"Question Card"},{"floor":11.0,"key":"Pantograph"},{"floor":12.0,"key":"Centennial Puzzle"},{"floor":14.0,"key":"Blood Vial"},{"floor":24.0,"key":"Ginger"},{"floor":26.0,"key":"Singing Bowl"},{"floor":28.0,"key":"Matryoshka"},{"floor":31.0,"key":"Snake Skull"}],"event_choices":[{"cards_removed":["Strike_G"],"damage_healed":0.0,"max_hp_gain":0.0,"max_hp_loss":0.0,"gold_gain":0.0,"event_name":"Golden Wing","player_choice":"Card Removal","floor":2.0,"gold_loss":0.0,"damage_taken":7.0},{"damage_healed":0.0,"max_hp_gain":0.0,"max_hp_loss":0.0,"gold_gain":0.0,"event_name":"Beggar","player_choice":"Ignored","floor":19.0,"gold_loss":0.0,"damage_taken":0.0},{"damage_healed":0.0,"max_hp_gain":0.0,"max_hp_loss":0.0,"gold_gain":0.0,"cards_transformed":["Strike_G","Strike_G"],"event_name":"Drug Dealer","player_choice":"Became Test Subject","floor":20.0,"gold_loss":0.0,"damage_taken":0.0,"cards_obtained":["Footwork","Phantasmal Killer"]}],"is_beta":false,"boss_relics":[{"not_picked":["Eternal Feather","Runic Pyramid"],"picked":"Coffee Dripper"},{"not_picked":["Empty Cage","Tiny House"],"picked":"Philosopher\u0027s Stone"}],"items_purged_floors":[22,27],"is_endless":false,"potions_floor_spawned":[1,5,7,12,14,18,21,24,35,38,39],"killed_by":"Reptomancer","ascension_level":20}