{"gold_per_floor":[114,88,88,98,98,98,98,98,98,98,132,66,66,38,38,115,115,135,135,110,110,122,122,122],"floor_reached":24,"playtime":528,"items_purged":[],"score":409,"play_id":"e4141e54-825c-4e4b-baf8-d88d64b6fb61","local_time":"20190421182126","is_ascension_mode":true,"campfire_choices":[{"data":"Bash","floor":6,"key":"SMITH"},{"data":"Perfected Strike","floor":8,"key":"SMITH"},{"data":"Flame Barrier","floor":10,"key":"SMITH"},{"data":"Armaments","floor":15,"key":"SMITH"},{"floor":23,"key":"REST"}],"neow_cost":"NONE","seed_source_timestamp":10468861610965150,"circlet_count":0,"master_deck":["AscendersBane","Bash+1","Perfected Strike+1","Armaments+1","Flame Barrier+1","Headbutt","Inflame","Armaments+1","Double Tap","Rampage","Brutality","Barricade","Battle Trance","Burning Pact","Limit Break","Twin Strike","Iron Wave","Cleave+1","Clothesline"],"relics":["Burning Blood","NeowsBlessing","Bronze Scales","MawBank","Pandora\u0027s Box"],"potions_floor_usage":[16,24],"damage_taken":[{"damage":0,"enemies":"Jaw Worm","floor":1,"turns":1},{"damage":0,"enemies":"Cultist","floor":4,"turns":1},{"damage":0,"enemies":"Gremlin Nob","floor":11,"turns":1},{"damage":41,"enemies":"The Guardian","floor":16,"turns":14},{"damage":9,"enemies":"3 Byrds","floor":18,"turns":3},{"damage":23,"enemies":"2 Thieves","floor":20,"turns":4},{"damage":27,"enemies":"Snake Plant","floor":22,"turns":4},{"damage":65,"enemies":"Slavers","floor":24,"turns":4}],"seed_played":"-3139704437372375790","potions_obtained":[{"floor":1,"key":"GamblersBrew"},{"floor":20,"key":"EssenceOfSteel"}],"is_trial":false,"path_per_floor":["M","$","?","M","?","R","$","R","T","R","E","$","?","$","R","B",null,"M","?","M","?","M","R","E"],"character_chosen":"IRONCLAD","items_purchased":["Armaments","Inflame","Armaments"],"campfire_rested":1,"item_purchase_floors":[2,12,14],"current_hp_per_floor":[74,74,74,75,75,75,75,75,75,75,75,75,52,52,52,17,61,58,75,58,58,37,59,0],"gold":122,"neow_bonus":"THREE_ENEMY_KILL","is_prod":false,"is_daily":false,"chose_seed":false,"campfire_upgraded":4,"win_rate":0,"timestamp":1555885286,"path_taken":["M","$","?","?","?","R","?","R","T","R","E","$","?","$","R","BOSS","M","?","?","?","M","R","E"],"build_version":"2019-01-23","purchased_purges":0,"victory":false,"max_hp_per_floor":[75,75,75,75,75,75,75,75,75,75,75,75,75,75,75,75,75,75,75,75,75,75,75,75],"card_choices":[{"not_picked":["Pummel","Flex"],"picked":"Perfected Strike","floor":1},{"not_picked":["Bloodletting","Rampage"],"picked":"Flame Barrier","floor":4},{"not_picked":["Sword Boomerang","Seeing Red"],"picked":"Headbutt","floor":11},{"not_picked":["Dark Embrace","Offering"],"picked":"Double Tap","floor":16},{"not_picked":["Wild Strike","Rupture"],"picked":"Cleave+1","floor":18},{"not_picked":["Clash","Reckless Charge","Battle Trance"],"picked":"SKIP","floor":20},{"not_picked":["True Grit","Wild Strike"],"picked":"Clothesline","floor":22}],"player_experience":651935,"relics_obtained":[{"floor":9,"key":"Bronze Scales"},{"floor":11,"key":"MawBank"}],"event_choices":[{"cards_removed":["Strike_R"],"damage_healed":0,"gold_gain":0,"player_choice":"Offered Basic","damage_taken":0,"max_hp_gain":0,"max_hp_loss":0,"event_name":"Bonfire Elementals","floor":3,"gold_loss":0},{"damage_healed":0,"gold_gain":0,"player_choice":"Grow","damage_taken":0,"max_hp_gain":0,"max_hp_loss":0,"event_name":"Living Wall","floor":5,"gold_loss":0,"cards_upgraded":["Armaments"]},{"damage_healed":0,"gold_gain":0,"player_choice":"Entered Light","damage_taken":23,"max_hp_gain":0,"max_hp_loss":0,"event_name":"Shining Light","floor":13,"gold_loss":0,"cards_upgraded":["Defend_R","Strike_R"]},{"damage_healed":17,"gold_gain":0,"player_choice":"Full Heal","damage_taken":0,"max_hp_gain":0,"max_hp_loss":0,"event_name":"Wheel of Change","floor":19,"gold_loss":0},{"damage_healed":0,"gold_gain":0,"player_choice":"Ignored","damage_taken":0,"max_hp_gain":0,"max_hp_loss":0,"event_name":"Ghosts","floor":21,"gold_loss":0}],"is_beta":false,"boss_relics":[{"not_picked":["Fusion Hammer","Busted Crown"],"picked":"Pandora\u0027s Box"}],"items_purged_floors":[],"is_endless":false,"potions_floor_spawned":[1,20],"killed_by":"Slavers","ascension_level":18}