{"gold_per_floor":[109,109,109,79,95,126,126,137,160,117,117,42,67,24,24,101,101,121,140,140,37,57,57,90,119,131,154,166],"floor_reached":28,"playtime":778,"items_purged":["Strike_B"],"score":492,"play_id":"59e01ae1-829c-4db0-9729-56668d9a4da0","local_time":"20190710080919","is_ascension_mode":true,"campfire_choices":[{"data":"Dualcast","floor":7.0,"key":"SMITH"},{"floor":11.0,"key":"REST"},{"data":"Ball Lightning","floor":15,"key":"SMITH"},{"floor":23,"key":"REST"}],"neow_cost":"NONE","seed_source_timestamp":484855664700,"circlet_count":0,"master_deck":["AscendersBane","Strike_B","Defend_B","Defend_B","Defend_B","Defend_B","Zap+1","Dualcast+1","Reboot","Ball Lightning+1","Leap","Melter","Conserve Battery","Electrodynamics","Ball Lightning","Defragment","All For One"],"special_seed":0,"relics":["Cracked Core","Bronze Scales","Vajra","The Courier","Empty Cage","Tiny Chest","MawBank","Torii"],"potions_floor_usage":[13,13,22,24,24,27],"damage_taken":[{"damage":7.0,"enemies":"Jaw Worm","floor":1.0,"turns":3.0},{"damage":3.0,"enemies":"2 Louse","floor":5.0,"turns":2.0},{"damage":36.0,"enemies":"Lagavulin","floor":6.0,"turns":8.0},{"damage":0.0,"enemies":"Cultist","floor":8.0,"turns":3.0},{"damage":25,"enemies":"Gremlin Nob","floor":13,"turns":4},{"damage":23,"enemies":"The Guardian","floor":16,"turns":12},{"damage":0,"enemies":"Spheric Guardian","floor":18,"turns":2},{"damage":6,"enemies":"Shell Parasite","floor":19,"turns":3},{"damage":12,"enemies":"Snecko","floor":22,"turns":5},{"damage":16,"enemies":"Gremlin Leader","floor":24,"turns":5},{"damage":6,"enemies":"Sentry and Sphere","floor":25,"turns":3},{"damage":23,"enemies":"Snake Plant","floor":27,"turns":3},{"damage":30,"enemies":"Colosseum Slavers","floor":28,"turns":3}],"seed_played":"-3288659597910493994","potions_obtained":[{"floor":4.0,"key":"Regen Potion"},{"floor":4.0,"key":"EssenceOfSteel"},{"floor":13,"key":"Energy Potion"},{"floor":16,"key":"Swift Potion"},{"floor":22,"key":"LiquidBronze"},{"floor":24,"key":"Fire Potion"}],"is_trial":false,"path_per_floor":["M","?","$","?","M","E","R","M","T","?","R","$","E","$","R","B",null,"M","M","?","$","M","R","E","M","T","M","?"],"character_chosen":"DEFECT","items_purchased":["Conserve Battery","Tiny Chest"],"campfire_rested":2,"item_purchase_floors":[14,21],"current_hp_per_floor":[57,57,57,57,54,18,18,18,18,18,39,39,26,26,26,3,54,54,48,48,48,36,57,41,35,35,12,0],"gold":166,"neow_bonus":"ONE_RANDOM_RARE_CARD","is_prod":false,"is_daily":false,"chose_seed":false,"campfire_upgraded":2,"win_rate":0,"timestamp":1562771359,"path_taken":["M","?","$","?","?","E","R","M","T","?","R","$","E","?","R","BOSS","M","M","?","$","M","R","E","M","T","?","?"],"build_version":"2019-07-05","purchased_purges":1,"victory":false,"max_hp_per_floor":[71,71,71,71,71,71,71,71,71,71,71,71,71,71,71,71,71,71,71,71,71,71,71,71,71,71,71,71],"card_choices":[{"not_picked":["Turbo","Steam","Genetic Algorithm"],"picked":"SKIP","floor":1.0},{"not_picked":["Go for the Eyes","Beam Cell"],"picked":"Ball Lightning","floor":5.0},{"not_picked":["Defragment","Force Field"],"picked":"Leap","floor":6.0},{"not_picked":["Steam","Streamline"],"picked":"Melter","floor":8.0},{"not_picked":["Steam","Streamline","Barrage"],"picked":"SKIP","floor":13},{"not_picked":["Amplify","Machine Learning"],"picked":"Electrodynamics","floor":16},{"not_picked":["Skim","Steam","Force Field+1"],"picked":"SKIP","floor":18},{"not_picked":["Doom and Gloom","Hologram"],"picked":"Ball Lightning","floor":19},{"not_picked":["Scrape","Doom and Gloom","Glacier"],"picked":"SKIP","floor":22},{"not_picked":["Sweeping Beam","Stack+1"],"picked":"Defragment","floor":24},{"not_picked":["FTL","Streamline","Rebound"],"picked":"SKIP","floor":25},{"not_picked":["Go for the Eyes","Ball Lightning"],"picked":"All For One","floor":27}],"player_experience":1251870,"relics_obtained":[{"floor":6.0,"key":"Bronze Scales"},{"floor":9.0,"key":"Vajra"},{"floor":13,"key":"The Courier"},{"floor":24,"key":"MawBank"},{"floor":26,"key":"Torii"}],"event_choices":[{"damage_healed":0.0,"max_hp_gain":0.0,"max_hp_loss":0.0,"gold_gain":0.0,"event_name":"Living Wall","player_choice":"Grow","floor":2.0,"gold_loss":0.0,"damage_taken":0.0,"cards_upgraded":["Zap"]},{"damage_healed":0.0,"max_hp_gain":0.0,"max_hp_loss":0.0,"gold_gain":0.0,"event_name":"The Woman in Blue","player_choice":"Bought 2 Potions","floor":4.0,"gold_loss":0.0,"damage_taken":0.0},{"damage_healed":0.0,"max_hp_gain":0.0,"max_hp_loss":0.0,"gold_gain":0.0,"event_name":"World of Goop","player_choice":"Left Gold","floor":10.0,"gold_loss":43.0,"damage_taken":0.0},{"damage_healed":0,"gold_gain":0,"player_choice":"0 cards matched","damage_taken":0,"max_hp_gain":0,"max_hp_loss":0,"event_name":"Match and Keep!","floor":20,"gold_loss":0,"cards_obtained":[]},{"damage_healed":0,"gold_gain":0,"player_choice":"Fight","damage_taken":0,"max_hp_gain":0,"max_hp_loss":0,"event_name":"Colosseum","floor":28,"gold_loss":0}],"is_beta":false,"boss_relics":[{"not_picked":["Runic Pyramid","Ectoplasm"],"picked":"Empty Cage"}],"items_purged_floors":[12],"is_endless":false,"potions_floor_spawned":[6,13,16,18,22,24],"killed_by":"Colosseum Slavers","ascension_level":20}