{"gold_per_floor":[114,124,142,142,142,142,176,193,193,223,223,243,260,294,294,294],"floor_reached":16,"playtime":531,"items_purged":[],"score":344,"play_id":"5958704e-f1ec-4bc6-97b0-09cc2ce689e8","local_time":"20190616210308","is_ascension_mode":true,"campfire_choices":[{"data":"Bash","floor":6.0,"key":"SMITH"},{"floor":11,"key":"REST"},{"data":"Offering","floor":15,"key":"SMITH"}],"neow_cost":"NONE","seed_source_timestamp":217504221247700,"circlet_count":0,"master_deck":["AscendersBane","Strike_R","Strike_R","Strike_R","Strike_R","Defend_R","Defend_R","Defend_R","Defend_R","Bash+1","Iron Wave","Anger+1","Flex","Offering+1","Metallicize","Spot Weakness","Sword Boomerang","Clothesline","Sword Boomerang"],"special_seed":0,"relics":["Burning Blood","Orichalcum","Shuriken","FossilizedHelix","Matryoshka"],"potions_floor_usage":[14,14],"damage_taken":[{"damage":2.0,"enemies":"2 Louse","floor":1.0,"turns":4.0},{"damage":11.0,"enemies":"Jaw Worm","floor":2.0,"turns":4.0},{"damage":5.0,"enemies":"Small Slimes","floor":3.0,"turns":3.0},{"damage":35.0,"enemies":"3 Sentries","floor":7.0,"turns":10.0},{"damage":12.0,"enemies":"3 Louse","floor":8.0,"turns":3.0},{"damage":21,"enemies":"Gremlin Nob","floor":10,"turns":4},{"damage":0,"enemies":"2 Fungi Beasts","floor":12,"turns":3},{"damage":20,"enemies":"Exordium Thugs","floor":13,"turns":4},{"damage":11,"enemies":"3 Sentries","floor":14,"turns":4}],"seed_played":"-9012476279767560860","potions_obtained":[{"floor":2.0,"key":"Fruit Juice"},{"floor":3.0,"key":"GamblersBrew"},{"floor":7.0,"key":"PowerPotion"},{"floor":8.0,"key":"Explosive Potion"}],"is_trial":false,"path_per_floor":["M","M","M","?","?","R","E","M","T","E","R","M","M","E","R","B"],"character_chosen":"IRONCLAD","items_purchased":[],"campfire_rested":1,"item_purchase_floors":[],"current_hp_per_floor":[79,74,80,80,73,73,44,38,38,23,49,55,41,36,36,0],"gold":294,"neow_bonus":"TEN_PERCENT_HP_BONUS","is_prod":false,"is_daily":false,"chose_seed":false,"campfire_upgraded":2,"win_rate":0,"timestamp":1560715388,"path_taken":["M","M","M","?","?","R","E","?","T","E","R","M","M","E","R","BOSS"],"build_version":"2019-01-23","purchased_purges":0,"victory":false,"max_hp_per_floor":[82,82,87,87,87,87,87,87,87,87,87,87,87,87,87,87],"card_choices":[{"not_picked":["Sword Boomerang","Armaments"],"picked":"Iron Wave","floor":1.0},{"not_picked":["Perfected Strike","Blood for Blood"],"picked":"Anger","floor":2.0},{"not_picked":["Armaments","Havoc"],"picked":"Flex","floor":3.0},{"not_picked":["Corruption","Shrug It Off"],"picked":"Offering","floor":7.0},{"not_picked":["Combust","True Grit"],"picked":"Metallicize","floor":8.0},{"not_picked":["Burning Pact","Heavy Blade"],"picked":"Spot Weakness","floor":10},{"not_picked":["Entrench","Anger"],"picked":"Sword Boomerang","floor":12},{"not_picked":["Heavy Blade","Reckless Charge"],"picked":"Clothesline","floor":13},{"not_picked":["Ghostly Armor","Evolve"],"picked":"Sword Boomerang","floor":14}],"player_experience":1469644,"relics_obtained":[{"floor":7.0,"key":"Orichalcum"},{"floor":9.0,"key":"Shuriken"},{"floor":10,"key":"FossilizedHelix"},{"floor":14,"key":"Matryoshka"}],"event_choices":[{"damage_healed":0.0,"max_hp_gain":0.0,"max_hp_loss":0.0,"gold_gain":0.0,"event_name":"Living Wall","player_choice":"Grow","floor":4.0,"gold_loss":0.0,"damage_taken":0.0,"cards_upgraded":["Anger"]},{"cards_removed":["Strike_R"],"damage_healed":0.0,"max_hp_gain":0.0,"max_hp_loss":0.0,"gold_gain":0.0,"event_name":"Golden Wing","player_choice":"Card Removal","floor":5.0,"gold_loss":0.0,"damage_taken":7.0}],"is_beta":false,"boss_relics":[],"items_purged_floors":[],"is_endless":false,"potions_floor_spawned":[2,3,7,8,12],"killed_by":"The Guardian","ascension_level":20}