{"gold_per_floor":[118,131,149,424,440,440,291,291,315,326,342,342,342,353,353,458,458,468,521,421,446,462,462,480,480,535,554,569,587,587,587,587,685,685,705,705,705,722,740,740,534,587,610,610,622,634,644,659,659,659],"floor_reached":51,"playtime":9142,"items_purged":["Regret","Strike_G","Strike_G"],"score":645,"play_id":"54335f83-7d74-4c47-b4a7-2656c702a27e","local_time":"20190710154632","is_ascension_mode":false,"campfire_choices":[{"data":"Quick Slash","floor":6,"key":"SMITH"},{"data":"Noxious Fumes","floor":8,"key":"SMITH"},{"data":"Blade Dance","floor":13,"key":"SMITH"},{"floor":15,"key":"REST"},{"data":"Dash","floor":23,"key":"SMITH"},{"data":"Neutralize","floor":25,"key":"SMITH"},{"floor":32,"key":"REST"},{"data":"Burst","floor":40,"key":"SMITH"},{"floor":44,"key":"REST"},{"floor":49,"key":"REST"}],"neow_cost":"NONE","seed_source_timestamp":414454190256129,"circlet_count":0,"master_deck":["Strike_G","Strike_G","Defend_G+1","Defend_G","Defend_G","Defend_G","Defend_G+1","Survivor","Neutralize+1","Leg Sweep","Infinite Blades","Quick Slash+1","Blade Dance+1","Noxious Fumes+1","Acrobatics","Underhanded Strike","Dash+1","After Image","Caltrops+1","Sucker Punch+1","Infinite Blades","Dodge and Roll+1","Deflect","Dagger Throw","Noxious Fumes","Burst+1","Caltrops+1","Noxious Fumes+1","Dodge and Roll+1","Phantasmal Killer","Heel Hook","Backstab+1","Dagger Throw+1","Blur","Dagger Throw+1","Well Laid Plans+1"],"relics":["Ring of the Snake","Vajra","Philosopher\u0027s Stone","Juzu Bracelet","Red Mask","Orichalcum","Eternal Feather","FossilizedHelix","War Paint"],"potions_floor_usage":[18,24,33,46,47,50,50],"damage_taken":[{"damage":1,"enemies":"Small Slimes","floor":1,"turns":5},{"damage":0,"enemies":"Cultist","floor":2,"turns":4},{"damage":5,"enemies":"Jaw Worm","floor":3,"turns":5},{"damage":3,"enemies":"Red Slaver","floor":5,"turns":5},{"damage":1,"enemies":"Blue Slaver","floor":10,"turns":4},{"damage":5,"enemies":"2 Fungi Beasts","floor":11,"turns":3},{"damage":8,"enemies":"Exordium Thugs","floor":14,"turns":5},{"damage":26,"enemies":"The Guardian","floor":16,"turns":11},{"damage":0,"enemies":"Chosen","floor":18,"turns":4},{"damage":10,"enemies":"Masked Bandits","floor":21,"turns":4},{"damage":0,"enemies":"Spheric Guardian","floor":22,"turns":4},{"damage":11,"enemies":"Snake Plant","floor":24,"turns":4},{"damage":12,"enemies":"Shelled Parasite and Fungi","floor":27,"turns":6},{"damage":5,"enemies":"Chosen and Byrds","floor":28,"turns":5},{"damage":7,"enemies":"Centurion and Healer","floor":29,"turns":5},{"damage":51,"enemies":"Collector","floor":33,"turns":11},{"damage":0,"enemies":"Orb Walker","floor":35,"turns":5},{"damage":0,"enemies":"3 Shapes","floor":38,"turns":4},{"damage":22,"enemies":"Maw","floor":39,"turns":8},{"damage":55,"enemies":"2 Orb Walkers","floor":42,"turns":6},{"damage":21,"enemies":"Sphere and 2 Shapes","floor":45,"turns":7},{"damage":3,"enemies":"Jaw Worm Horde","floor":46,"turns":4},{"damage":13,"enemies":"Transient","floor":47,"turns":5},{"damage":6,"enemies":"Maw","floor":48,"turns":8},{"damage":46,"enemies":"Awakened One","floor":50,"turns":16}],"seed_played":"-7716111271152549668","potions_obtained":[{"floor":5,"key":"SkillPotion"},{"floor":10,"key":"PowerPotion"},{"floor":16,"key":"SteroidPotion"},{"floor":18,"key":"Poison Potion"},{"floor":21,"key":"Fire Potion"},{"floor":28,"key":"SmokeBomb"},{"floor":42,"key":"GhostInAJar"},{"floor":45,"key":"Block Potion"},{"floor":48,"key":"SkillPotion"}],"is_trial":false,"path_per_floor":["M","M","M","?","M","R","$","R","T","M","M","?","R","M","R","B",null,"M","T","$","?","M","R","M","R","T","M","M","M","?","?","R","B",null,"M","?","?","M","M","R","$","?","T","R","M","M","M","M","R","B",null],"character_chosen":"THE_SILENT","items_purchased":["Noxious Fumes","Heel Hook"],"campfire_rested":4,"item_purchase_floors":[7,41],"current_hp_per_floor":[76,76,71,71,68,68,68,68,68,67,62,62,62,54,77,51,77,77,77,77,67,67,67,56,56,56,44,39,32,32,32,55,4,77,77,77,73,73,51,69,69,14,14,53,32,29,16,10,52,6],"gold":659,"neow_bonus":"TEN_PERCENT_HP_BONUS","is_prod":false,"is_daily":false,"chose_seed":false,"campfire_upgraded":6,"win_rate":0.0,"timestamp":1562787992,"path_taken":["M","M","M","?","?","R","$","R","T","M","M","?","R","M","R","BOSS","M","?","$","?","M","R","M","R","T","M","M","M","?","?","R","BOSS","M","?","?","M","M","R","$","?","T","R","M","M","M","M","R","BOSS"],"build_version":"2019-07-05","purchased_purges":3,"victory":true,"max_hp_per_floor":[77,77,77,77,77,77,77,77,77,77,77,77,77,77,77,77,77,77,77,77,77,77,77,77,77,77,77,77,77,77,77,77,77,77,77,77,73,73,73,73,73,73,73,73,73,73,73,73,73,73],"card_choices":[{"not_picked":["Outmaneuver","Bane"],"picked":"Leg Sweep","floor":1},{"not_picked":["Bouncing Flask","PiercingWail"],"picked":"Infinite Blades","floor":2},{"not_picked":["Flying Knee","Prepared"],"picked":"Quick Slash","floor":3},{"not_picked":["Outmaneuver","Crippling Poison"],"picked":"Blade Dance","floor":5},{"not_picked":["Finisher","Slice"],"picked":"Acrobatics","floor":10},{"not_picked":["Distraction","Deadly Poison"],"picked":"Underhanded Strike","floor":11},{"not_picked":["Terror","Corpse Explosion"],"picked":"Dash","floor":14},{"not_picked":["Venomology","Tools of the Trade"],"picked":"After Image","floor":16},{"not_picked":["Blade Dance","Quick Slash+1"],"picked":"Caltrops+1","floor":18},{"not_picked":["Underhanded Strike","Crippling Poison+1"],"picked":"Sucker Punch+1","floor":21},{"not_picked":["Acrobatics","Dodge and Roll"],"picked":"Infinite Blades","floor":22},{"not_picked":["Outmaneuver","Deadly Poison"],"picked":"Dodge and Roll+1","floor":24},{"not_picked":["Underhanded Strike","Acrobatics"],"picked":"Deflect","floor":27},{"not_picked":["Sucker Punch","Calculated Gamble+1"],"picked":"Dagger Throw","floor":28},{"not_picked":["All Out Attack+1","Backflip"],"picked":"Noxious Fumes","floor":29},{"not_picked":["Unload","Night Terror"],"picked":"Burst","floor":33},{"not_picked":["Dagger Throw+1","Slice"],"picked":"Caltrops+1","floor":35},{"not_picked":["Distraction","Flying Knee"],"picked":"Dodge and Roll+1","floor":38},{"not_picked":["PiercingWail","Dagger Spray"],"picked":"Phantasmal Killer","floor":39},{"not_picked":["Outmaneuver","Blade Dance"],"picked":"Backstab+1","floor":42},{"not_picked":["Dagger Spray+1","Bane+1"],"picked":"Dagger Throw+1","floor":45},{"not_picked":["Predator+1","Reflex+1"],"picked":"Blur","floor":46},{"not_picked":["Flying Knee+1","Eviscerate"],"picked":"Dagger Throw+1","floor":47},{"not_picked":["Dagger Spray+1","Deadly Poison+1"],"picked":"Well Laid Plans+1","floor":48}],"player_experience":42148,"relics_obtained":[{"floor":9,"key":"Vajra"},{"floor":19,"key":"Juzu Bracelet"},{"floor":21,"key":"Red Mask"},{"floor":26,"key":"Orichalcum"},{"floor":42,"key":"FossilizedHelix"},{"floor":43,"key":"War Paint"}],"event_choices":[{"damage_healed":0,"gold_gain":275,"player_choice":"Desecrate","damage_taken":0,"max_hp_gain":0,"max_hp_loss":0,"event_name":"Golden Shrine","floor":4,"gold_loss":0,"cards_obtained":["Regret"]},{"damage_healed":0,"gold_gain":0,"player_choice":"Bought 0 Potions","damage_taken":0,"max_hp_gain":0,"max_hp_loss":0,"event_name":"The Woman in Blue","floor":12,"gold_loss":0},{"damage_healed":0,"gold_gain":0,"player_choice":"Fought Bandits","damage_taken":0,"max_hp_gain":0,"max_hp_loss":0,"event_name":"Masked Bandits","floor":21,"gold_loss":0},{"cards_removed":["Strike_G"],"damage_healed":0,"gold_gain":0,"player_choice":"Elegance","damage_taken":0,"max_hp_gain":0,"max_hp_loss":0,"event_name":"Back to Basics","floor":30,"gold_loss":0},{"damage_healed":0,"gold_gain":0,"player_choice":"Ignored","damage_taken":0,"max_hp_gain":0,"max_hp_loss":0,"event_name":"Ghosts","floor":31,"gold_loss":0},{"damage_healed":0,"gold_gain":0,"player_choice":"Copied","damage_taken":0,"max_hp_gain":0,"max_hp_loss":0,"event_name":"Duplicator","floor":36,"gold_loss":0,"cards_obtained":["Noxious Fumes"]},{"damage_healed":0,"gold_gain":0,"player_choice":"Max HP","damage_taken":0,"max_hp_gain":0,"max_hp_loss":4,"event_name":"Winding Halls","floor":37,"gold_loss":0},{"damage_healed":0,"gold_gain":0,"player_choice":"Fight","damage_taken":0,"max_hp_gain":0,"max_hp_loss":0,"event_name":"Mysterious Sphere","floor":42,"gold_loss":0}],"is_beta":false,"boss_relics":[{"not_picked":["Ring of the Serpent","Tiny House"],"picked":"Philosopher\u0027s Stone"},{"not_picked":["Runic Pyramid","White Beast Statue"],"picked":"Eternal Feather"}],"items_purged_floors":[7,20,41],"is_endless":false,"potions_floor_spawned":[5,10,16,18,21,28,42,45,48],"ascension_level":0}