{"path_per_floor":["M","$","M","?","T","E","M","R","T","R","M","M","R","M","R","B",null,"M","?"],"character_chosen":"IRONCLAD","items_purchased":[],"gold_per_floor":[117,42,52,52,52,79,94,94,94,94,114,125,125,135,135,233,233,248,248],"floor_reached":20,"campfire_rested":1,"playtime":624,"current_hp_per_floor":[80,80,80,64,71,77,77,77,77,77,73,71,71,66,87,35,87,52,52],"items_purged":["Strike_R"],"gold":248,"score":199,"play_id":"05d2fc1a-ac96-4e25-a037-3ad5c4bbe672","is_prod":false,"is_daily":false,"is_ascension_mode":false,"campfire_upgraded":3,"path_taken":["M","$","M","?","?","E","M","R","T","R","M","?","R","M","R","BOSS","M","?","M"],"build_version":"2018-02-08-PROD1","purchased_purges":1,"victory":false,"master_deck":["Strike_R","Strike_R+1","Strike_R","Strike_R+1","Defend_R","Defend_R","Defend_R","Defend_R","Bash","Searing Blow+3","Flex","Spot Weakness","Seeing Red","Uppercut","Exhume","Shockwave"],"max_hp_per_floor":[80,80,80,80,87,87,87,87,87,87,87,87,87,87,87,87,87,87,87],"relics":["Burning Blood","NeowsBlessing","Strawberry","Ancient Tea Set","Du-Vu Doll","Mark of Pain"],"card_choices":[{"not_picked":["Thunderclap","Rage"],"picked":"Searing Blow"},{"not_picked":["Wild Strike","Rupture"],"picked":"Flex"},{"not_picked":["Twin Strike","Iron Wave"],"picked":"Spot Weakness"},{"not_picked":["Cleave","Dropkick"],"picked":"Seeing Red"},{"not_picked":["Wild Strike","Anger"],"picked":"Uppercut"},{"not_picked":["Barricade","Bludgeon"],"picked":"Exhume"},{"not_picked":["Searing Blow","Pommel Strike"],"picked":"Shockwave"}],"player_experience":69319,"potions_floor_usage":[16,16,18],"damage_taken":[{"damage":0,"enemies":"2 Louse","floor":1,"turns":1},{"damage":0,"enemies":"Jaw Worm","floor":3,"turns":1},{"damage":0,"enemies":"Gremlin Nob","floor":6,"turns":1},{"damage":6,"enemies":"Cultist","floor":7,"turns":3},{"damage":10,"enemies":"Exordium Thugs","floor":11,"turns":3},{"damage":8,"enemies":"3 Louse","floor":12,"turns":3},{"damage":11,"enemies":"Lots of Slimes","floor":14,"turns":4},{"damage":58,"enemies":"Hexaghost","floor":16,"turns":8},{"damage":41,"enemies":"2 Thieves","floor":18,"turns":5},{"damage":52,"enemies":"3 Byrds","floor":20,"turns":6}],"event_choices":[{"event_name":"Shining Light","player_choice":"Entered Light","floor":4,"damage_taken":0},{"event_name":"The Lab","player_choice":"Got Potions","floor":19,"damage_taken":0}],"boss_relics":[{"not_picked":["Question Card","Lizard Tail"],"picked":"Mark of Pain"}],"potions_floor_spawned":[1,6,11,16,18],"seed_played":"7978235049807490573","killed_by":"3 Byrds","ascension_level":0,"is_trial":false}