{"gold_per_floor":[115,115,115,126,126,126,144,170,170,170,81,81,114,125,125,199,199,152,152,202,29,29],"floor_reached":22,"playtime":608,"items_purged":[],"score":380,"play_id":"58ca6e70-7d75-4db9-b0c7-9e3764d5b785","local_time":"20190517174548","is_ascension_mode":true,"campfire_choices":[{"data":"Noxious Fumes","floor":6.0,"key":"SMITH"},{"data":"Neutralize","floor":10.0,"key":"SMITH"},{"floor":12.0,"key":"REST"},{"floor":15.0,"key":"REST"}],"neow_cost":"NONE","seed_source_timestamp":1747939383137948,"circlet_count":0,"master_deck":["AscendersBane","Defend_G","Defend_G","Defend_G","Defend_G","Defend_G","Strike_G","Strike_G","Strike_G","Survivor","Neutralize+1","Noxious Fumes+1","Skewer","Leg Sweep","Poisoned Stab","Glass Knife","Noxious Fumes","Blade Dance","Flying Knee","Heel Hook","Dodge and Roll","Flying Knee"],"special_seed":0,"relics":["Busted Crown","Blue Candle","Orichalcum","Ginger","Orrery","PreservedInsect"],"potions_floor_usage":[],"damage_taken":[{"damage":2.0,"enemies":"2 Louse","floor":1.0,"turns":4.0},{"damage":6.0,"enemies":"Small Slimes","floor":4.0,"turns":5.0},{"damage":1.0,"enemies":"Cultist","floor":7.0,"turns":3.0},{"damage":33.0,"enemies":"Lagavulin","floor":8.0,"turns":8.0},{"damage":19.0,"enemies":"3 Sentries","floor":13.0,"turns":7.0},{"damage":0.0,"enemies":"2 Fungi Beasts","floor":14.0,"turns":4.0},{"damage":30.0,"enemies":"Slime Boss","floor":16.0,"turns":11.0},{"damage":20.0,"enemies":"2 Thieves","floor":18.0,"turns":5.0},{"damage":37,"enemies":"3 Byrds","floor":22,"turns":4}],"seed_played":"3090391254807085712","potions_obtained":[{"floor":4.0,"key":"SteroidPotion"},{"floor":8.0,"key":"Weak Potion"},{"floor":13.0,"key":"SpeedPotion"},{"floor":18.0,"key":"Strength Potion"}],"is_trial":false,"path_per_floor":["M","?","?","M","?","R","M","E","T","R","$","R","E","M","R","B",null,"M","?","?","$","M"],"character_chosen":"THE_SILENT","items_purchased":["Leg Sweep","PreservedInsect"],"campfire_rested":2,"item_purchase_floors":[11,21],"current_hp_per_floor":[57,50,50,44,66,66,65,32,32,32,32,51,32,32,51,21,55,35,35,35,35,0],"gold":29,"neow_bonus":"BOSS_RELIC","is_prod":false,"is_daily":false,"chose_seed":false,"campfire_upgraded":2,"win_rate":0,"timestamp":1558129548,"path_taken":["M","?","?","?","?","R","M","E","T","R","$","R","E","M","R","BOSS","M","?","?","$","M"],"build_version":"2019-01-23","purchased_purges":0,"victory":false,"max_hp_per_floor":[66,66,66,66,66,66,66,66,66,66,66,66,66,66,66,66,66,66,66,66,66,66],"card_choices":[{"not_picked":["Underhanded Strike"],"picked":"SKIP","floor":1.0},{"not_picked":[],"picked":"Skewer","floor":4.0},{"not_picked":["Slice"],"picked":"SKIP","floor":7.0},{"not_picked":["Acrobatics"],"picked":"SKIP","floor":8.0},{"not_picked":[],"picked":"Poisoned Stab","floor":13.0},{"not_picked":["Setup"],"picked":"SKIP","floor":14.0},{"not_picked":[],"picked":"Glass Knife","floor":16.0},{"not_picked":[],"picked":"Noxious Fumes","floor":17.0},{"not_picked":[],"picked":"Blade Dance","floor":17.0},{"not_picked":[],"picked":"Flying Knee","floor":17.0},{"not_picked":[],"picked":"Heel Hook","floor":17.0},{"not_picked":[],"picked":"Dodge and Roll","floor":17.0},{"not_picked":[],"picked":"Flying Knee","floor":18.0}],"player_experience":690362,"relics_obtained":[{"floor":8.0,"key":"Blue Candle"},{"floor":9.0,"key":"Orichalcum"},{"floor":13.0,"key":"Ginger"}],"event_choices":[{"cards_removed":["Strike_G"],"damage_healed":0.0,"max_hp_gain":0.0,"max_hp_loss":0.0,"gold_gain":0.0,"event_name":"Golden Wing","player_choice":"Card Removal","floor":2.0,"gold_loss":0.0,"damage_taken":7.0},{"damage_healed":0.0,"max_hp_gain":0.0,"max_hp_loss":0.0,"gold_gain":0.0,"cards_transformed":["Strike_G"],"event_name":"Transmorgrifier","player_choice":"Transformed","floor":3.0,"gold_loss":0.0,"damage_taken":0.0,"cards_obtained":["Noxious Fumes"]},{"damage_healed":22.0,"max_hp_gain":0.0,"max_hp_loss":0.0,"gold_gain":0.0,"event_name":"Big Fish","player_choice":"Banana","floor":5.0,"gold_loss":0.0,"damage_taken":0.0},{"damage_healed":0.0,"max_hp_gain":0.0,"max_hp_loss":0.0,"gold_gain":0.0,"event_name":"Cursed Tome","player_choice":"Ignored","floor":19.0,"gold_loss":0.0,"damage_taken":0.0},{"damage_healed":0,"gold_gain":100,"player_choice":"Bet on Murderer","damage_taken":0,"max_hp_gain":0,"max_hp_loss":0,"event_name":"The Joust","floor":20,"gold_loss":50}],"is_beta":false,"boss_relics":[{"not_picked":["Lizard Tail","Tiny House"],"picked":"Orrery"}],"items_purged_floors":[],"is_endless":false,"potions_floor_spawned":[4,8,13,18],"killed_by":"3 Byrds","ascension_level":20}