{"gold_per_floor":[109,120,85,103,123,123,157,157,157,185,198,209,209,219,219,322,352,372,392,402,327,338,338,338],"floor_reached":24,"playtime":1572,"items_purged":[],"score":212,"play_id":"777623e1-daf9-4a6f-a433-92dd946ae9ac","local_time":"20180704184048","is_ascension_mode":false,"campfire_choices":[{"floor":13.0,"key":"REST"},{"floor":15.0,"key":"REST"},{"floor":23,"key":"REST"}],"neow_cost":"","seed_source_timestamp":0,"circlet_count":0,"master_deck":["Strike_B","Strike_B","Strike_B","Defend_B","Defend_B","Defend_B","Defend_B","Zap","Dualcast","Ball Lightning","Conserve Battery","Static Discharge","Cold Snap","Hologram","Conserve Battery","Core Surge+1","Hologram","Conserve Battery","Reinforced Body","Beam Cell+1","Recycle"],"special_seed":0,"relics":["Cracked Core","Shuriken","Bottled Lightning","Letter Opener","Tiny House"],"potions_floor_usage":[],"damage_taken":[{"damage":1.0,"enemies":"2 Louse","floor":1.0,"turns":3.0},{"damage":11.0,"enemies":"Jaw Worm","floor":2.0,"turns":5.0},{"damage":0.0,"enemies":"Cultist","floor":4.0,"turns":4.0},{"damage":7.0,"enemies":"Blue Slaver","floor":5.0,"turns":4.0},{"damage":19.0,"enemies":"Lagavulin","floor":7.0,"turns":7.0},{"damage":20.0,"enemies":"Gremlin Nob","floor":10.0,"turns":5.0},{"damage":6.0,"enemies":"Exordium Thugs","floor":11.0,"turns":3.0},{"damage":11.0,"enemies":"Large Slime","floor":12.0,"turns":5.0},{"damage":6.0,"enemies":"Gremlin Gang","floor":14.0,"turns":4.0},{"damage":42.0,"enemies":"Slime Boss","floor":16.0,"turns":12.0},{"damage":36,"enemies":"3 Byrds","floor":18,"turns":5},{"damage":21,"enemies":"2 Thieves","floor":19,"turns":5},{"damage":14,"enemies":"Centurion and Healer","floor":20,"turns":11},{"damage":8,"enemies":"Slaver and Parasite","floor":22,"turns":12},{"damage":41,"enemies":"Gremlin Leader","floor":24,"turns":2}],"seed_played":"-8120022281810283722","potions_obtained":[{"floor":2.0,"key":"Dexterity Potion"},{"floor":11.0,"key":"FairyPotion"},{"floor":17,"key":"Energy Potion"}],"is_trial":false,"path_per_floor":["M","M","?","M","M","?","E","$","T","E","M","M","R","M","R","B",null,"M","M","M","?","M","R"],"character_chosen":"DEFECT","items_purchased":[],"campfire_rested":3,"item_purchase_floors":[],"current_hp_per_floor":[74,63,75,75,68,68,49,49,49,29,23,12,34,28,50,8,80,44,23,9,9,1,25,0],"gold":338,"neow_bonus":"","is_prod":false,"is_daily":false,"chose_seed":false,"campfire_upgraded":0,"win_rate":0,"timestamp":1530744048,"path_taken":["M","M","?","M","M","?","E","$","T","E","M","M","R","M","R","BOSS","M","M","M","?","?","R","E"],"build_version":"2018-06-28","purchased_purges":0,"victory":false,"max_hp_per_floor":[75,75,75,75,75,75,75,75,75,75,75,75,75,75,75,75,80,80,80,80,80,80,80,80],"card_choices":[{"not_picked":["Conserve Battery","Tempest"],"picked":"Ball Lightning","floor":1.0},{"not_picked":["Compile Driver","Reprogram"],"picked":"Conserve Battery","floor":2.0},{"not_picked":["Fission","Turbo"],"picked":"Static Discharge","floor":4.0},{"not_picked":["Undo","Beam Cell"],"picked":"Cold Snap","floor":5.0},{"not_picked":["Turbo","Meteor Strike","Rebound"],"picked":"SKIP","floor":7.0},{"not_picked":["Beam Cell","Gash"],"picked":"Hologram","floor":10.0},{"not_picked":["Redo","Ball Lightning"],"picked":"Conserve Battery","floor":11.0},{"not_picked":["Blizzard","Redo","Skim"],"picked":"SKIP","floor":12.0},{"not_picked":["Force Field","Barrage","Beam Cell"],"picked":"SKIP","floor":14.0},{"not_picked":["All For One","Hyperbeam"],"picked":"Core Surge","floor":16.0},{"not_picked":["Beam Cell","Stack"],"picked":"Hologram","floor":17},{"not_picked":["Genetic Algorithm","Stack"],"picked":"Conserve Battery","floor":18},{"not_picked":["Stack","Melter"],"picked":"Reinforced Body","floor":19},{"not_picked":["Chaos","Consume"],"picked":"Beam Cell+1","floor":20},{"not_picked":["Stack","Undo"],"picked":"Recycle","floor":22}],"player_experience":59107,"relics_obtained":[{"floor":7.0,"key":"Shuriken"},{"floor":9.0,"key":"Bottled Lightning"},{"floor":10.0,"key":"Letter Opener"}],"event_choices":[{"event_name":"The Cleric","player_choice":"Healed","floor":3.0,"damage_taken":0.0},{"event_name":"The Woman in Blue","player_choice":"Bought 0 Potions","floor":6.0,"damage_taken":0.0},{"event_name":"Beggar","player_choice":"Gave Gold","floor":21,"damage_taken":0}],"boss_relics":[{"not_picked":["Coffee Dripper","Cursed Key"],"picked":"Tiny House"}],"items_purged_floors":[],"is_endless":false,"potions_floor_spawned":[2,11,22],"killed_by":"Gremlin Leader","ascension_level":0}