{"gold_per_floor":[114,124,124,29,42,67,81,110,110,122,134,153,164,134,134,237,237,254,102,121,137,137,167,167,182,182,194,227,317,317,328,328,430,430,448,462,477,489,489,518,518,618,643,643,658,658,658,689,689,689],"floor_reached":50,"playtime":4053,"items_purged":[],"score":658,"play_id":"255a1bdc-65a9-4621-a55b-cdc5f518e337","local_time":"20180704195647","is_ascension_mode":false,"campfire_choices":[{"data":"Glacier","floor":15,"key":"SMITH"},{"floor":24,"key":"REST"},{"data":"Zap","floor":30,"key":"SMITH"},{"data":"White Noise","floor":32,"key":"SMITH"},{"floor":41,"key":"REST"},{"data":"Defragment","floor":46,"key":"SMITH"},{"floor":49,"key":"REST"}],"neow_cost":"","seed_source_timestamp":5643129686821878,"circlet_count":0,"master_deck":["Strike_B","Strike_B","Defend_B","Defend_B","Defend_B","Defend_B","Zap+1","Dualcast","Ball Lightning","Reinforced Body","Finesse","Genetic Algorithm","Genetic Algorithm","Glacier+1","Ball Lightning","Conserve Battery","White Noise+1","Cold Snap","Electrodynamics","Electrodynamics","Capacitor","FTL","Cold Snap","Necronomicurse","Rip and Tear+1","Cold Snap","Ball Lightning","Lockon","Madness","Chill+1","Echo Form","Defragment+1","Coolheaded","Ball Lightning","Hologram+1","Amplify","Streamline","Coolheaded+1","Hologram+1"],"relics":["Cracked Core","Matryoshka","Toolbox","Happy Flower","Meat on the Bone","Sozu","Oddly Smooth Stone","Necronomicon","DataDisk","Bag of Marbles","Mummified Hand","Unceasing Top","Nuclear Battery","Vajra","Dream Catcher","Shuriken","Anchor"],"potions_floor_usage":[],"damage_taken":[{"damage":0,"enemies":"Small Slimes","floor":1,"turns":2},{"damage":1,"enemies":"Jaw Worm","floor":2,"turns":3},{"damage":0,"enemies":"Cultist","floor":5,"turns":2},{"damage":28,"enemies":"Gremlin Nob","floor":6,"turns":4},{"damage":1,"enemies":"3 Louse","floor":7,"turns":3},{"damage":15,"enemies":"3 Sentries","floor":8,"turns":9},{"damage":0,"enemies":"Blue Slaver","floor":10,"turns":4},{"damage":0,"enemies":"Exordium Wildlife","floor":11,"turns":3},{"damage":6,"enemies":"Large Slime","floor":12,"turns":4},{"damage":0,"enemies":"Looter","floor":13,"turns":2},{"damage":21,"enemies":"The Guardian","floor":16,"turns":15},{"damage":0,"enemies":"Shell Parasite","floor":18,"turns":7},{"damage":0,"enemies":"Spheric Guardian","floor":20,"turns":4},{"damage":2,"enemies":"Centurion and Healer","floor":21,"turns":6},{"damage":4,"enemies":"Gremlin Leader","floor":23,"turns":7},{"damage":1,"enemies":"Chosen and Byrds","floor":25,"turns":5},{"damage":5,"enemies":"Snake Plant","floor":27,"turns":4},{"damage":0,"enemies":"Book of Stabbing","floor":28,"turns":5},{"damage":0,"enemies":"Snecko","floor":31,"turns":4},{"damage":39,"enemies":"Automaton","floor":33,"turns":8},{"damage":0,"enemies":"3 Darklings","floor":35,"turns":4},{"damage":0,"enemies":"3 Shapes","floor":36,"turns":2},{"damage":7,"enemies":"3 Darklings","floor":37,"turns":3},{"damage":0,"enemies":"4 Shapes","floor":38,"turns":2},{"damage":32,"enemies":"Giant Head","floor":40,"turns":8},{"damage":7,"enemies":"Sphere and 2 Shapes","floor":45,"turns":7},{"damage":0,"enemies":"Nemesis","floor":48,"turns":5},{"damage":76,"enemies":"Time Eater","floor":50,"turns":10}],"seed_played":"6007631551766049093","potions_obtained":[{"floor":1,"key":"EssenceOfSteel"},{"floor":2,"key":"Regen Potion"},{"floor":7,"key":"PowerPotion"}],"is_trial":false,"path_per_floor":["M","M","?","$","M","E","M","E","T","M","M","M","M","?","R","B",null,"M","$","M","M","?","E","R","M","T","M","E","?","R","M","R","B",null,"M","M","M","M","?","E","R","?","T","?","M","R","T","E","R"],"character_chosen":"DEFECT","items_purchased":["Finesse","Oddly Smooth Stone"],"campfire_rested":3,"item_purchase_floors":[4,19],"current_hp_per_floor":[75,74,74,74,74,46,45,30,30,42,42,48,48,48,48,46,75,75,75,75,73,57,53,75,74,74,69,69,48,48,52,52,25,75,75,75,68,68,68,55,75,75,75,75,68,68,68,68,75,0],"gold":689,"neow_bonus":"","is_prod":false,"is_daily":false,"chose_seed":false,"campfire_upgraded":4,"win_rate":0,"timestamp":1530748607,"path_taken":["M","M","?","$","M","E","M","E","T","?","M","M","M","?","R","BOSS","M","$","M","M","?","E","R","M","T","?","E","?","R","M","R","BOSS","M","M","M","M","?","E","R","?","T","?","M","R","?","E","R","BOSS"],"build_version":"2018-06-28","purchased_purges":0,"victory":false,"max_hp_per_floor":[75,75,75,75,75,75,75,75,75,75,75,75,75,75,75,75,75,75,75,75,75,75,75,75,75,75,75,75,75,75,75,75,75,75,75,75,75,75,75,75,75,75,75,75,75,75,75,75,75,75],"card_choices":[{"not_picked":["Consume","Darkness"],"picked":"Ball Lightning","floor":1},{"not_picked":["Steam Power","Hologram"],"picked":"Reinforced Body","floor":2},{"not_picked":["Barrage","Rebound"],"picked":"Genetic Algorithm","floor":5},{"not_picked":["Reprogram","Redo"],"picked":"Genetic Algorithm","floor":6},{"not_picked":["Hologram","Stack"],"picked":"Glacier","floor":7},{"not_picked":["Recycle","Redo"],"picked":"Ball Lightning","floor":8},{"not_picked":["Turbo","Redo"],"picked":"Conserve Battery","floor":10},{"not_picked":["Loop","Rip and Tear"],"picked":"White Noise","floor":11},{"not_picked":["Compile Driver","Gash"],"picked":"Cold Snap","floor":12},{"not_picked":["Doom and Gloom","Hologram"],"picked":"Electrodynamics","floor":13},{"not_picked":["Machine Learning","All For One"],"picked":"Electrodynamics","floor":16},{"not_picked":["Streamline+1","Gash"],"picked":"Capacitor","floor":18},{"not_picked":["Redo+1","Melter"],"picked":"FTL","floor":20},{"not_picked":["Steam+1","Compile Driver"],"picked":"Cold Snap","floor":21},{"not_picked":["Redo","Heatsinks+1"],"picked":"Rip and Tear+1","floor":23},{"not_picked":["Barrage","Stack"],"picked":"Cold Snap","floor":25},{"not_picked":["Fusion","Go for the Eyes"],"picked":"Ball Lightning","floor":27},{"not_picked":["Darkness","All For One"],"picked":"Lockon","floor":28},{"not_picked":["Hello World","Skim"],"picked":"Chill+1","floor":31},{"not_picked":["Biased Cognition","Rainbow"],"picked":"Echo Form","floor":33},{"not_picked":["Beam Cell","Compile Driver+1","Self Repair"],"picked":"SKIP","floor":35},{"not_picked":["Hologram+1","Rebound"],"picked":"Defragment","floor":36},{"not_picked":["Barrage+1","Tempest+1"],"picked":"Coolheaded","floor":37},{"not_picked":["Beam Cell","Barrage+1"],"picked":"Ball Lightning","floor":38},{"not_picked":["Ball Lightning+1","Rebound"],"picked":"Hologram+1","floor":40},{"not_picked":["Scrape+1","Fusion+1"],"picked":"Streamline","floor":45},{"not_picked":["Electrodynamics","Streamline"],"picked":"Coolheaded+1","floor":48},{"not_picked":["Reprogram","Gash"],"picked":"Hologram+1","floor":49}],"player_experience":61091,"relics_obtained":[{"floor":6,"key":"Matryoshka"},{"floor":8,"key":"Toolbox"},{"floor":9,"key":"Happy Flower"},{"floor":9,"key":"Meat on the Bone"},{"floor":22,"key":"Necronomicon"},{"floor":23,"key":"DataDisk"},{"floor":26,"key":"Bag of Marbles"},{"floor":26,"key":"Mummified Hand"},{"floor":28,"key":"Unceasing Top"},{"floor":40,"key":"Vajra"},{"floor":43,"key":"Dream Catcher"},{"floor":47,"key":"Shuriken"},{"floor":48,"key":"Anchor"}],"event_choices":[{"event_name":"Liars Game","player_choice":"disagreed","floor":3,"damage_taken":0},{"event_name":"World of Goop","player_choice":"Left","floor":14,"damage_taken":0},{"event_name":"Cursed Tome","player_choice":"Obtained Book","floor":22,"damage_taken":0},{"event_name":"Knowing Skull","player_choice":"CARD GOLD ","floor":29,"damage_taken":0},{"event_name":"Falling","player_choice":"Removed Attack","floor":39,"damage_taken":0},{"event_name":"Golden Shrine","player_choice":"Pray","floor":42,"damage_taken":0},{"event_name":"Transmorgrifier","player_choice":"Transform","floor":44,"damage_taken":0}],"boss_relics":[{"not_picked":["Philosopher\u0027s Stone","Runic Pyramid"],"picked":"Sozu"},{"not_picked":["Velvet Choker","Fusion Hammer"],"picked":"Nuclear Battery"}],"items_purged_floors":[],"is_endless":false,"potions_floor_spawned":[1,2,7,8,16,18,21,33,37,40,48],"killed_by":"Time Eater","ascension_level":0}