{"gold_per_floor":[217,217,30,48,59,59,87,87,87,102,102,118,18,35,35,107,107,127,2,19,29,29,29,49,49,74,91,102,12,12],"floor_reached":30,"playtime":1044,"items_purged":["Strike_B","Strike_B","Strike_B"],"score":468,"play_id":"a58a123c-92ce-4122-bf65-cdf299376cb4","local_time":"20181006172001","is_ascension_mode":true,"campfire_choices":[{"data":"Defragment","floor":6,"key":"SMITH"},{"floor":11,"key":"REST"},{"data":"Go for the Eyes","floor":15,"key":"SMITH"},{"floor":23,"key":"REST"},{"floor":25,"key":"REST"}],"neow_cost":"NONE","seed_source_timestamp":842539587891679,"circlet_count":0,"master_deck":["Defend_B","Defend_B","Zap+1","Dualcast","AscendersBane","Leap","Defragment+1","Ball Lightning","Ball Lightning","Leap","Steam","Capacitor","Go for the Eyes+1","Echo Form","Rip and Tear+1","Seek+1","Ball Lightning+1","Hello World+1","Seek","Defragment","BootSequence","Loop"],"relics":["Cracked Core","Thread and Needle","Incense Burner","Astrolabe","Blood Vial"],"potions_floor_usage":[7,14,16,21,30],"damage_taken":[{"damage":7,"enemies":"Jaw Worm","floor":1,"turns":4},{"damage":8,"enemies":"2 Louse","floor":4,"turns":2},{"damage":0,"enemies":"Cultist","floor":5,"turns":3},{"damage":32,"enemies":"Gremlin Nob","floor":7,"turns":4},{"damage":0,"enemies":"Looter","floor":10,"turns":3},{"damage":0,"enemies":"2 Fungi Beasts","floor":12,"turns":3},{"damage":0,"enemies":"Gremlin Gang","floor":14,"turns":4},{"damage":21,"enemies":"Slime Boss","floor":16,"turns":8},{"damage":28,"enemies":"Chosen","floor":18,"turns":6},{"damage":14,"enemies":"3 Byrds","floor":20,"turns":3},{"damage":11,"enemies":"Shelled Parasite and Fungi","floor":21,"turns":4},{"damage":21,"enemies":"Centurion and Healer","floor":24,"turns":7},{"damage":6,"enemies":"Snecko","floor":27,"turns":4},{"damage":19,"enemies":"3 Cultists","floor":28,"turns":5},{"damage":27,"enemies":"Cultist and Chosen","floor":30,"turns":3}],"seed_played":"-3469300980146301096","potions_obtained":[{"floor":5,"key":"EssenceOfSteel"},{"floor":10,"key":"Weak Potion"},{"floor":12,"key":"SkillPotion"},{"floor":20,"key":"Weak Potion"},{"floor":27,"key":"Ancient Potion"}],"is_trial":false,"path_per_floor":["M","?","$","M","M","R","E","?","T","M","R","M","$","M","R","B",null,"M","$","M","M","?","R","M","R","T","M","M","$"],"character_chosen":"DEFECT","items_purchased":["Defragment","Ball Lightning","Loop"],"campfire_rested":3,"item_purchase_floors":[3,3,29],"current_hp_per_floor":[57,57,57,49,49,49,17,17,17,17,38,38,38,38,38,17,58,30,30,16,5,5,26,5,26,26,22,5,5,0],"gold":12,"neow_bonus":"HUNDRED_GOLD","is_prod":false,"is_daily":false,"chose_seed":false,"campfire_upgraded":2,"win_rate":0,"timestamp":1538860801,"path_taken":["M","?","$","M","?","R","E","?","T","M","R","M","?","M","R","BOSS","M","$","M","M","?","R","M","R","T","M","M","$","?"],"build_version":"2018-10-04v2","purchased_purges":3,"victory":false,"max_hp_per_floor":[71,71,71,71,71,71,71,71,71,71,71,71,71,71,71,71,71,71,71,71,71,71,71,71,71,71,71,71,71,71],"card_choices":[{"not_picked":["Go for the Eyes","White Noise"],"picked":"Leap","floor":1},{"not_picked":["Gash","Coolheaded"],"picked":"Ball Lightning","floor":4},{"not_picked":["Consume","Steam"],"picked":"Leap","floor":5},{"not_picked":["Rebound","Coolheaded"],"picked":"Steam","floor":7},{"not_picked":["Undo","Storm"],"picked":"Capacitor","floor":10},{"not_picked":["Doom and Gloom","Compile Driver"],"picked":"Go for the Eyes","floor":12},{"not_picked":["Multi-Cast","Redo","Force Field"],"picked":"SKIP","floor":14},{"not_picked":["Biased Cognition","Seek"],"picked":"Echo Form","floor":16},{"not_picked":["Consume","Rebound"],"picked":"Hello World+1","floor":18},{"not_picked":["Steam","Double Energy","Consume"],"picked":"SKIP","floor":20},{"not_picked":["Auto Shields","Reprogram","Beam Cell"],"picked":"SKIP","floor":21},{"not_picked":["Stack","Leap"],"picked":"Seek","floor":24},{"not_picked":["Coolheaded","Rebound"],"picked":"Defragment","floor":27},{"not_picked":["Stack","Coolheaded"],"picked":"BootSequence","floor":28}],"player_experience":367296,"relics_obtained":[{"floor":7,"key":"Thread and Needle"},{"floor":9,"key":"Incense Burner"},{"floor":26,"key":"Blood Vial"}],"event_choices":[{"event_name":"Liars Game","player_choice":"disagreed","floor":2,"damage_taken":0},{"event_name":"Living Wall","player_choice":"Grow","floor":8,"damage_taken":0},{"event_name":"Cursed Tome","player_choice":"Ignored","floor":22,"damage_taken":0}],"is_beta":false,"boss_relics":[{"not_picked":["Busted Crown","Tiny House"],"picked":"Astrolabe"}],"items_purged_floors":[3,13,19],"is_endless":false,"potions_floor_spawned":[5,10,12,20,27],"killed_by":"Cultist and Chosen","ascension_level":20}