{"gold_per_floor":[117,129,129,145,145,185,185,206,275,316,316,316,347,363,363,486,549,564,564,437,453,467,467,467,467,493,556,570,570,195,213,213,213],"floor_reached":33,"playtime":1509,"items_purged":["Writhe","Strike_G"],"score":367,"play_id":"173e01df-b7de-4a04-9b13-c5cb90281f0e","local_time":"20180806131257","is_ascension_mode":true,"campfire_choices":[{"floor":7.0,"key":"REST"},{"data":"Neutralize","floor":11.0,"key":"SMITH"},{"data":"Dodge and Roll","floor":15.0,"key":"SMITH"},{"data":"Caltrops","floor":23.0,"key":"SMITH"},{"data":"Burst","floor":25.0,"key":"SMITH"},{"floor":29.0,"key":"REST"},{"data":"Noxious Fumes","floor":32.0,"key":"SMITH"}],"neow_cost":"NONE","seed_source_timestamp":2563701614590147,"circlet_count":0,"master_deck":["Defend_G","Defend_G","Defend_G","Defend_G","Defend_G+1","Strike_G","Strike_G","Strike_G","Strike_G","Survivor","Neutralize+1","Poisoned Stab","Sucker Punch","Flying Knee","Burst+1","Dodge and Roll+1","Deadly Poison","Bouncing Flask","Corpse Explosion","Caltrops+1","Backstab+1","Poisoned Stab","Dagger Spray+1","Dodge and Roll","Crippling Poison+1","Noxious Fumes+1","Deadly Poison"],"special_seed":0,"relics":["Ring of the Snake","Golden Idol","Thread and Needle","Mummified Hand","Ancient Tea Set","FaceOfCleric","Question Card","Tiny House","Vajra","Blood Vial","Tiny Chest","Membership Card"],"potions_floor_usage":[33,33],"damage_taken":[{"damage":0.0,"enemies":"2 Louse","floor":1.0,"turns":4.0},{"damage":12.0,"enemies":"Small Slimes","floor":2.0,"turns":5.0},{"damage":0.0,"enemies":"Jaw Worm","floor":4.0,"turns":4.0},{"damage":9.0,"enemies":"3 Sentries","floor":6.0,"turns":9.0},{"damage":0.0,"enemies":"Red Slaver","floor":8.0,"turns":4.0},{"damage":17.0,"enemies":"Gremlin Nob","floor":10.0,"turns":5.0},{"damage":5.0,"enemies":"3 Sentries","floor":13.0,"turns":11.0},{"damage":0.0,"enemies":"Blue Slaver","floor":14.0,"turns":4.0},{"damage":2.0,"enemies":"Hexaghost","floor":16.0,"turns":8.0},{"damage":0.0,"enemies":"Spheric Guardian","floor":18.0,"turns":3.0},{"damage":4.0,"enemies":"Shell Parasite","floor":21.0,"turns":5.0},{"damage":24.0,"enemies":"Snake Plant","floor":22.0,"turns":3.0},{"damage":20.0,"enemies":"Book of Stabbing","floor":27.0,"turns":5.0},{"damage":10.0,"enemies":"Snecko","floor":28.0,"turns":4.0},{"damage":0.0,"enemies":"3 Cultists","floor":31.0,"turns":3.0},{"damage":68,"enemies":"Champ","floor":33,"turns":9}],"seed_played":"-6821213779480148215","potions_obtained":[{"floor":2.0,"key":"Fire Potion"},{"floor":8.0,"key":"SteroidPotion"},{"floor":14.0,"key":"SteroidPotion"},{"floor":17.0,"key":"AttackPotion"},{"floor":22.0,"key":"Strength Potion"}],"is_trial":false,"path_per_floor":["M","M","?","M","$","E","R","M","T","E","R","?","E","M","R","B",null,"M","?","$","M","M","R","?","R","T","E","M","R","$","M","R"],"character_chosen":"THE_SILENT","items_purchased":["Poisoned Stab","Noxious Fumes","Membership Card"],"campfire_rested":2,"item_purchase_floors":[20,30,30],"current_hp_per_floor":[77,65,46,46,46,37,60,60,60,43,43,43,39,40,40,39,85,86,86,86,83,60,60,60,60,60,43,36,63,63,66,66,0],"gold":213,"neow_bonus":"TEN_PERCENT_HP_BONUS","is_prod":false,"is_daily":false,"chose_seed":false,"campfire_upgraded":5,"win_rate":0,"timestamp":1533575577,"path_taken":["M","M","?","M","$","E","R","?","T","E","R","?","E","?","R","BOSS","M","?","$","M","M","R","?","R","T","E","?","R","$","M","R","BOSS"],"build_version":"2018-08-02","purchased_purges":2,"victory":false,"max_hp_per_floor":[77,77,77,77,77,77,77,77,77,77,77,77,78,79,79,80,85,86,86,86,87,88,88,88,88,88,89,90,90,90,91,91,91],"card_choices":[{"not_picked":["Blur","Blade Dance"],"picked":"Poisoned Stab","floor":1.0},{"not_picked":["Concentrate","Accuracy"],"picked":"Sucker Punch","floor":2.0},{"not_picked":["PiercingWail","Masterful Stab"],"picked":"Flying Knee","floor":4.0},{"not_picked":["Skewer","Eviscerate"],"picked":"Burst","floor":6.0},{"not_picked":["Backflip","Dagger Spray"],"picked":"Dodge and Roll","floor":8.0},{"not_picked":["Underhanded Strike","Outmaneuver","PiercingWail"],"picked":"SKIP","floor":10.0},{"not_picked":["Dodge and Roll","Terror"],"picked":"Deadly Poison","floor":13.0},{"not_picked":["Tactician","Sucker Punch","Skewer"],"picked":"Bouncing Flask","floor":14.0},{"not_picked":["A Thousand Cuts","Tools of the Trade","After Image"],"picked":"Corpse Explosion","floor":16.0},{"not_picked":["Choke","Quick Slash","Backflip"],"picked":"Caltrops","floor":17.0},{"not_picked":["Crippling Poison","PiercingWail+1","Outmaneuver"],"picked":"Backstab+1","floor":18.0},{"not_picked":["All Out Attack","Outmaneuver+1","Slice"],"picked":"Dagger Spray+1","floor":21.0},{"not_picked":["Flying Knee","Poisoned Stab","Unload"],"picked":"Dodge and Roll","floor":22.0},{"not_picked":["Masterful Stab","Tactician+1","Bane","Acrobatics"],"picked":"SKIP","floor":27.0},{"not_picked":["Outmaneuver+1","Dodge and Roll+1","Eviscerate"],"picked":"Crippling Poison+1","floor":28.0},{"not_picked":["Dagger Spray","Choke","Bane"],"picked":"Deadly Poison","floor":31.0}],"player_experience":222368,"relics_obtained":[{"floor":6.0,"key":"Thread and Needle"},{"floor":9.0,"key":"Mummified Hand"},{"floor":10.0,"key":"Ancient Tea Set"},{"floor":13.0,"key":"Question Card"},{"floor":26.0,"key":"Blood Vial"},{"floor":27.0,"key":"Tiny Chest"}],"event_choices":[{"event_name":"Golden Idol","player_choice":"Take Damage","floor":3.0,"damage_taken":0.0},{"event_name":"FaceTrader","player_choice":"Trade","floor":12.0,"damage_taken":0.0},{"event_name":"The Mausoleum","player_choice":"Yes","floor":19.0,"damage_taken":0.0},{"event_name":"Ghosts","player_choice":"Ignored","floor":24.0,"damage_taken":0.0}],"is_beta":false,"boss_relics":[{"not_picked":["Snecko Eye","Runic Pyramid"],"picked":"Tiny House"}],"items_purged_floors":[20,30],"is_endless":false,"potions_floor_spawned":[2,8,14,22,28,31],"killed_by":"Champ","ascension_level":4}