{"gold_per_floor":[113,130,130,130,130,170,170,209,209,230,246,270,291,316,316,410,410,435,360,35,59,78,78,78,78],"floor_reached":25,"playtime":1285,"items_purged":[],"score":480,"play_id":"057192da-1fcd-4ed8-9226-beb3d172a030","local_time":"20181120150854","is_ascension_mode":true,"campfire_choices":[{"data":"Go for the Eyes","floor":7.0,"key":"SMITH"},{"data":"Sunder","floor":15.0,"key":"SMITH"},{"floor":23.0,"key":"REST"}],"neow_cost":"NONE","seed_source_timestamp":411911712128649,"circlet_count":0,"master_deck":["AscendersBane","Defend_B","Defend_B","Defend_B","Defend_B","Zap+1","Dualcast","Hologram","Go for the Eyes+1","Sunder+1","Sweeping Beam","Go for the Eyes+1","Leap","Cold Snap+1","Stack","Turbo","Seek","Redo+1","Machine Learning+1","Auto Shields+1","Compile Driver+1","FTL+1","Leap"],"special_seed":0,"relics":["Cracked Core","NeowsBlessing","Golden Idol","Pen Nib","Torii","Molten Egg 2","Astrolabe","PrismaticShard"],"potions_floor_usage":[24],"damage_taken":[{"damage":0.0,"enemies":"Cultist","floor":1.0,"turns":1.0},{"damage":0.0,"enemies":"Jaw Worm","floor":2.0,"turns":1.0},{"damage":0.0,"enemies":"Gremlin Nob","floor":6.0,"turns":1.0},{"damage":25.0,"enemies":"Lagavulin","floor":8.0,"turns":5.0},{"damage":1.0,"enemies":"Small Slimes","floor":10.0,"turns":2.0},{"damage":0.0,"enemies":"2 Fungi Beasts","floor":11.0,"turns":3.0},{"damage":9.0,"enemies":"Large Slime","floor":12.0,"turns":4.0},{"damage":0.0,"enemies":"Blue Slaver","floor":13.0,"turns":3.0},{"damage":0.0,"enemies":"Gremlin Gang","floor":14.0,"turns":2.0},{"damage":9.0,"enemies":"Slime Boss","floor":16.0,"turns":7.0},{"damage":25.0,"enemies":"3 Byrds","floor":18.0,"turns":5.0},{"damage":8.0,"enemies":"2 Thieves","floor":21.0,"turns":4.0},{"damage":1.0,"enemies":"Centurion and Healer","floor":22.0,"turns":7.0},{"damage":11,"enemies":"Colosseum Slavers","floor":24,"turns":3},{"damage":49,"enemies":"Gremlin Leader","floor":25,"turns":6}],"seed_played":"465975362804749696","potions_obtained":[{"floor":1.0,"key":"FairyPotion"},{"floor":13.0,"key":"Explosive Potion"},{"floor":14.0,"key":"Strength Potion"},{"floor":16.0,"key":"Weak Potion"},{"floor":18.0,"key":"Fruit Juice"},{"floor":21.0,"key":"Block Potion"}],"is_trial":false,"path_per_floor":["M","M","?","?","?","E","R","E","T","M","M","M","M","M","R","B",null,"M","?","$","M","M","R","?","E"],"character_chosen":"DEFECT","items_purchased":["PrismaticShard","FTL+1","Leap"],"campfire_rested":1,"item_purchase_floors":[20,20,20],"current_hp_per_floor":[64,64,64,64,64,64,64,39,39,38,38,29,29,29,29,20,53,33,33,33,25,24,44,33,0],"gold":78,"neow_bonus":"THREE_ENEMY_KILL","is_prod":false,"is_daily":false,"chose_seed":false,"campfire_upgraded":2,"win_rate":0,"timestamp":1542744534,"path_taken":["M","?","?","?","?","E","R","E","T","M","M","M","M","M","R","BOSS","M","?","$","M","M","R","?","E"],"build_version":"2018-11-15","purchased_purges":0,"victory":false,"max_hp_per_floor":[71,71,71,71,64,64,64,64,64,64,64,64,64,64,64,64,64,69,69,69,69,69,69,69,69],"card_choices":[{"not_picked":["Scrape","BootSequence"],"picked":"Hologram","floor":1.0},{"not_picked":["Gash","Steam"],"picked":"Go for the Eyes","floor":2.0},{"not_picked":["Lockon","Consume"],"picked":"Sunder","floor":6.0},{"not_picked":["Reprogram","Aggregate"],"picked":"Sweeping Beam","floor":8.0},{"not_picked":["Redo","Gash+1"],"picked":"Go for the Eyes+1","floor":10.0},{"not_picked":["Stack","Lockon+1"],"picked":"Leap","floor":11.0},{"not_picked":["Coolheaded","Melter+1"],"picked":"Cold Snap+1","floor":12.0},{"not_picked":["Consume","Force Field"],"picked":"Stack","floor":13.0},{"not_picked":["Steam","Leap"],"picked":"Turbo","floor":14.0},{"not_picked":["Multi-Cast","Amplify"],"picked":"Seek","floor":16.0},{"not_picked":["Cold Snap+1","Barrage+1"],"picked":"Compile Driver+1","floor":18.0},{"not_picked":["True Grit","Acrobatics","Masterful Stab+1"],"picked":"SKIP","floor":21.0},{"not_picked":["Clash+1","True Grit","Blind"],"picked":"SKIP","floor":22.0}],"player_experience":440633,"relics_obtained":[{"floor":6.0,"key":"Pen Nib"},{"floor":8.0,"key":"Torii"},{"floor":9.0,"key":"Molten Egg 2"}],"event_choices":[{"damage_healed":0.0,"max_hp_gain":0.0,"max_hp_loss":0.0,"gold_gain":0.0,"event_name":"Living Wall","player_choice":"Grow","floor":3.0,"gold_loss":0.0,"damage_taken":0.0,"cards_upgraded":["Zap"]},{"damage_healed":0.0,"max_hp_gain":0.0,"max_hp_loss":0.0,"gold_gain":0.0,"event_name":"Liars Game","player_choice":"Ignored","floor":4.0,"gold_loss":0.0,"damage_taken":0.0},{"damage_healed":0.0,"max_hp_gain":0.0,"max_hp_loss":7.0,"gold_gain":0.0,"event_name":"Golden Idol","player_choice":"Lose Max HP","floor":5.0,"gold_loss":0.0,"damage_taken":0.0,"relics_obtained":["Golden Idol"]},{"cards_removed":["Strike_B"],"damage_healed":0.0,"max_hp_gain":0.0,"max_hp_loss":0.0,"gold_gain":0.0,"event_name":"Beggar","player_choice":"Gave Gold","floor":19.0,"gold_loss":75.0,"damage_taken":0.0},{"damage_healed":0,"gold_gain":0,"player_choice":"Fight","damage_taken":0,"max_hp_gain":0,"max_hp_loss":0,"event_name":"Colosseum","floor":24,"gold_loss":0},{"damage_healed":0,"gold_gain":0,"player_choice":"Fled From Nobs","damage_taken":0,"max_hp_gain":0,"max_hp_loss":0,"event_name":"Colosseum","floor":24,"gold_loss":0}],"is_beta":false,"boss_relics":[{"not_picked":["Calling Bell","Orrery"],"picked":"Astrolabe"}],"items_purged_floors":[],"is_endless":false,"potions_floor_spawned":[1,13,14,16,18,21],"killed_by":"Gremlin Leader","ascension_level":20}