{"gold_per_floor":[15,26,46,66,66,66,81,81,81,98,98,98,23,51,51,125,125,135,135,152,152],"floor_reached":21,"playtime":582,"items_purged":["Strike_B"],"score":462,"play_id":"abfb058d-0700-4f8e-a634-87f886f6452a","local_time":"20190525222554","is_ascension_mode":true,"campfire_choices":[{"data":"Chaos","floor":6.0,"key":"SMITH"},{"data":"Streamline","floor":11.0,"key":"SMITH"},{"floor":15.0,"key":"REST"}],"neow_cost":"NO_GOLD","seed_source_timestamp":14248160032200,"circlet_count":0,"master_deck":["AscendersBane","Strike_B","Strike_B","Defend_B","Defend_B","Defend_B","Defend_B","Zap+1","Dualcast","Beam Cell","Double Energy+1","Barrage","Chaos+1","Streamline+1","Cold Snap","Ball Lightning","Fission+1","Glacier+1","Zap+1","Glacier+1","Steam+1","Leap+1"],"special_seed":0,"relics":["Cracked Core","Thread and Needle","Toxic Egg 2","StoneCalendar","Philosopher\u0027s Stone"],"potions_floor_usage":[],"damage_taken":[{"damage":0.0,"enemies":"2 Louse","floor":1.0,"turns":2.0},{"damage":0.0,"enemies":"Jaw Worm","floor":2.0,"turns":4.0},{"damage":0.0,"enemies":"Cultist","floor":3.0,"turns":2.0},{"damage":5.0,"enemies":"2 Fungi Beasts","floor":4.0,"turns":4.0},{"damage":0.0,"enemies":"Exordium Thugs","floor":7.0,"turns":4.0},{"damage":14.0,"enemies":"Lots of Slimes","floor":10.0,"turns":4.0},{"damage":21.0,"enemies":"Lagavulin","floor":14.0,"turns":5.0},{"damage":0.0,"enemies":"Slime Boss","floor":16.0,"turns":5.0},{"damage":25.0,"enemies":"2 Thieves","floor":18.0,"turns":4.0},{"damage":17.0,"enemies":"3 Byrds","floor":20.0,"turns":5.0},{"damage":24,"enemies":"Shelled Parasite and Fungi","floor":21,"turns":3}],"seed_played":"-3604983655627304883","potions_obtained":[{"floor":3.0,"key":"SpeedPotion"},{"floor":7.0,"key":"Fire Potion"},{"floor":16.0,"key":"FocusPotion"}],"is_trial":false,"path_per_floor":["M","M","M","M","?","R","M","?","T","M","R","?","$","E","R","B",null,"M","?","M","M"],"character_chosen":"DEFECT","items_purchased":[],"campfire_rested":1,"item_purchase_floors":[],"current_hp_per_floor":[64,64,64,59,59,59,59,59,59,45,45,45,45,24,45,45,65,40,40,23,0],"gold":152,"neow_bonus":"ONE_RARE_RELIC","is_prod":false,"is_daily":false,"chose_seed":false,"campfire_upgraded":2,"win_rate":0,"timestamp":1558819554,"path_taken":["M","M","M","M","?","R","M","?","T","?","R","?","?","E","R","BOSS","M","?","?","M"],"build_version":"2019-01-23","purchased_purges":1,"victory":false,"max_hp_per_floor":[71,71,71,71,71,71,71,71,71,71,71,71,71,71,71,71,71,71,71,71,71],"card_choices":[{"not_picked":["Barrage","Skim"],"picked":"Beam Cell","floor":1.0},{"not_picked":["Turbo","Redo"],"picked":"Double Energy","floor":2.0},{"not_picked":["Leap","Stack"],"picked":"Barrage","floor":3.0},{"not_picked":["Steam","Redo"],"picked":"Chaos","floor":4.0},{"not_picked":["Self Repair","Turbo"],"picked":"Streamline","floor":7.0},{"not_picked":["Beam Cell","Compile Driver"],"picked":"Cold Snap","floor":10.0},{"not_picked":["Compile Driver","FTL"],"picked":"Ball Lightning","floor":14.0},{"not_picked":["Seek+1","Biased Cognition"],"picked":"Fission+1","floor":16.0},{"not_picked":["Compile Driver","Heatsinks+1"],"picked":"Glacier+1","floor":18.0},{"not_picked":["Beam Cell","Conserve Battery+1"],"picked":"Leap+1","floor":20.0}],"player_experience":1403135,"relics_obtained":[{"floor":9.0,"key":"Toxic Egg 2"},{"floor":14.0,"key":"StoneCalendar"}],"event_choices":[{"damage_healed":0.0,"max_hp_gain":0.0,"max_hp_loss":0.0,"gold_gain":0.0,"event_name":"Living Wall","player_choice":"Grow","floor":5.0,"gold_loss":0.0,"damage_taken":0.0,"cards_upgraded":["Double Energy"]},{"cards_removed":["Strike_B"],"damage_healed":0.0,"max_hp_gain":0.0,"max_hp_loss":0.0,"gold_gain":0.0,"event_name":"Bonfire Elementals","player_choice":"Offered Basic","floor":8.0,"gold_loss":0.0,"damage_taken":0.0},{"damage_healed":0.0,"max_hp_gain":0.0,"max_hp_loss":0.0,"gold_gain":0.0,"event_name":"Upgrade Shrine","player_choice":"Upgraded","floor":12.0,"gold_loss":0.0,"damage_taken":0.0,"cards_upgraded":["Zap"]},{"damage_healed":0.0,"max_hp_gain":0.0,"max_hp_loss":0.0,"gold_gain":0.0,"event_name":"Match and Keep!","player_choice":"3 cards matched","floor":19.0,"gold_loss":0.0,"damage_taken":0.0,"cards_obtained":["Zap","Glacier","Steam"]}],"is_beta":false,"boss_relics":[{"not_picked":["Orrery","Busted Crown"],"picked":"Philosopher\u0027s Stone"}],"items_purged_floors":[13],"is_endless":false,"potions_floor_spawned":[3,7,16],"killed_by":"Shelled Parasite and Fungi","ascension_level":20}