{"gold_per_floor":[118,40,57,57,57,57,97,118,118,118,138,138,154,215,215,308,308,328,328,40,58,58,58,77,2,55,96,96,121,121,36,36,129,129,144,163,163,496,496,496,496,496,549,227,227,252,266,278,278,278],"floor_reached":50,"playtime":2665,"items_purged":[],"score":1117,"play_id":"830d539f-b3a3-4402-a3fa-d3b53879bc82","local_time":"20190706170410","is_ascension_mode":true,"campfire_choices":[{"data":"Neutralize","floor":6.0,"key":"SMITH"},{"data":"Bouncing Flask","floor":10.0,"key":"SMITH"},{"data":"Caltrops","floor":12.0,"key":"SMITH"},{"data":"Sucker Punch","floor":15.0,"key":"SMITH"},{"data":"PiercingWail","floor":23.0,"key":"SMITH"},{"floor":28.0,"key":"REST"},{"data":"Sucker Punch","floor":30.0,"key":"SMITH"},{"data":"Dash","floor":32.0,"key":"SMITH"},{"data":"Dagger Spray","floor":40,"key":"SMITH"},{"data":"Malaise","floor":42,"key":"SMITH"},{"data":"Backflip","floor":45,"key":"SMITH"},{"floor":49,"key":"RECALL"}],"neow_cost":"NONE","seed_source_timestamp":0,"circlet_count":0,"master_deck":["AscendersBane","Strike_G","Strike_G","Strike_G","Defend_G+1","Defend_G","Defend_G","Defend_G","Survivor","Neutralize+1","Sucker Punch+1","Well Laid Plans+1","Flying Knee","Caltrops+1","Bouncing Flask+1","Leg Sweep+1","PiercingWail+1","Backflip","Choke","Acrobatics","Sucker Punch+1","Cloak And Dagger","Dash+1","Die Die Die","Backflip+1","Dash","Malaise+1","Dagger Spray+1","Backflip","Leg Sweep+1","Outmaneuver"],"special_seed":0,"relics":["Ring of the Snake","NeowsBlessing","Kunai","Tiny Chest","Velvet Choker","Paper Crane","Smiling Mask","Oddly Smooth Stone","War Paint","Orrery","Juzu Bracelet","Strawberry","Mercury Hourglass","Shuriken"],"potions_floor_usage":[48],"damage_taken":[{"damage":0.0,"enemies":"Jaw Worm","floor":1.0,"turns":1.0},{"damage":0.0,"enemies":"Small Slimes","floor":3.0,"turns":1.0},{"damage":0.0,"enemies":"Gremlin Nob","floor":7.0,"turns":1.0},{"damage":0.0,"enemies":"Cultist","floor":8.0,"turns":4.0},{"damage":0.0,"enemies":"2 Fungi Beasts","floor":11.0,"turns":4.0},{"damage":10.0,"enemies":"Exordium Thugs","floor":13.0,"turns":6.0},{"damage":12.0,"enemies":"Lagavulin","floor":14.0,"turns":7.0},{"damage":4.0,"enemies":"The Guardian","floor":16.0,"turns":9.0},{"damage":0.0,"enemies":"Spheric Guardian","floor":18.0,"turns":3.0},{"damage":7.0,"enemies":"Shell Parasite","floor":21.0,"turns":5.0},{"damage":3.0,"enemies":"Cultist and Chosen","floor":24.0,"turns":7.0},{"damage":12.0,"enemies":"Gremlin Leader","floor":27.0,"turns":9.0},{"damage":3.0,"enemies":"Chosen and Byrds","floor":29.0,"turns":9.0},{"damage":33.0,"enemies":"Collector","floor":33.0,"turns":12.0},{"damage":0,"enemies":"Orb Walker","floor":35,"turns":5},{"damage":1,"enemies":"3 Shapes","floor":36,"turns":8},{"damage":0,"enemies":"Nemesis","floor":46,"turns":11},{"damage":14,"enemies":"Spire Growth","floor":47,"turns":8},{"damage":19,"enemies":"Jaw Worm Horde","floor":48,"turns":8},{"damage":41,"enemies":"Time Eater","floor":50,"turns":9}],"seed_played":"8577158992399043094","potions_obtained":[{"floor":13.0,"key":"Block Potion"},{"floor":14.0,"key":"PowerPotion"},{"floor":24.0,"key":"Block Potion"},{"floor":29.0,"key":"PowerPotion"},{"floor":46,"key":"Regen Potion"},{"floor":48,"key":"LiquidBronze"}],"is_trial":false,"path_per_floor":["M","$","M","?","?","R","E","M","T","R","M","R","M","E","R","B",null,"M","?","$","M","$","R","M","?","T","E","R","M","R","?","R","B",null,"M","M","?","?","T","R","?","R","T","$","R","E","M","M","R","B"],"character_chosen":"THE_SILENT","items_purchased":["Well Laid Plans","Paper Crane","Mercury Hourglass","Backflip"],"campfire_rested":1,"item_purchase_floors":[2,20,44,44],"current_hp_per_floor":[59,59,59,59,59,59,59,59,59,59,59,59,49,37,37,33,53,53,53,53,46,46,46,43,43,43,31,49,46,46,46,46,13,48,48,47,47,47,47,47,47,47,54,54,54,54,40,36,36,0],"gold":278,"neow_bonus":"THREE_ENEMY_KILL","is_prod":false,"is_daily":false,"chose_seed":false,"campfire_upgraded":10,"win_rate":0,"timestamp":1562447050,"path_taken":["M","$","M","?","?","R","E","M","T","R","?","R","M","E","R","BOSS","M","?","?","M","$","R","M","?","T","E","R","M","R","?","R","BOSS","M","M","?","?","?","R","?","R","T","?","R","E","M","M","R","BOSS"],"build_version":"2019-07-05","purchased_purges":0,"victory":false,"max_hp_per_floor":[66,66,66,60,60,60,60,60,60,60,60,60,60,60,60,60,60,60,60,60,60,60,60,60,60,60,60,60,60,60,60,60,60,60,60,60,60,60,60,60,60,60,67,67,67,67,67,67,67,67],"card_choices":[{"not_picked":["Cloak And Dagger","Dodge and Roll"],"picked":"Sucker Punch","floor":1.0},{"not_picked":["Quick Slash","Catalyst"],"picked":"Flying Knee","floor":3.0},{"not_picked":["Deadly Poison","Tactician"],"picked":"Caltrops","floor":7.0},{"not_picked":["Poisoned Stab","Dagger Spray"],"picked":"Bouncing Flask","floor":8.0},{"not_picked":["Dagger Spray","Deflect"],"picked":"Leg Sweep","floor":11.0},{"not_picked":["Sucker Punch","Infinite Blades"],"picked":"PiercingWail","floor":13.0},{"not_picked":["Grand Finale","Sucker Punch"],"picked":"Backflip","floor":14.0},{"not_picked":["Endless Agony","Acrobatics"],"picked":"Choke","floor":18.0},{"not_picked":["Flying Knee","Deadly Poison"],"picked":"Sucker Punch","floor":21.0},{"not_picked":["Backflip","Riddle With Holes"],"picked":"Cloak And Dagger","floor":24.0},{"not_picked":["Acrobatics","Envenom"],"picked":"Dash","floor":27.0},{"not_picked":["Quick Slash","Sucker Punch","Flying Knee+1"],"picked":"SKIP","floor":29.0},{"not_picked":["Grand Finale","Phantasmal Killer"],"picked":"Die Die Die","floor":33.0},{"not_picked":["Prepared+1","Underhanded Strike"],"picked":"Backflip","floor":34},{"not_picked":["Deadly Poison+1","Tactician"],"picked":"Dash","floor":34},{"not_picked":["Underhanded Strike","Deflect"],"picked":"Malaise","floor":34},{"not_picked":["Underhanded Strike","Dagger Throw"],"picked":"Dagger Spray","floor":35},{"not_picked":["Backstab+1","Cloak And Dagger","Poisoned Stab+1"],"picked":"SKIP","floor":36},{"not_picked":["PiercingWail","Slice+1"],"picked":"Leg Sweep+1","floor":46},{"not_picked":["Deadly Poison","Flying Knee","Deflect"],"picked":"SKIP","floor":47},{"not_picked":["Acrobatics","Dagger Throw"],"picked":"Outmaneuver","floor":48}],"player_experience":894350,"relics_obtained":[{"floor":7.0,"key":"Kunai"},{"floor":14.0,"key":"Tiny Chest"},{"floor":26.0,"key":"Smiling Mask"},{"floor":27.0,"key":"Oddly Smooth Stone"},{"floor":39,"key":"Juzu Bracelet"},{"floor":43,"key":"Strawberry"},{"floor":46,"key":"Shuriken"}],"event_choices":[{"damage_healed":0.0,"max_hp_gain":0.0,"max_hp_loss":6.0,"gold_gain":0.0,"event_name":"Golden Idol","player_choice":"Lose Max HP","floor":4.0,"gold_loss":0.0,"damage_taken":0.0,"relics_obtained":["Golden Idol"]},{"damage_healed":0.0,"max_hp_gain":0.0,"max_hp_loss":0.0,"gold_gain":0.0,"event_name":"Upgrade Shrine","player_choice":"Upgraded","floor":5.0,"gold_loss":0.0,"damage_taken":0.0,"cards_upgraded":["Well Laid Plans"]},{"damage_healed":0.0,"max_hp_gain":0.0,"max_hp_loss":0.0,"gold_gain":0.0,"cards_transformed":["Strike_G"],"event_name":"Transmorgrifier","player_choice":"Transformed","floor":19.0,"gold_loss":0.0,"damage_taken":0.0,"cards_obtained":["Acrobatics"]},{"cards_removed":["Strike_G"],"damage_healed":0.0,"max_hp_gain":0.0,"max_hp_loss":0.0,"gold_gain":0.0,"event_name":"Beggar","player_choice":"Gave Gold","floor":25.0,"gold_loss":75.0,"damage_taken":0.0},{"damage_healed":0.0,"max_hp_gain":0.0,"max_hp_loss":0.0,"gold_gain":0.0,"event_name":"Addict","player_choice":"Obtained Relic","floor":31.0,"gold_loss":85.0,"damage_taken":0.0,"relics_obtained":["War Paint"]},{"cards_removed":["Defend_G"],"damage_healed":0,"gold_gain":0,"player_choice":"Removed Skill","damage_taken":0,"max_hp_gain":0,"max_hp_loss":0,"event_name":"Falling","floor":37,"gold_loss":0},{"damage_healed":0,"gold_gain":333,"player_choice":"Gave Idol","damage_taken":0,"max_hp_gain":0,"max_hp_loss":0,"event_name":"The Moai Head","floor":38,"relics_lost":["Golden Idol"],"gold_loss":0},{"damage_healed":0,"gold_gain":0,"player_choice":"Memory 1","damage_taken":0,"max_hp_gain":0,"max_hp_loss":0,"event_name":"SensoryStone","floor":41,"gold_loss":0}],"is_beta":false,"boss_relics":[{"not_picked":["Black Star","Tiny House"],"picked":"Velvet Choker"},{"not_picked":["White Beast Statue","Cursed Key"],"picked":"Orrery"}],"items_purged_floors":[],"is_endless":false,"potions_floor_spawned":[13,14,16,18,24,29,46,48],"killed_by":"Time Eater","ascension_level":20}