{"gold_per_floor":[114,114,23,98,114,114,143,143,166,77,109,109,122,139,139,213,213,230,230,245,245,160,160,195,195,219,144,164,197,154,166,166,166],"floor_reached":33,"playtime":1059,"items_purged":["Strike_G"],"score":632,"play_id":"f88ef9ac-a788-47ec-9e5e-74784ddc0e03","local_time":"20190630001055","is_ascension_mode":true,"campfire_choices":[{"data":"Neutralize","floor":6.0,"key":"SMITH"},{"data":"Bouncing Flask","floor":8.0,"key":"SMITH"},{"data":"Flash of Steel","floor":12.0,"key":"SMITH"},{"floor":15.0,"key":"REST"},{"floor":23.0,"key":"REST"},{"floor":25,"key":"REST"},{"floor":32,"key":"REST"}],"neow_cost":"NONE","seed_source_timestamp":5485059378287084,"circlet_count":0,"master_deck":["AscendersBane","Defend_G","Defend_G","Defend_G","Defend_G","Defend_G","Strike_G","Strike_G","Strike_G","Strike_G","Survivor","Neutralize+1","Deadly Poison","Flash of Steel+1","Infinite Blades","Bouncing Flask+1","Dash","Outmaneuver","Sucker Punch","Backstab","Malaise","Terror","Malaise","Well Laid Plans","Catalyst","Cloak And Dagger","Leg Sweep","Bullet Time"],"special_seed":0,"relics":["Ring of the Snake","NeowsBlessing","Bird Faced Urn","Regal Pillow","Question Card","Fusion Hammer","Art of War","Pen Nib","Omamori","Bag of Marbles"],"potions_floor_usage":[29,29,29],"damage_taken":[{"damage":0.0,"enemies":"2 Louse","floor":1.0,"turns":1.0},{"damage":0.0,"enemies":"Jaw Worm","floor":5.0,"turns":1.0},{"damage":0.0,"enemies":"3 Sentries","floor":7.0,"turns":2.0},{"damage":34.0,"enemies":"Gremlin Nob","floor":11.0,"turns":5.0},{"damage":4.0,"enemies":"Cultist","floor":13.0,"turns":4.0},{"damage":14.0,"enemies":"Exordium Thugs","floor":14.0,"turns":5.0},{"damage":33.0,"enemies":"The Guardian","floor":16.0,"turns":10.0},{"damage":27.0,"enemies":"3 Byrds","floor":18.0,"turns":6.0},{"damage":24.0,"enemies":"Spheric Guardian","floor":20.0,"turns":7.0},{"damage":32,"enemies":"Book of Stabbing","floor":24,"turns":6},{"damage":10,"enemies":"Snake Plant","floor":28,"turns":5},{"damage":41,"enemies":"Slavers","floor":29,"turns":7},{"damage":8,"enemies":"Snecko","floor":31,"turns":6},{"damage":63,"enemies":"Collector","floor":33,"turns":5}],"seed_played":"9159600338034978819","potions_obtained":[{"floor":13.0,"key":"Fire Potion"},{"floor":14.0,"key":"SpeedPotion"},{"floor":16.0,"key":"FearPotion"},{"floor":29,"key":"Fruit Juice"}],"is_trial":false,"path_per_floor":["M","?","$","?","M","R","E","R","T","$","E","R","M","M","R","B",null,"M","?","M","?","?","R","E","R","T","$","M","E","$","M","R","B"],"character_chosen":"THE_SILENT","items_purchased":["Flash of Steel","Dash","Leg Sweep"],"campfire_rested":4,"item_purchase_floors":[3,10,30],"current_hp_per_floor":[59,64,64,53,53,53,53,53,53,53,21,21,19,7,43,12,56,31,31,9,9,9,45,17,53,53,53,47,15,15,11,48,0],"gold":166,"neow_bonus":"THREE_ENEMY_KILL","is_prod":false,"is_daily":false,"chose_seed":false,"campfire_upgraded":3,"win_rate":0,"timestamp":1561867855,"path_taken":["M","?","$","?","M","R","E","R","T","?","E","R","?","M","R","BOSS","M","?","?","?","?","R","E","R","T","?","M","E","?","M","R","BOSS"],"build_version":"2019-01-23","purchased_purges":1,"victory":false,"max_hp_per_floor":[66,71,71,71,71,71,71,71,71,71,71,71,71,71,71,71,71,71,71,71,71,71,71,71,71,71,71,71,76,76,76,76,76],"card_choices":[{"not_picked":["PiercingWail","Underhanded Strike"],"picked":"Deadly Poison","floor":1.0},{"not_picked":["Escape Plan","Distraction"],"picked":"Infinite Blades","floor":5.0},{"not_picked":["Reflex","Dagger Spray"],"picked":"Bouncing Flask","floor":7.0},{"not_picked":["Underhanded Strike","Dagger Throw"],"picked":"Outmaneuver","floor":11.0},{"not_picked":["Prepared","Slice","Crippling Poison"],"picked":"Sucker Punch","floor":13.0},{"not_picked":["Eviscerate","Finisher","Cloak And Dagger"],"picked":"Backstab","floor":14.0},{"not_picked":["Grand Finale","Tools of the Trade","Burst"],"picked":"Malaise","floor":16.0},{"not_picked":["Backflip","Quick Slash","Dagger Throw+1"],"picked":"Terror","floor":18.0},{"not_picked":["Sucker Punch+1","Backflip","Prepared"],"picked":"Well Laid Plans","floor":20.0},{"not_picked":["Deflect","Dodge and Roll","Expertise"],"picked":"Catalyst","floor":24},{"not_picked":["Masterful Stab","Eviscerate","Poisoned Stab","Calculated Gamble"],"picked":"SKIP","floor":28},{"not_picked":["Backstab+1","Acrobatics","Flechettes"],"picked":"Cloak And Dagger","floor":29},{"not_picked":["Bane","Predator","Dash"],"picked":"Bullet Time","floor":31}],"player_experience":813172,"relics_obtained":[{"floor":7.0,"key":"Bird Faced Urn"},{"floor":9.0,"key":"Regal Pillow"},{"floor":11.0,"key":"Question Card"},{"floor":24,"key":"Pen Nib"},{"floor":26,"key":"Omamori"},{"floor":29,"key":"Bag of Marbles"}],"event_choices":[{"damage_healed":0.0,"max_hp_gain":5.0,"max_hp_loss":0.0,"gold_gain":0.0,"event_name":"Big Fish","player_choice":"Donut","floor":2.0,"gold_loss":0.0,"damage_taken":0.0},{"damage_healed":0.0,"max_hp_gain":0.0,"max_hp_loss":0.0,"gold_gain":75.0,"event_name":"World of Goop","player_choice":"Gather Gold","floor":4.0,"gold_loss":0.0,"damage_taken":11.0},{"damage_healed":0.0,"max_hp_gain":0.0,"max_hp_loss":0.0,"gold_gain":0.0,"event_name":"Duplicator","player_choice":"Copied","floor":19.0,"gold_loss":0.0,"damage_taken":0.0,"cards_obtained":["Malaise"]},{"damage_healed":0.0,"max_hp_gain":0.0,"max_hp_loss":0.0,"gold_gain":0.0,"event_name":"Ghosts","player_choice":"Ignored","floor":21.0,"gold_loss":0.0,"damage_taken":0.0},{"damage_healed":0.0,"max_hp_gain":0.0,"max_hp_loss":0.0,"gold_gain":0.0,"event_name":"Addict","player_choice":"Obtained Relic","floor":22.0,"gold_loss":85.0,"damage_taken":0.0,"relics_obtained":["Art of War"]}],"is_beta":false,"boss_relics":[{"not_picked":["Busted Crown","Ring of the Serpent"],"picked":"Fusion Hammer"}],"items_purged_floors":[27],"is_endless":false,"potions_floor_spawned":[13,14,16,20,24,29],"killed_by":"Collector","ascension_level":20}