{"path_per_floor":["M","$","?","M","M","E","R","M","T","$","R","M","E","M","R","B",null,"M","?","?","$","M","?","?","R","T","R","E","M","M"],"character_chosen":"THE_SILENT","items_purchased":["Noxious Fumes","Acrobatics","Footwork","Regal Pillow"],"gold_per_floor":[116,2,2,14,31,59,59,72,98,59,59,75,101,120,120,221,221,233,233,233,7,20,20,20,20,47,47,80,93,112],"floor_reached":31,"campfire_rested":4,"playtime":1728,"current_hp_per_floor":[59,59,59,54,53,18,36,34,34,34,52,49,24,14,32,5,63,60,60,60,60,38,27,27,62,62,62,36,29,14],"items_purged":["Defend_G"],"gold":112,"score":291,"play_id":"8e3dc7bb-1dc0-4118-afe7-a458566ac1f4","is_prod":false,"is_daily":false,"is_ascension_mode":false,"campfire_upgraded":1,"path_taken":["M","?","?","M","?","E","R","M","T","$","R","M","E","M","R","BOSS","M","?","?","$","?","?","?","R","T","R","E","M","M","M"],"build_version":"2018-02-08-PROD1","purchased_purges":2,"victory":false,"master_deck":["Defend_G","Defend_G","Defend_G","Defend_G","Strike_G+1","Strike_G","Strike_G","Strike_G","Strike_G+1","Survivor","Neutralize+1","Tactician","Adrenaline","Noxious Fumes","Acrobatics","Flying Knee","Backflip","Outmaneuver","Expertise","Footwork+1","Quick Slash","Noxious Fumes+1","Terror+1","Corpse Explosion","Poisoned Stab+1","Neutralize","Flash of Steel","Predator+1","Writhe","Noxious Fumes+1","Noxious Fumes+1"],"max_hp_per_floor":[63,63,63,63,63,63,63,63,63,63,63,63,63,63,63,63,63,63,63,63,63,63,68,68,68,68,68,68,68,68],"relics":["Ring of the Snake","Frozen Egg 2","Prayer Wheel","Blue Candle","Sozu","Regal Pillow","Bag of Preparation","Whetstone","Happy Flower"],"card_choices":[{"not_picked":["Phantasmal Killer","Die Die Die"],"picked":"Tactician"},{"not_picked":["Distraction","Slice"],"picked":"Adrenaline"},{"not_picked":["Deadly Poison","Prepared"],"picked":"Flying Knee"},{"not_picked":["Leg Sweep","Blur"],"picked":"Backflip"},{"not_picked":["Sucker Punch","Bane"],"picked":"Outmaneuver"},{"not_picked":["Infinite Blades","Well Laid Plans"],"picked":"Expertise"},{"not_picked":["Sucker Punch","Riddle With Holes"],"picked":"Quick Slash"},{"not_picked":["Bane","Venomology"],"picked":"Noxious Fumes"},{"not_picked":["Caltrops","Poisoned Stab"],"picked":"Terror"},{"not_picked":["Phantasmal Killer","After Image"],"picked":"Corpse Explosion"},{"not_picked":["Crippling Poison","Bane"],"picked":"Poisoned Stab"},{"not_picked":["Dagger Throw","Slice"],"picked":"Predator"},{"not_picked":["Slice","Dash"],"picked":"Noxious Fumes"},{"not_picked":["Prepared","Bane"],"picked":"Noxious Fumes"}],"player_experience":71174,"potions_floor_usage":[13,16,16],"damage_taken":[{"damage":4,"enemies":"Blue Slaver","floor":1,"turns":7},{"damage":5,"enemies":"Small Slimes","floor":4,"turns":4},{"damage":1,"enemies":"Cultist","floor":5,"turns":4},{"damage":35,"enemies":"Lagavulin","floor":6,"turns":9},{"damage":2,"enemies":"Looter","floor":8,"turns":4},{"damage":3,"enemies":"Gremlin Gang","floor":12,"turns":9},{"damage":25,"enemies":"3 Sentries","floor":13,"turns":8},{"damage":10,"enemies":"2 Fungi Beasts","floor":14,"turns":4},{"damage":27,"enemies":"Slime Boss","floor":16,"turns":11},{"damage":3,"enemies":"Shell Parasite","floor":18,"turns":6},{"damage":22,"enemies":"3 Byrds","floor":22,"turns":6},{"damage":26,"enemies":"Book of Stabbing","floor":28,"turns":5},{"damage":7,"enemies":"Cultist and Chosen","floor":29,"turns":6},{"damage":15,"enemies":"Centurion and Healer","floor":30,"turns":5},{"damage":23,"enemies":"Sentry and Sphere","floor":31,"turns":3}],"event_choices":[{"event_name":"Upgrade Shrine","player_choice":"Upgraded","floor":3,"damage_taken":0},{"event_name":"Match and Keep!","player_choice":"2 cards matched","floor":19,"damage_taken":0},{"event_name":"Cursed Tome","player_choice":"Ignored","floor":20,"damage_taken":0},{"event_name":"Forgotten Altar","player_choice":"Shed Blood","floor":23,"damage_taken":0},{"event_name":"The Mausoleum","player_choice":"Yes","floor":24,"damage_taken":0}],"boss_relics":[{"not_picked":["Runic Dome","White Beast Statue"],"picked":"Sozu"}],"potions_floor_spawned":[1,6,8,12,28,29,30],"seed_played":"-3605081823511342403","killed_by":"Sentry and Sphere","ascension_level":0,"is_trial":false}