{"gold_per_floor":[116,130,130,140,152,178,197,232,232,257,111,128,128,153,153,249,249,260,35,53,94,139,139,167,167,167,180,180,212,242,269,269,368,368,387,387,4,43,85,120,93,93,93,141,161,188,308,321,321,321],"floor_reached":51,"playtime":3522,"items_purged":["Pain","Strike_G"],"score":945,"play_id":"f9b8692a-decb-4218-b3b7-1344da173031","local_time":"20190707061048","is_ascension_mode":true,"campfire_choices":[{"floor":13.0,"key":"REST"},{"data":"Footwork","floor":15.0,"key":"SMITH"},{"floor":23.0,"key":"REST"},{"data":"Infinite Blades","floor":32.0,"key":"SMITH"},{"data":"Predator","floor":42.0,"key":"SMITH"},{"data":"Crippling Poison","floor":49,"key":"SMITH"}],"neow_cost":"NONE","seed_source_timestamp":27064413132333,"circlet_count":0,"master_deck":["Strike_G","Strike_G","Defend_G","Defend_G","Defend_G","Defend_G","Defend_G","Survivor","Neutralize","Crippling Poison+1","Deadly Poison","Prepared","All Out Attack","Dagger Throw","Predator+1","Backstab","Corpse Explosion+1","Footwork+1","PiercingWail+1","Calculated Gamble+1","Night Terror+1","HandOfGreed","Deflect+1","Blade Dance+1","Crippling Poison+1","Dodge and Roll+1","Infinite Blades","Footwork+1","Bouncing Flask+1","Infinite Blades+1","Blade Dance+1","Envenom","Quick Slash+1","Terror+1","Prepared+1","Expertise+1","Reflex+1","Backflip+1","Acrobatics+1","Dodge and Roll+1","Burst+1"],"special_seed":0,"relics":["Sozu","WarpedTongs","Bag of Marbles","Kunai","Question Card","Toxic Egg 2","Pantograph","Lizard Tail","Bottled Tornado","Gremlin Horn","Lantern","Calipers","Coffee Dripper","OrangePellets","Tingsha","Smiling Mask","Anchor","Girya"],"potions_floor_usage":[],"damage_taken":[{"damage":0.0,"enemies":"Jaw Worm","floor":1.0,"turns":5.0},{"damage":0.0,"enemies":"Cultist","floor":2.0,"turns":4.0},{"damage":0.0,"enemies":"Small Slimes","floor":4.0,"turns":4.0},{"damage":13.0,"enemies":"Blue Slaver","floor":5.0,"turns":4.0},{"damage":16.0,"enemies":"Gremlin Nob","floor":6.0,"turns":4.0},{"damage":3.0,"enemies":"Exordium Thugs","floor":7.0,"turns":5.0},{"damage":9.0,"enemies":"Lagavulin","floor":8.0,"turns":8.0},{"damage":3.0,"enemies":"Gremlin Nob","floor":10.0,"turns":3.0},{"damage":11.0,"enemies":"Exordium Wildlife","floor":12.0,"turns":2.0},{"damage":13.0,"enemies":"Lagavulin","floor":14.0,"turns":7.0},{"damage":16.0,"enemies":"Slime Boss","floor":16.0,"turns":7.0},{"damage":11.0,"enemies":"2 Thieves","floor":18.0,"turns":3.0},{"damage":0.0,"enemies":"Chosen","floor":20.0,"turns":3.0},{"damage":8.0,"enemies":"Centurion and Healer","floor":21.0,"turns":7.0},{"damage":1.0,"enemies":"3 Cultists","floor":22.0,"turns":6.0},{"damage":11.0,"enemies":"Gremlin Leader","floor":24.0,"turns":8.0},{"damage":2.0,"enemies":"Sentry and Sphere","floor":27.0,"turns":7.0},{"damage":7.0,"enemies":"Book of Stabbing","floor":29.0,"turns":7.0},{"damage":0.0,"enemies":"Centurion and Healer","floor":30.0,"turns":8.0},{"damage":27.0,"enemies":"Slavers","floor":31.0,"turns":5.0},{"damage":25.0,"enemies":"Collector","floor":33.0,"turns":13.0},{"damage":12.0,"enemies":"3 Darklings","floor":35.0,"turns":5.0},{"damage":8.0,"enemies":"3 Shapes","floor":38.0,"turns":4.0},{"damage":0.0,"enemies":"Sphere and 2 Shapes","floor":39.0,"turns":5.0},{"damage":0.0,"enemies":"Giant Head","floor":40.0,"turns":8.0},{"damage":0,"enemies":"Reptomancer","floor":44,"turns":6},{"damage":0,"enemies":"Maw","floor":45,"turns":7},{"damage":16,"enemies":"Nemesis","floor":46,"turns":9},{"damage":0,"enemies":"Mind Bloom Boss Battle","floor":47,"turns":5},{"damage":0,"enemies":"Transient","floor":48,"turns":5},{"damage":34,"enemies":"Time Eater","floor":50,"turns":13}],"seed_played":"-8148862933732230562","potions_obtained":[],"is_trial":false,"path_per_floor":["M","M","?","M","M","E","M","E","T","E","$","M","R","E","R","B",null,"M","$","M","M","M","R","E","?","T","M","?","E","M","E","R","B",null,"M","?","$","M","M","E","$","R","T","E","M","E","?","M","R","B",null],"character_chosen":"THE_SILENT","items_purchased":["Footwork","HandOfGreed","Deflect+1","OrangePellets","Terror+1","Backflip+1"],"campfire_rested":2,"item_purchase_floors":[11,19,19,37,37,41],"current_hp_per_floor":[70,70,70,70,57,41,38,29,29,26,26,15,36,23,23,32,70,59,59,59,51,50,70,59,59,59,57,57,50,50,23,23,23,70,58,58,58,50,50,50,50,50,50,50,50,34,59,59,59,36],"gold":321,"neow_bonus":"BOSS_RELIC","is_prod":false,"is_daily":false,"chose_seed":false,"campfire_upgraded":4,"win_rate":0,"timestamp":1562472648,"path_taken":["M","M","?","M","M","E","?","E","T","E","$","M","R","E","R","BOSS","M","$","M","M","M","R","E","?","T","M","?","E","?","E","R","BOSS","M","?","$","?","M","E","?","R","T","E","M","E","?","M","R","BOSS"],"build_version":"2019-07-05","purchased_purges":2,"victory":true,"max_hp_per_floor":[70,70,70,70,70,70,70,70,70,70,70,70,70,70,70,70,70,70,70,70,70,70,70,70,70,70,70,70,70,70,70,70,70,70,70,70,70,70,70,70,70,70,70,70,70,70,70,70,70,70],"card_choices":[{"not_picked":["Underhanded Strike","Deflect"],"picked":"Crippling Poison","floor":1.0},{"not_picked":["Acrobatics","Slice"],"picked":"Deadly Poison","floor":2.0},{"not_picked":["Slice","Outmaneuver"],"picked":"Prepared","floor":4.0},{"not_picked":["Flying Knee","Finisher"],"picked":"All Out Attack","floor":5.0},{"not_picked":["Expertise","PiercingWail"],"picked":"Dagger Throw","floor":6.0},{"not_picked":["PiercingWail","Acrobatics"],"picked":"Predator","floor":7.0},{"not_picked":["Slice","Die Die Die"],"picked":"Backstab","floor":8.0},{"not_picked":["PiercingWail","Flechettes","Deadly Poison"],"picked":"Corpse Explosion","floor":10.0},{"not_picked":["Backstab","Acrobatics+1","Flechettes"],"picked":"PiercingWail+1","floor":12.0},{"not_picked":["Skewer","Reflex+1","Acrobatics+1"],"picked":"Calculated Gamble+1","floor":14.0},{"not_picked":["A Thousand Cuts","Phantasmal Killer+1","Bullet Time+1"],"picked":"Night Terror+1","floor":16.0},{"not_picked":["Deadly Poison+1","Quick Slash","Expertise+1","Dagger Throw"],"picked":"SKIP","floor":18.0},{"not_picked":["Distraction+1","Dagger Spray","All Out Attack","Masterful Stab"],"picked":"SKIP","floor":20.0},{"not_picked":["Tactician+1","All Out Attack","Dagger Spray+1"],"picked":"Blade Dance+1","floor":21.0},{"not_picked":["Prepared+1","Deadly Poison+1","Sucker Punch","PiercingWail+1"],"picked":"SKIP","floor":22.0},{"not_picked":["Finisher+1","Caltrops","Distraction+1"],"picked":"Crippling Poison+1","floor":24.0},{"not_picked":["PiercingWail+1","Heel Hook","Finisher","Underhanded Strike"],"picked":"SKIP","floor":27.0},{"not_picked":["Riddle With Holes","Predator","Quick Slash"],"picked":"Bouncing Flask+1","floor":29.0},{"not_picked":["Acrobatics+1","Night Terror+1","Flechettes"],"picked":"Infinite Blades","floor":30.0},{"not_picked":["PiercingWail+1","Dagger Spray","Backflip+1"],"picked":"Blade Dance+1","floor":31.0},{"not_picked":["Glass Knife","Venomology+1","Night Terror+1"],"picked":"Envenom","floor":33.0},{"not_picked":["Deflect+1","Dagger Spray+1","Endless Agony+1"],"picked":"Quick Slash+1","floor":35.0},{"not_picked":["Sucker Punch+1","Slice","Dodge and Roll+1"],"picked":"Prepared+1","floor":38.0},{"not_picked":["Well Laid Plans+1","Poisoned Stab","Slice"],"picked":"Expertise+1","floor":39.0},{"not_picked":["Unload","Outmaneuver+1","Slice+1"],"picked":"Reflex+1","floor":40.0},{"not_picked":["Sucker Punch","Expertise+1","Deflect+1"],"picked":"Acrobatics+1","floor":44},{"not_picked":["Sucker Punch+1","Slice","Dagger Spray"],"picked":"Dodge and Roll+1","floor":45},{"not_picked":["Deflect+1","Dagger Throw+1","Choke","Masterful Stab+1"],"picked":"SKIP","floor":46},{"not_picked":["Blade Dance+1","Skewer","Terror+1"],"picked":"Burst+1","floor":47},{"not_picked":["Dagger Throw","Distraction+1","Slice","Expertise+1"],"picked":"SKIP","floor":48}],"player_experience":16535,"relics_obtained":[{"floor":6.0,"key":"Bag of Marbles"},{"floor":8.0,"key":"Kunai"},{"floor":9.0,"key":"Question Card"},{"floor":10.0,"key":"Toxic Egg 2"},{"floor":14.0,"key":"Pantograph"},{"floor":24.0,"key":"Bottled Tornado"},{"floor":26.0,"key":"Gremlin Horn"},{"floor":29.0,"key":"Lantern"},{"floor":31.0,"key":"Calipers"},{"floor":43.0,"key":"Tingsha"},{"floor":44,"key":"Smiling Mask"},{"floor":46,"key":"Anchor"},{"floor":47,"key":"Girya"}],"event_choices":[{"damage_healed":0.0,"max_hp_gain":0.0,"max_hp_loss":0.0,"gold_gain":0.0,"event_name":"Accursed Blacksmith","player_choice":"Rummage","floor":3.0,"gold_loss":0.0,"damage_taken":0.0,"relics_obtained":["WarpedTongs"],"cards_obtained":["Pain"]},{"damage_healed":0.0,"max_hp_gain":0.0,"max_hp_loss":0.0,"gold_gain":0.0,"cards_transformed":["Strike_G","Strike_G"],"event_name":"Drug Dealer","player_choice":"Became Test Subject","floor":25.0,"gold_loss":0.0,"damage_taken":0.0,"cards_obtained":["Dodge and Roll","Infinite Blades"]},{"damage_healed":0.0,"max_hp_gain":0.0,"max_hp_loss":0.0,"gold_gain":0.0,"event_name":"Duplicator","player_choice":"Copied","floor":28.0,"gold_loss":0.0,"damage_taken":0.0,"cards_obtained":["Footwork"]},{"damage_healed":0.0,"max_hp_gain":0.0,"max_hp_loss":0.0,"gold_gain":0.0,"event_name":"FaceTrader","player_choice":"Leave","floor":36.0,"gold_loss":0.0,"damage_taken":0.0},{"damage_healed":0,"gold_gain":0,"player_choice":"Fight","damage_taken":0,"max_hp_gain":0,"max_hp_loss":0,"event_name":"MindBloom","floor":47,"gold_loss":0}],"is_beta":false,"boss_relics":[{"not_picked":["Runic Pyramid","Cursed Key"],"picked":"Lizard Tail"},{"not_picked":["Orrery","HoveringKite"],"picked":"Coffee Dripper"}],"items_purged_floors":[11,37],"is_endless":false,"potions_floor_spawned":[5,7,10,12,16,18,22,27,33,38,40,45,46],"ascension_level":1}