{"gold_per_floor":[109,129,148,168,168,201,201,234,234,292,308,320,352,25,25,122,122,122,122,122,122,47,47,47,47,47,47,47,47,47,47,47,47],"floor_reached":33,"playtime":3988,"items_purged":[],"score":323,"play_id":"9715ce2f-ad56-4a1d-be19-5509f99a715d","local_time":"20180713205325","is_ascension_mode":true,"campfire_choices":[{"floor":7,"key":"REST"},{"floor":15,"key":"REST"},{"floor":24,"key":"REST"},{"floor":29,"key":"REST"},{"floor":32,"key":"REST"}],"neow_cost":"NONE","seed_source_timestamp":516330769772885,"circlet_count":0,"master_deck":["Strike_B","Strike_B","Strike_B","Strike_B","Defend_B+1","Defend_B","Defend_B","Defend_B","Zap","Dualcast","Cold Snap","Hologram+1","Conserve Battery","Go for the Eyes","Biased Cognition","Defragment","Genetic Algorithm","Gash","Loop","Capacitor","Seek","Gash","Cold Snap","Stack","Normality","Sunder","Conserve Battery","Leap","Ball Lightning","Leap","Defragment","Defragment","Coolheaded+1"],"relics":["Cracked Core","Orichalcum","Prayer Wheel","Vajra","Turnip","Letter Opener","Tiny Chest","Darkstone Periapt","Pantograph","Ectoplasm","Lantern","Dodecahedron","War Paint","Frozen Egg 2"],"potions_floor_usage":[8,8,16,23,27,27,33],"damage_taken":[{"damage":0,"enemies":"Cultist","floor":1,"turns":3},{"damage":2,"enemies":"Small Slimes","floor":2,"turns":3},{"damage":9,"enemies":"2 Louse","floor":3,"turns":3},{"damage":6,"enemies":"Gremlin Gang","floor":4,"turns":8},{"damage":29,"enemies":"Lagavulin","floor":6,"turns":12},{"damage":15,"enemies":"Gremlin Nob","floor":8,"turns":4},{"damage":6,"enemies":"Lagavulin","floor":10,"turns":7},{"damage":15,"enemies":"Lots of Slimes","floor":11,"turns":4},{"damage":8,"enemies":"Exordium Wildlife","floor":12,"turns":7},{"damage":4,"enemies":"3 Sentries","floor":13,"turns":5},{"damage":6,"enemies":"Hexaghost","floor":16,"turns":13},{"damage":26,"enemies":"3 Byrds","floor":18,"turns":6},{"damage":10,"enemies":"Shell Parasite","floor":20,"turns":6},{"damage":29,"enemies":"Cultist and Chosen","floor":23,"turns":8},{"damage":13,"enemies":"Centurion and Healer","floor":25,"turns":7},{"damage":10,"enemies":"Chosen and Byrds","floor":27,"turns":6},{"damage":11,"enemies":"Snake Plant","floor":28,"turns":4},{"damage":28,"enemies":"Slaver and Parasite","floor":30,"turns":8},{"damage":60,"enemies":"Champ","floor":33,"turns":15}],"seed_played":"6057966325317134714","potions_obtained":[{"floor":1,"key":"PowerPotion"},{"floor":3,"key":"Regen Potion"},{"floor":8,"key":"SpeedPotion"},{"floor":12,"key":"Explosive Potion"},{"floor":13,"key":"Weak Potion"},{"floor":18,"key":"Weak Potion"},{"floor":25,"key":"SpeedPotion"},{"floor":27,"key":"SmokeBomb"},{"floor":30,"key":"Block Potion"}],"is_trial":false,"path_per_floor":["M","M","M","M","?","E","R","E","T","E","M","M","E","$","R","B",null,"M","T","M","?","$","M","R","M","T","M","M","R","M","T","R"],"character_chosen":"DEFECT","items_purchased":["Pantograph","Capacitor","Sunder"],"campfire_rested":5,"item_purchase_floors":[14,14,22],"current_hp_per_floor":[75,73,64,58,51,22,44,41,41,35,20,12,8,8,30,49,75,49,49,39,45,45,16,40,27,27,17,6,30,2,2,26,0],"gold":47,"neow_bonus":"RANDOM_COMMON_RELIC","is_prod":false,"is_daily":false,"chose_seed":false,"campfire_upgraded":0,"win_rate":0,"timestamp":1531529605,"path_taken":["M","M","?","M","?","E","R","E","T","E","M","M","E","$","R","BOSS","M","?","M","?","$","M","R","M","T","M","M","R","?","?","R","BOSS"],"build_version":"2018-07-12","purchased_purges":0,"victory":false,"max_hp_per_floor":[75,75,75,75,75,75,75,75,75,75,75,75,75,75,75,75,75,75,75,75,81,81,81,81,81,81,81,81,81,81,81,81,81],"card_choices":[{"not_picked":["Tempest","Heatsinks"],"picked":"Cold Snap","floor":1},{"not_picked":["Barrage","Melter","Redo"],"picked":"SKIP","floor":2},{"not_picked":["Steam Power","Recycle"],"picked":"Hologram","floor":3},{"not_picked":["Consume","Steam Power"],"picked":"Conserve Battery","floor":4},{"not_picked":["Rip and Tear","Barrage"],"picked":"Go for the Eyes","floor":6},{"not_picked":["Reprogram","Rebound"],"picked":"Biased Cognition","floor":8},{"not_picked":["Biased Cognition","Go for the Eyes"],"picked":"Defragment","floor":10},{"not_picked":["Beam Cell","Hello World"],"picked":"Genetic Algorithm","floor":11},{"not_picked":["Darkness","Hello World","Barrage"],"picked":"SKIP","floor":11},{"not_picked":["Turbo","BootSequence"],"picked":"Gash","floor":12},{"not_picked":["Redo","Double Energy","Lockon"],"picked":"SKIP","floor":12},{"not_picked":["Go for the Eyes","Streamline"],"picked":"Loop","floor":13},{"not_picked":["Machine Learning","Thunder Strike"],"picked":"Seek","floor":16},{"not_picked":["Barrage","Hologram"],"picked":"Gash","floor":18},{"not_picked":["Heatsinks","Sweeping Beam","Compile Driver+1"],"picked":"SKIP","floor":18},{"not_picked":["Chaos","Thunder Strike"],"picked":"Cold Snap","floor":20},{"not_picked":["Streamline","Steam"],"picked":"Stack","floor":20},{"not_picked":["Sweeping Beam","Hello World"],"picked":"Conserve Battery","floor":23},{"not_picked":["Chill","Streamline"],"picked":"Leap","floor":23},{"not_picked":["Undo+1","Capacitor"],"picked":"Ball Lightning","floor":25},{"not_picked":["Streamline","Redo+1","Compile Driver"],"picked":"SKIP","floor":25},{"not_picked":["Chaos+1","Steam+1"],"picked":"Leap","floor":27},{"not_picked":["Compile Driver","Recycle+1","Steam"],"picked":"SKIP","floor":27},{"not_picked":["Sweeping Beam+1","Glacier"],"picked":"Defragment","floor":28},{"not_picked":["Streamline","Blizzard+1","Recycle"],"picked":"SKIP","floor":28},{"not_picked":["Fusion","Steam"],"picked":"Defragment","floor":30},{"not_picked":["Tempest","Stack"],"picked":"Coolheaded+1","floor":30}],"player_experience":114653,"relics_obtained":[{"floor":6,"key":"Vajra"},{"floor":8,"key":"Turnip"},{"floor":9,"key":"Letter Opener"},{"floor":10,"key":"Tiny Chest"},{"floor":13,"key":"Darkstone Periapt"},{"floor":19,"key":"Lantern"},{"floor":26,"key":"War Paint"},{"floor":31,"key":"Frozen Egg 2"}],"event_choices":[{"event_name":"Scrap Ooze","player_choice":"success","floor":5,"damage_taken":7},{"event_name":"Accursed Blacksmith","player_choice":"Rummage","floor":21,"damage_taken":0}],"boss_relics":[{"not_picked":["Calling Bell","Cursed Key"],"picked":"Ectoplasm"}],"items_purged_floors":[],"is_endless":false,"potions_floor_spawned":[1,3,8,12,13,18,25,27,30],"killed_by":"Champ","ascension_level":3}