{"gold_per_floor":[112,112,130,130,141,141,174,194,219,178,213,223,258,34,34,106,106,118,118,128,148,158,158,191,191,191,217,229,154,186,186],"floor_reached":31,"playtime":743,"items_purged":[],"score":590,"play_id":"4d3abb54-148f-42f1-995e-47b501d61c9c","local_time":"20190526230255","is_ascension_mode":true,"campfire_choices":[{"data":"Zap","floor":6.0,"key":"SMITH"},{"data":"White Noise","floor":15,"key":"SMITH"},{"floor":23,"key":"REST"},{"floor":25,"key":"REST"}],"neow_cost":"NONE","seed_source_timestamp":102694242944300,"circlet_count":0,"master_deck":["AscendersBane","Strike_B","Strike_B+1","Strike_B","Defend_B","Defend_B","Defend_B","Defend_B","Zap+1","Dualcast","Doom and Gloom","Glacier","Sweeping Beam","Ball Lightning+1","White Noise+1","Conserve Battery","Ball Lightning","Seek","Barrage","Electrodynamics","Ball Lightning","Seek","White Noise","Coolheaded+1","Chaos+1","Fission"],"special_seed":0,"relics":["Cracked Core","NeowsBlessing","Ancient Tea Set","Lantern","Oddly Smooth Stone","Whetstone","Peace Pipe","Lee\u0027s Waffle","Fusion Hammer","Anchor","Bottled Lightning","Red Mask","Bottled Flame"],"potions_floor_usage":[16,24,24,31],"damage_taken":[{"damage":0.0,"enemies":"Jaw Worm","floor":1.0,"turns":1.0},{"damage":0.0,"enemies":"Cultist","floor":3.0,"turns":1.0},{"damage":0.0,"enemies":"2 Louse","floor":5.0,"turns":1.0},{"damage":10.0,"enemies":"3 Sentries","floor":7.0,"turns":4.0},{"damage":0.0,"enemies":"Lots of Slimes","floor":8.0,"turns":2.0},{"damage":8.0,"enemies":"Gremlin Nob","floor":11.0,"turns":4.0},{"damage":0,"enemies":"Exordium Wildlife","floor":12,"turns":2},{"damage":28,"enemies":"Lagavulin","floor":13,"turns":4},{"damage":6,"enemies":"Slime Boss","floor":16,"turns":6},{"damage":0,"enemies":"Spheric Guardian","floor":18,"turns":3},{"damage":19,"enemies":"2 Thieves","floor":20,"turns":4},{"damage":7,"enemies":"Sentry and Sphere","floor":21,"turns":4},{"damage":19,"enemies":"Chosen and Byrds","floor":22,"turns":4},{"damage":50,"enemies":"Book of Stabbing","floor":24,"turns":6},{"damage":0,"enemies":"Masked Bandits","floor":27,"turns":2},{"damage":24,"enemies":"Snake Plant","floor":28,"turns":5},{"damage":2,"enemies":"Gremlin Leader","floor":30,"turns":5},{"damage":15,"enemies":"Shelled Parasite and Fungi","floor":31,"turns":2}],"seed_played":"-597925926399223544","potions_obtained":[{"floor":5.0,"key":"Explosive Potion"},{"floor":7.0,"key":"Fire Potion"},{"floor":8.0,"key":"PowerPotion"},{"floor":16,"key":"Fire Potion"},{"floor":18,"key":"AttackPotion"},{"floor":20,"key":"Regen Potion"},{"floor":30,"key":"Energy Potion"}],"is_trial":false,"path_per_floor":["M","?","M","?","M","R","E","M","T","?","E","M","E","$","R","B",null,"M","?","M","M","M","R","E","R","T","?","M","?","E","M"],"character_chosen":"DEFECT","items_purchased":["Lee\u0027s Waffle"],"campfire_rested":2,"item_purchase_floors":[14],"current_hp_per_floor":[64,64,64,53,53,53,43,43,43,43,35,35,7,78,78,72,77,77,70,51,44,25,48,12,35,35,35,11,11,9,0],"gold":186,"neow_bonus":"THREE_ENEMY_KILL","is_prod":false,"is_daily":false,"chose_seed":false,"campfire_upgraded":2,"win_rate":0,"timestamp":1558908175,"path_taken":["M","?","?","?","M","R","E","M","T","?","E","M","E","$","R","BOSS","M","?","M","M","?","R","E","R","T","?","M","?","E","M"],"build_version":"2019-01-23","purchased_purges":0,"victory":false,"max_hp_per_floor":[71,71,71,71,71,71,71,71,71,71,71,71,71,78,78,78,78,78,78,78,78,78,78,78,78,78,78,78,78,78,78],"card_choices":[{"not_picked":["Gash","Scrape"],"picked":"Doom and Gloom","floor":1.0},{"not_picked":["Stack","Lockon"],"picked":"Sweeping Beam","floor":3.0},{"not_picked":["Conserve Battery","Heatsinks"],"picked":"Ball Lightning","floor":5.0},{"not_picked":["Static Discharge","Reprogram"],"picked":"White Noise","floor":7.0},{"not_picked":["Hologram","Turbo"],"picked":"Conserve Battery","floor":8.0},{"not_picked":["White Noise","BootSequence"],"picked":"Ball Lightning","floor":11.0},{"not_picked":["Barrage","Stack"],"picked":"Seek","floor":12},{"not_picked":["Redo","Consume"],"picked":"Barrage","floor":13},{"not_picked":["Seek","Meteor Strike"],"picked":"Electrodynamics","floor":16},{"not_picked":["Streamline+1","Turbo"],"picked":"Ball Lightning","floor":18},{"not_picked":["Fusion+1","Steam Power"],"picked":"Seek","floor":20},{"not_picked":["Stack","Compile Driver"],"picked":"White Noise","floor":21},{"not_picked":["Streamline+1","Turbo","Hologram"],"picked":"SKIP","floor":22},{"not_picked":["Ball Lightning","Genetic Algorithm+1"],"picked":"Coolheaded+1","floor":24},{"not_picked":["Coolheaded","Steam Power"],"picked":"Chaos+1","floor":28},{"not_picked":["Aggregate","Gash"],"picked":"Fission","floor":30}],"player_experience":1409508,"relics_obtained":[{"floor":7.0,"key":"Lantern"},{"floor":9.0,"key":"Oddly Smooth Stone"},{"floor":11.0,"key":"Whetstone"},{"floor":13,"key":"Peace Pipe"},{"floor":24,"key":"Anchor"},{"floor":26,"key":"Bottled Lightning"},{"floor":27,"key":"Red Mask"},{"floor":30,"key":"Bottled Flame"}],"event_choices":[{"damage_healed":0.0,"max_hp_gain":0.0,"max_hp_loss":0.0,"gold_gain":0.0,"event_name":"Match and Keep!","player_choice":"1 cards matched","floor":2.0,"gold_loss":0.0,"damage_taken":0.0,"cards_obtained":["Glacier"]},{"damage_healed":0.0,"max_hp_gain":0.0,"max_hp_loss":0.0,"gold_gain":0.0,"event_name":"Scrap Ooze","player_choice":"Success","floor":4.0,"gold_loss":0.0,"damage_taken":11.0,"relics_obtained":["Ancient Tea Set"]},{"damage_healed":0.0,"max_hp_gain":0.0,"max_hp_loss":0.0,"gold_gain":0.0,"event_name":"World of Goop","player_choice":"Left Gold","floor":10.0,"gold_loss":41.0,"damage_taken":0.0},{"damage_healed":0,"gold_gain":0,"player_choice":"","damage_taken":7,"max_hp_gain":0,"max_hp_loss":0,"event_name":"Knowing Skull","floor":19,"potions_obtained":[],"gold_loss":0,"cards_obtained":[]},{"damage_healed":0,"gold_gain":0,"player_choice":"Fought Bandits","damage_taken":0,"max_hp_gain":0,"max_hp_loss":0,"event_name":"Masked Bandits","floor":27,"gold_loss":0},{"cards_removed":["Strike_B"],"damage_healed":0,"gold_gain":0,"player_choice":"Gave Gold","damage_taken":0,"max_hp_gain":0,"max_hp_loss":0,"event_name":"Beggar","floor":29,"gold_loss":75}],"is_beta":false,"boss_relics":[{"not_picked":["Runic Pyramid","Philosopher\u0027s Stone"],"picked":"Fusion Hammer"}],"items_purged_floors":[],"is_endless":false,"potions_floor_spawned":[5,7,8,16,18,20,30],"killed_by":"Shelled Parasite and Fungi","ascension_level":20}