{"path_per_floor":["M","M","M","M","$","E","R","$","T","R","E","R","?","M","R","B",null,"M","?","?","$","M","R","E"],"character_chosen":"THE_SILENT","items_purchased":["Noxious Fumes","Snake Skull","Blur"],"gold_per_floor":[116,127,139,151,71,106,106,31,31,31,61,61,61,73,73,169,499,513,428,428,147,157,157,191],"floor_reached":25,"campfire_rested":5,"playtime":1231,"current_hp_per_floor":[61,61,61,57,57,20,41,41,41,62,25,46,46,29,50,30,70,41,41,41,41,36,56,25],"items_purged":["Strike_G","Parasite"],"gold":191,"score":229,"play_id":"2bd466b6-e038-4999-be68-eecd7c277b23","is_prod":false,"is_daily":false,"is_ascension_mode":false,"campfire_upgraded":0,"path_taken":["M","M","M","M","?","E","R","$","T","R","E","R","?","M","R","BOSS","M","?","?","$","M","R","E","?"],"build_version":"2018-02-08-PROD1","purchased_purges":2,"victory":false,"master_deck":["Defend_G","Defend_G","Defend_G","Defend_G","Defend_G","Strike_G","Strike_G","Strike_G","Strike_G","Survivor","Neutralize","Tactician","Dagger Throw","Envenom","Prepared","Noxious Fumes","Heel Hook","Leg Sweep","Adrenaline","Injury","Expertise","Blur","Deadly Poison+1","Footwork"],"max_hp_per_floor":[70,70,70,70,70,70,70,70,70,70,70,70,70,70,70,70,70,70,70,70,67,67,67,67],"relics":["Ring of the Snake","Pantograph","Prayer Wheel","Girya","Calling Bell","Tiny Chest","Old Coin","Ancient Tea Set","Bronze Scales","Snake Skull","Bag of Preparation"],"card_choices":[{"not_picked":["Finisher","Malaise"],"picked":"Dagger Throw"},{"not_picked":["PiercingWail","Malaise"],"picked":"Envenom"},{"not_picked":["Backstab","Dagger Spray"],"picked":"Prepared"},{"not_picked":["Crippling Poison","Envenom"],"picked":"Heel Hook"},{"not_picked":["Slice","Corpse Explosion"],"picked":"Leg Sweep"},{"not_picked":["After Image","Night Terror"],"picked":"Adrenaline"},{"not_picked":["Deflect","Eviscerate"],"picked":"Expertise"},{"not_picked":["Acrobatics","Blade Dance"],"picked":"Deadly Poison"},{"not_picked":["Deflect","Flechettes"],"picked":"Footwork"}],"player_experience":69943,"potions_floor_usage":[16,16,24,25],"damage_taken":[{"damage":9,"enemies":"Blue Slaver","floor":1,"turns":7},{"damage":0,"enemies":"2 Louse","floor":2,"turns":2},{"damage":0,"enemies":"Small Slimes","floor":3,"turns":4},{"damage":4,"enemies":"Red Slaver","floor":4,"turns":4},{"damage":37,"enemies":"Lagavulin","floor":6,"turns":7},{"damage":37,"enemies":"Gremlin Nob","floor":11,"turns":5},{"damage":17,"enemies":"3 Louse","floor":14,"turns":3},{"damage":40,"enemies":"Hexaghost","floor":16,"turns":12},{"damage":29,"enemies":"Shell Parasite","floor":18,"turns":12},{"damage":5,"enemies":"3 Byrds","floor":22,"turns":3},{"damage":31,"enemies":"Book of Stabbing","floor":24,"turns":6},{"damage":28,"enemies":"Slaver and Parasite","floor":25,"turns":3}],"event_choices":[{"event_name":"Liars Game","player_choice":"disagreed","floor":13,"damage_taken":0},{"event_name":"Addict","player_choice":"Obtained Relic","floor":19,"damage_taken":0},{"event_name":"Back to Basics","player_choice":"Elegance","floor":20,"damage_taken":0}],"boss_relics":[{"not_picked":["White Beast Statue","Velvet Choker"],"picked":"Calling Bell"}],"potions_floor_spawned":[1,2,14,22],"seed_played":"2079651953080138304","killed_by":"Slaver and Parasite","ascension_level":0,"is_trial":false}