{"gold_per_floor":[110,23,23,50,65,65,92,92,146,176,5,33,33,33,33,110,110,129,146,126,136,147,177,177,210,210,210],"floor_reached":27,"playtime":611,"items_purged":[],"score":584,"play_id":"6daef952-4932-4036-bb14-fa459aa65c0c","local_time":"20190701232558","is_ascension_mode":true,"campfire_choices":[{"data":"Uppercut","floor":6.0,"key":"SMITH"},{"data":"Bash","floor":8.0,"key":"SMITH"},{"data":"Uppercut","floor":13.0,"key":"SMITH"},{"data":"Pommel Strike","floor":15.0,"key":"SMITH"},{"data":"Demon Form","floor":24.0,"key":"SMITH"}],"neow_cost":"NONE","seed_source_timestamp":132387003386800,"circlet_count":0,"master_deck":["AscendersBane","Strike_R","Defend_R","Defend_R","Defend_R","Defend_R","Bash+1","Uppercut+1","Hemokinesis","Pommel Strike+1","Hemokinesis","Shrug It Off","Uppercut+1","Immolate","Wild Strike+1","Pummel+1","True Grit+1","Flame Barrier","Pommel Strike","Pommel Strike","Demon Form+1","Pummel+1"],"special_seed":0,"relics":["Burning Blood","NeowsBlessing","Strawberry","Paper Frog","Bag of Marbles","Singing Bowl","Blood Vial","Vajra","Astrolabe","Molten Egg 2","Smiling Mask","Matryoshka"],"potions_floor_usage":[],"damage_taken":[{"damage":0.0,"enemies":"Small Slimes","floor":1.0,"turns":1.0},{"damage":0.0,"enemies":"Jaw Worm","floor":5.0,"turns":1.0},{"damage":0.0,"enemies":"Lagavulin","floor":7.0,"turns":1.0},{"damage":39.0,"enemies":"3 Sentries","floor":10.0,"turns":6.0},{"damage":11.0,"enemies":"Gremlin Nob","floor":12.0,"turns":3.0},{"damage":25.0,"enemies":"The Guardian","floor":16.0,"turns":11.0},{"damage":15.0,"enemies":"Shell Parasite","floor":18.0,"turns":2.0},{"damage":12.0,"enemies":"Spheric Guardian","floor":19.0,"turns":3.0},{"damage":15.0,"enemies":"Centurion and Healer","floor":21.0,"turns":6.0},{"damage":3.0,"enemies":"3 Cultists","floor":22.0,"turns":3.0},{"damage":30.0,"enemies":"Gremlin Leader","floor":23.0,"turns":6.0},{"damage":33.0,"enemies":"Slavers","floor":25.0,"turns":5.0},{"damage":35,"enemies":"Book of Stabbing","floor":27,"turns":3}],"seed_played":"6694699075988417999","potions_obtained":[{"floor":5.0,"key":"Dexterity Potion"},{"floor":16.0,"key":"SpeedPotion"},{"floor":18.0,"key":"Energy Potion"},{"floor":20.0,"key":"SteroidPotion"}],"is_trial":false,"path_per_floor":["M","$","?","T","M","R","E","R","T","E","$","E","R","?","R","B",null,"M","M","?","M","M","E","R","E","T","E"],"character_chosen":"IRONCLAD","items_purchased":["Hemokinesis","Blood Vial"],"campfire_rested":0,"item_purchase_floors":[2,11],"current_hp_per_floor":[74,74,74,81,82,82,82,82,82,49,49,46,46,46,46,29,69,62,58,58,51,56,36,36,11,11,0],"gold":210,"neow_bonus":"THREE_ENEMY_KILL","is_prod":false,"is_daily":false,"chose_seed":false,"campfire_upgraded":5,"win_rate":0,"timestamp":1562019958,"path_taken":["M","$","?","?","M","R","E","R","T","E","?","E","R","?","R","BOSS","M","M","?","M","?","E","R","E","T","E"],"build_version":"2019-07-01","purchased_purges":0,"victory":false,"max_hp_per_floor":[75,75,75,82,82,82,82,82,82,82,82,82,82,82,82,82,82,82,82,82,82,82,84,84,84,84,84],"card_choices":[{"not_picked":["Armaments","Sword Boomerang"],"picked":"Uppercut","floor":1.0},{"not_picked":["Headbutt","Body Slam"],"picked":"Pommel Strike","floor":5.0},{"not_picked":["Iron Wave","Armaments"],"picked":"Hemokinesis","floor":7.0},{"not_picked":["Pummel","Flex"],"picked":"Shrug It Off","floor":10.0},{"not_picked":["Anger","Rage"],"picked":"Uppercut","floor":12.0},{"not_picked":["Feed","Bludgeon"],"picked":"Immolate","floor":16.0},{"not_picked":["Power Through","Twin Strike"],"picked":"Flame Barrier","floor":18.0},{"not_picked":["Clash","Twin Strike"],"picked":"Pommel Strike","floor":19.0},{"not_picked":["Warcry","Heavy Blade"],"picked":"Pommel Strike","floor":21.0},{"not_picked":["Clothesline","Iron Wave"],"picked":"Demon Form","floor":22.0},{"not_picked":["Thunderclap","Wild Strike","Twin Strike"],"picked":"Singing Bowl","floor":23.0},{"not_picked":["Warcry","Burning Pact"],"picked":"Pummel+1","floor":25.0}],"player_experience":1525522,"relics_obtained":[{"floor":4.0,"key":"Strawberry"},{"floor":7.0,"key":"Paper Frog"},{"floor":9.0,"key":"Bag of Marbles"},{"floor":10.0,"key":"Singing Bowl"},{"floor":12.0,"key":"Vajra"},{"floor":23.0,"key":"Molten Egg 2"},{"floor":25.0,"key":"Smiling Mask"},{"floor":26.0,"key":"Matryoshka"}],"event_choices":[{"damage_healed":0.0,"max_hp_gain":0.0,"max_hp_loss":0.0,"gold_gain":0.0,"event_name":"Liars Game","player_choice":"Ignored","floor":3.0,"gold_loss":0.0,"damage_taken":0.0},{"cards_removed":["Strike_R"],"damage_healed":0.0,"max_hp_gain":0.0,"max_hp_loss":0.0,"gold_gain":0.0,"event_name":"Living Wall","player_choice":"Forget","floor":14.0,"gold_loss":0.0,"damage_taken":0.0},{"damage_healed":0.0,"max_hp_gain":0.0,"max_hp_loss":0.0,"gold_gain":0.0,"event_name":"The Woman in Blue","player_choice":"Bought 1 Potion","floor":20.0,"gold_loss":0.0,"damage_taken":0.0}],"is_beta":false,"boss_relics":[{"not_picked":["Empty Cage","Pandora\u0027s Box"],"picked":"Astrolabe"}],"items_purged_floors":[],"is_endless":false,"potions_floor_spawned":[5,16,18],"killed_by":"Book of Stabbing","ascension_level":20}