{"gold_per_floor":[110,110,124,37,50,50,67,67,67,85,97,154,179,192,192,263,263,281,281,299,78,89,89,89,104,104,104,104,121,121,121],"floor_reached":31,"playtime":974,"items_purged":[],"score":478,"play_id":"3991b902-27eb-4d4e-9930-e53be4a1878f","local_time":"20190617184145","is_ascension_mode":true,"campfire_choices":[{"data":"Noxious Fumes","floor":6.0,"key":"SMITH"},{"data":"Dagger Spray","floor":8.0,"key":"SMITH"},{"data":"Neutralize","floor":15,"key":"SMITH"},{"floor":23,"key":"REST"},{"floor":28,"key":"REST"},{"floor":30,"key":"REST"}],"neow_cost":"NONE","seed_source_timestamp":4428702940576357,"circlet_count":0,"master_deck":["AscendersBane","Defend_G","Defend_G","Defend_G","Defend_G","Defend_G","Strike_G","Strike_G","Strike_G","Strike_G","Strike_G","Survivor","Neutralize+1","Cloak And Dagger","Backstab","Noxious Fumes+1","Flying Knee","Dagger Spray+1","Tools of the Trade","Cloak And Dagger","Terror","Predator+1","A Thousand Cuts","Skewer+1","Bane+1","Blade Dance","Footwork","Bane+1"],"special_seed":0,"relics":["Ring of the Snake","NeowsBlessing","Molten Egg 2","Ninja Scroll","PreservedInsect","Black Star","ClockworkSouvenir"],"potions_floor_usage":[12,12,16,22],"damage_taken":[{"damage":0.0,"enemies":"2 Louse","floor":1.0,"turns":1.0},{"damage":0.0,"enemies":"Small Slimes","floor":3.0,"turns":1.0},{"damage":0.0,"enemies":"Cultist","floor":5.0,"turns":1.0},{"damage":6.0,"enemies":"3 Louse","floor":7.0,"turns":4.0},{"damage":7.0,"enemies":"Large Slime","floor":10.0,"turns":6.0},{"damage":0.0,"enemies":"Gremlin Gang","floor":11.0,"turns":2.0},{"damage":8,"enemies":"Gremlin Nob","floor":12,"turns":3},{"damage":28,"enemies":"Lagavulin","floor":13,"turns":8},{"damage":0,"enemies":"2 Fungi Beasts","floor":14,"turns":1},{"damage":1,"enemies":"Hexaghost","floor":16,"turns":9},{"damage":23,"enemies":"2 Thieves","floor":18,"turns":5},{"damage":0,"enemies":"3 Byrds","floor":20,"turns":6},{"damage":18,"enemies":"Centurion and Healer","floor":22,"turns":6},{"damage":13,"enemies":"Snecko","floor":25,"turns":4},{"damage":21,"enemies":"3 Cultists","floor":29,"turns":4},{"damage":36,"enemies":"Snake Plant","floor":31,"turns":4}],"seed_played":"3504907446123383991","potions_obtained":[{"floor":3.0,"key":"LiquidBronze"},{"floor":10.0,"key":"SteroidPotion"},{"floor":12,"key":"GamblersBrew"},{"floor":13,"key":"GhostInAJar"},{"floor":22,"key":"Ancient Potion"},{"floor":25,"key":"Energy Potion"}],"is_trial":false,"path_per_floor":["M","?","M","$","M","R","M","R","T","M","M","?","E","M","R","B",null,"M","?","M","$","M","R","?","M","T","?","R","M","R","M"],"character_chosen":"THE_SILENT","items_purchased":["Noxious Fumes","ClockworkSouvenir"],"campfire_rested":3,"item_purchase_floors":[4,21],"current_hp_per_floor":[59,59,59,59,59,59,53,53,53,46,46,38,10,10,10,9,52,29,29,29,29,11,30,30,17,17,17,36,15,34,0],"gold":121,"neow_bonus":"THREE_ENEMY_KILL","is_prod":false,"is_daily":false,"chose_seed":false,"campfire_upgraded":3,"win_rate":0,"timestamp":1560811305,"path_taken":["M","?","M","$","M","R","M","R","T","M","M","?","E","M","R","BOSS","M","?","M","$","M","R","?","M","T","?","R","M","R","M"],"build_version":"2019-01-23","purchased_purges":0,"victory":false,"max_hp_per_floor":[66,66,66,66,66,66,66,66,66,66,66,66,66,66,66,66,66,66,66,66,66,66,66,66,66,66,66,66,66,66,66],"card_choices":[{"not_picked":["Outmaneuver","Deflect"],"picked":"Cloak And Dagger","floor":1.0},{"not_picked":["Prepared","Sucker Punch"],"picked":"Backstab","floor":3.0},{"not_picked":["Masterful Stab","PiercingWail"],"picked":"Flying Knee","floor":5.0},{"not_picked":["Deadly Poison","Flying Knee"],"picked":"Dagger Spray","floor":7.0},{"not_picked":["PiercingWail","Acrobatics"],"picked":"Tools of the Trade","floor":10.0},{"not_picked":["Prepared","PiercingWail","Calculated Gamble"],"picked":"SKIP","floor":11.0},{"not_picked":["Poisoned Stab+1","Blade Dance"],"picked":"Cloak And Dagger","floor":12},{"not_picked":["Tactician","Bouncing Flask"],"picked":"Terror","floor":13},{"not_picked":["Crippling Poison","Deflect"],"picked":"Predator+1","floor":14},{"not_picked":["Unload+1","Adrenaline"],"picked":"A Thousand Cuts","floor":16},{"not_picked":["Underhanded Strike+1","PiercingWail"],"picked":"Skewer+1","floor":18},{"not_picked":["Noxious Fumes","Backflip"],"picked":"Bane+1","floor":20},{"not_picked":["Acrobatics","Endless Agony+1"],"picked":"Blade Dance","floor":22},{"not_picked":["Predator+1","Dagger Throw+1"],"picked":"Footwork","floor":25},{"not_picked":["Outmaneuver","Distraction"],"picked":"Bane+1","floor":29}],"player_experience":749209,"relics_obtained":[{"floor":9.0,"key":"Molten Egg 2"},{"floor":12,"key":"Ninja Scroll"},{"floor":13,"key":"PreservedInsect"}],"event_choices":[{"damage_healed":0.0,"max_hp_gain":0.0,"max_hp_loss":0.0,"gold_gain":0.0,"event_name":"Liars Game","player_choice":"Ignored","floor":2.0,"gold_loss":0.0,"damage_taken":0.0},{"damage_healed":0,"gold_gain":0,"player_choice":"Searched \u00271\u0027 times","damage_taken":0,"max_hp_gain":0,"max_hp_loss":0,"event_name":"Dead Adventurer","floor":12,"gold_loss":0},{"damage_healed":0,"gold_gain":0,"player_choice":"Ignored","damage_taken":0,"max_hp_gain":0,"max_hp_loss":0,"event_name":"The Mausoleum","floor":19,"gold_loss":0},{"damage_healed":0,"gold_gain":0,"player_choice":"Ignored","damage_taken":0,"max_hp_gain":0,"max_hp_loss":0,"event_name":"Cursed Tome","floor":24,"gold_loss":0},{"damage_healed":0,"gold_gain":0,"player_choice":"Ignored","damage_taken":0,"max_hp_gain":0,"max_hp_loss":0,"event_name":"N\u0027loth","floor":27,"gold_loss":0}],"is_beta":false,"boss_relics":[{"not_picked":["White Beast Statue","Cursed Key"],"picked":"Black Star"}],"items_purged_floors":[],"is_endless":false,"potions_floor_spawned":[3,10,12,13,22,25],"killed_by":"Snake Plant","ascension_level":20}