{"gold_per_floor":[115,115,115,127,3,3,67,95,166,166],"floor_reached":10,"playtime":327,"items_purged":["Defend_R"],"score":67,"play_id":"2a4f8e37-7edf-44e4-81ba-ac55bc3a52ba","local_time":"20190110221349","is_ascension_mode":true,"campfire_choices":[{"floor":6,"key":"REST"}],"neow_cost":"NONE","seed_source_timestamp":75374538113550,"circlet_count":0,"master_deck":["Strike_R","Strike_R","Strike_R","Strike_R","Strike_R","Defend_R","Defend_R","Defend_R","Bash","Juggernaut","True Grit","Entrench","Shrug It Off","Shockwave","Thunderclap"],"relics":["Burning Blood","Kunai","Mummified Hand","Vajra","Mercury Hourglass"],"potions_floor_usage":[],"damage_taken":[{"damage":16,"enemies":"Jaw Worm","floor":1,"turns":4},{"damage":2,"enemies":"2 Louse","floor":4,"turns":4},{"damage":35,"enemies":"Lagavulin Event","floor":7,"turns":8},{"damage":41,"enemies":"3 Sentries","floor":8,"turns":9},{"damage":29,"enemies":"Gremlin Nob","floor":10,"turns":5}],"seed_played":"-8417471339541307064","potions_obtained":[{"floor":7,"key":"GamblersBrew"}],"is_trial":false,"path_per_floor":["M","?","?","M","$","R","?","E","T","E"],"character_chosen":"IRONCLAD","items_purchased":["Shrug It Off"],"campfire_rested":1,"item_purchase_floors":[5],"current_hp_per_floor":[70,63,63,67,67,80,51,16,16,0],"gold":166,"neow_bonus":"ONE_RANDOM_RARE_CARD","is_prod":false,"is_daily":false,"chose_seed":false,"campfire_upgraded":0,"win_rate":0,"timestamp":1547187229,"path_taken":["M","?","?","M","$","R","?","E","T","E"],"build_version":"2019-01-10","purchased_purges":1,"victory":false,"max_hp_per_floor":[80,80,80,80,80,80,80,80,80,80],"card_choices":[{"not_picked":["Heavy Blade","Battle Trance"],"picked":"True Grit","floor":1},{"not_picked":["Fire Breathing","Warcry"],"picked":"Entrench","floor":4},{"not_picked":["Anger","Heavy Blade"],"picked":"Shockwave","floor":7},{"not_picked":["Spot Weakness","Havoc"],"picked":"Thunderclap","floor":8}],"player_experience":115224,"relics_obtained":[{"floor":8,"key":"Vajra"},{"floor":9,"key":"Mercury Hourglass"}],"event_choices":[{"damage_healed":0,"gold_gain":0,"player_choice":"Success","damage_taken":7,"relics_obtained":["Kunai"],"max_hp_gain":0,"max_hp_loss":0,"event_name":"Scrap Ooze","floor":2,"gold_loss":0},{"damage_healed":0,"gold_gain":0,"player_choice":"Ignored","damage_taken":0,"max_hp_gain":0,"max_hp_loss":0,"event_name":"Golden Idol","floor":3,"gold_loss":0},{"damage_healed":0,"gold_gain":0,"player_choice":"Searched \u00272\u0027 times","damage_taken":0,"relics_obtained":["Mummified Hand"],"max_hp_gain":0,"max_hp_loss":0,"event_name":"Dead Adventurer","floor":7,"gold_loss":0}],"is_beta":false,"boss_relics":[],"items_purged_floors":[5],"is_endless":false,"potions_floor_spawned":[7],"killed_by":"Gremlin Nob","ascension_level":1}