{"gold_per_floor":[118,131,29,29,29,59,59,75,75,103,103,103,103,119,119,192,192,211,188,138,149,74,74,106,106,106,106,125,125,136,167,167,244,244,255,155,155,174,190,217,217,217,286,286,306,306,333,344,344,344,344,344,344,23,51,51],"floor_reached":56,"playtime":4254,"items_purged":["Strike_R","Clash","Anger"],"score":2006,"play_id":"d3a4c1ef-6f87-4d64-a63a-541986a18635","local_time":"20190706131917","is_ascension_mode":true,"campfire_choices":[{"data":"Searing Blow+2","floor":7,"key":"SMITH"},{"data":"Searing Blow+4","floor":13,"key":"SMITH"},{"data":"Searing Blow+5","floor":15,"key":"SMITH"},{"data":"Searing Blow+6","floor":23,"key":"SMITH"},{"data":"Searing Blow+7","floor":25,"key":"SMITH"},{"data":"Searing Blow+8","floor":27,"key":"SMITH"},{"data":"Searing Blow+9","floor":29,"key":"SMITH"},{"data":"Searing Blow+10","floor":32,"key":"SMITH"},{"data":"Searing Blow+11","floor":41,"key":"SMITH"},{"floor":44,"key":"RECALL"},{"data":"Searing Blow+12","floor":49,"key":"SMITH"},{"data":"Searing Blow+13","floor":53,"key":"SMITH"}],"neow_cost":"NONE","seed_source_timestamp":224059591497100,"circlet_count":0,"master_deck":["AscendersBane","Bash","Metallicize+1","Searing Blow+14","Power Through+1","Headbutt","Blind","Evolve","Warcry","Metallicize+1","Barricade+1","Shockwave+1","Metallicize+1","Metallicize+1","Warcry+1","Fiend Fire","Infernal Blade","Sentinel","Feel No Pain+1","Warcry+1","Ghostly Armor+1","Corruption+1","Shrug It Off+1"],"relics":["Astrolabe","FaceOfCleric","StoneCalendar","Frozen Egg 2","Pantograph","Runic Dome","Meat on the Bone","Du-Vu Doll","Girya","Pandora\u0027s Box","Mercury Hourglass","Singing Bowl","Question Card","Lantern"],"potions_floor_usage":[21,24,31,38,40,40,50,51,55],"damage_taken":[{"damage":0,"enemies":"Cultist","floor":1,"turns":4},{"damage":5,"enemies":"Small Slimes","floor":2,"turns":4},{"damage":1,"enemies":"Lagavulin","floor":6,"turns":7},{"damage":0,"enemies":"Jaw Worm","floor":8,"turns":3},{"damage":21,"enemies":"Gremlin Nob","floor":10,"turns":4},{"damage":6,"enemies":"Large Slime","floor":14,"turns":4},{"damage":7,"enemies":"The Guardian","floor":16,"turns":7},{"damage":11,"enemies":"Shell Parasite","floor":18,"turns":2},{"damage":13,"enemies":"2 Thieves","floor":19,"turns":4},{"damage":14,"enemies":"Snake Plant","floor":21,"turns":5},{"damage":8,"enemies":"Book of Stabbing","floor":24,"turns":4},{"damage":0,"enemies":"Shelled Parasite and Fungi","floor":28,"turns":2},{"damage":3,"enemies":"Chosen and Byrds","floor":30,"turns":5},{"damage":25,"enemies":"Slavers","floor":31,"turns":6},{"damage":20,"enemies":"Automaton","floor":33,"turns":6},{"damage":0,"enemies":"Orb Walker","floor":35,"turns":3},{"damage":12,"enemies":"3 Darklings","floor":38,"turns":7},{"damage":0,"enemies":"Transient","floor":39,"turns":6},{"damage":52,"enemies":"Reptomancer","floor":40,"turns":5},{"damage":0,"enemies":"Spire Growth","floor":45,"turns":2},{"damage":0,"enemies":"Nemesis","floor":47,"turns":1},{"damage":15,"enemies":"Maw","floor":48,"turns":6},{"damage":5,"enemies":"Time Eater","floor":50,"turns":7},{"damage":68,"enemies":"Awakened One","floor":51,"turns":8},{"damage":39,"enemies":"Shield and Spear","floor":55,"turns":8},{"damage":82,"enemies":"The Heart","floor":56,"turns":7}],"seed_played":"-8980398526855888940","potions_obtained":[{"floor":8,"key":"GamblersBrew"},{"floor":10,"key":"BloodPotion"},{"floor":21,"key":"Swift Potion"},{"floor":28,"key":"GamblersBrew"},{"floor":33,"key":"Block Potion"},{"floor":39,"key":"Explosive Potion"},{"floor":40,"key":"LiquidBronze"},{"floor":45,"key":"Energy Potion"},{"floor":46,"key":"EssenceOfSteel"}],"is_trial":false,"path_per_floor":["M","M","$","?","?","E","R","M","T","E","T","?","R","M","R","B",null,"M","M","?","M","$","R","E","R","T","R","M","R","M","E","R","B",null,"M","$","?","M","M","E","R","?","T","R","M","?","E","M","R","B","B",null,"R","$","E","B"],"character_chosen":"IRONCLAD","items_purchased":["Blind","SkillPotion","Weak Potion","Corruption+1"],"campfire_rested":0,"item_purchase_floors":[3,54,54,54],"current_hp_per_floor":[68,63,63,63,63,63,63,64,64,44,44,44,44,39,39,58,75,65,53,53,60,60,60,53,53,53,53,54,54,52,40,40,46,78,79,79,79,68,69,30,30,30,30,30,43,43,56,54,54,75,41,83,83,83,57,0],"gold":51,"neow_bonus":"BOSS_RELIC","is_prod":false,"is_daily":false,"chose_seed":false,"campfire_upgraded":11,"win_rate":0,"timestamp":1562433557,"path_taken":["M","?","$","?","?","E","R","?","T","E","?","?","R","M","R","BOSS","M","M","?","?","$","R","E","R","T","R","M","R","M","E","R","BOSS","M","$","?","?","M","E","R","?","T","R","M","?","E","?","R","BOSS","BOSS","R","$","E","BOSS"],"build_version":"2019-07-05","purchased_purges":3,"victory":false,"max_hp_per_floor":[75,75,75,75,75,76,76,77,77,78,78,78,78,79,79,80,80,81,82,82,83,83,83,84,84,84,84,85,85,86,87,87,88,88,89,89,89,90,91,92,92,92,92,92,93,93,94,95,95,96,97,97,97,97,98,98],"card_choices":[{"not_picked":["Combust","Rampage"],"picked":"Headbutt","floor":1},{"not_picked":["Wild Strike","Fire Breathing"],"picked":"Anger","floor":2},{"not_picked":["Havoc","Armaments"],"picked":"Evolve","floor":6},{"not_picked":["Thunderclap","Headbutt"],"picked":"Warcry","floor":8},{"not_picked":["Heavy Blade","Second Wind"],"picked":"Metallicize+1","floor":10},{"not_picked":["Uppercut","Heavy Blade","Havoc"],"picked":"SKIP","floor":14},{"not_picked":["Dark Embrace+1","Brutality+1"],"picked":"Barricade+1","floor":16},{"not_picked":["Perfected Strike","Pummel","Whirlwind"],"picked":"SKIP","floor":18},{"not_picked":["Clash+1","Burning Pact"],"picked":"Shockwave","floor":19},{"not_picked":["Cleave","Clash","Dropkick"],"picked":"SKIP","floor":21},{"not_picked":["Body Slam","Pummel"],"picked":"Metallicize+1","floor":24},{"not_picked":["Twin Strike","Clash"],"picked":"Metallicize+1","floor":28},{"not_picked":["Corruption+1","Thunderclap","Cleave"],"picked":"SKIP","floor":30},{"not_picked":["Shrug It Off","Dark Embrace+1"],"picked":"Warcry+1","floor":31},{"not_picked":["Second Wind","Seeing Red+1","Flex"],"picked":"SKIP","floor":35},{"not_picked":["Cleave","Pummel","Thunderclap+1"],"picked":"SKIP","floor":38},{"not_picked":["Hemokinesis","Twin Strike","Pommel Strike"],"picked":"SKIP","floor":39},{"not_picked":["Hemokinesis","Twin Strike","Pommel Strike"],"picked":"SKIP","floor":39},{"not_picked":["Thunderclap","Havoc","True Grit"],"picked":"SKIP","floor":40},{"not_picked":["Burning Pact","Twin Strike+1"],"picked":"Feel No Pain+1","floor":45},{"not_picked":["Iron Wave","True Grit"],"picked":"Warcry+1","floor":47},{"not_picked":["Hemokinesis","Barricade+1","Body Slam"],"picked":"Ghostly Armor+1","floor":48},{"not_picked":["Pommel Strike","Blood for Blood","Twin Strike"],"picked":"Shrug It Off+1","floor":55}],"player_experience":2201694,"relics_obtained":[{"floor":6,"key":"StoneCalendar"},{"floor":9,"key":"Frozen Egg 2"},{"floor":10,"key":"Pantograph"},{"floor":24,"key":"Meat on the Bone"},{"floor":26,"key":"Du-Vu Doll"},{"floor":31,"key":"Girya"},{"floor":40,"key":"Mercury Hourglass"},{"floor":43,"key":"Singing Bowl"},{"floor":47,"key":"Question Card"},{"floor":55,"key":"Lantern"}],"event_choices":[{"damage_healed":0,"gold_gain":0,"player_choice":"Grow","damage_taken":0,"max_hp_gain":0,"max_hp_loss":0,"event_name":"Living Wall","floor":4,"gold_loss":0,"cards_upgraded":["Searing Blow"]},{"damage_healed":0,"gold_gain":0,"player_choice":"Trade","damage_taken":0,"relics_obtained":["FaceOfCleric"],"max_hp_gain":0,"max_hp_loss":0,"event_name":"FaceTrader","floor":5,"gold_loss":0},{"damage_healed":0,"gold_gain":0,"player_choice":"Forge","damage_taken":0,"max_hp_gain":0,"max_hp_loss":0,"event_name":"Accursed Blacksmith","floor":12,"gold_loss":0,"cards_upgraded":["Searing Blow"]},{"damage_healed":0,"gold_gain":0,"player_choice":"Upgraded Two","damage_taken":0,"max_hp_gain":0,"max_hp_loss":0,"event_name":"Designer","floor":20,"gold_loss":50,"cards_upgraded":["Defend_R","Shockwave"]},{"cards_removed":["Sword Boomerang"],"damage_healed":0,"gold_gain":0,"player_choice":"Purged","damage_taken":0,"max_hp_gain":0,"max_hp_loss":0,"event_name":"Purifier","floor":37,"gold_loss":0},{"damage_healed":0,"gold_gain":0,"player_choice":"Ignored","damage_taken":0,"max_hp_gain":0,"max_hp_loss":0,"event_name":"Tomb of Lord Red Mask","floor":42,"gold_loss":0},{"damage_healed":0,"gold_gain":0,"player_choice":"Got Potions","damage_taken":0,"max_hp_gain":0,"max_hp_loss":0,"event_name":"Lab","floor":46,"gold_loss":0}],"is_beta":false,"boss_relics":[{"not_picked":["Lizard Tail","Empty Cage"],"picked":"Runic Dome"},{"not_picked":["Sozu","Orrery"],"picked":"Pandora\u0027s Box"}],"items_purged_floors":[22,36,54],"is_endless":false,"potions_floor_spawned":[8,10,14,19,21,28,30,33,39,40,45],"killed_by":"The Heart","ascension_level":20}