{"gold_per_floor":[110,110,122,122,141,141,205,223,278,304,317,317],"floor_reached":12,"playtime":367,"items_purged":[],"score":160,"play_id":"ad0b549b-03b5-4f21-a87c-140679524e69","local_time":"20190611120342","is_ascension_mode":true,"campfire_choices":[{"data":"Bash","floor":6,"key":"SMITH"}],"neow_cost":"NONE","seed_source_timestamp":150774555621900,"circlet_count":0,"master_deck":["AscendersBane","Strike_R","Strike_R","Strike_R","Strike_R","Defend_R","Defend_R","Defend_R","Defend_R","Bash+1","Cleave","Impervious","Twin Strike","Flex","Iron Wave","Infernal Blade","Headbutt","Whirlwind"],"special_seed":0,"relics":["Burning Blood","Art of War","Potion Belt","Oddly Smooth Stone","Smiling Mask"],"potions_floor_usage":[7,10],"damage_taken":[{"damage":16.0,"enemies":"Jaw Worm","floor":1.0,"turns":5.0},{"damage":1,"enemies":"Cultist","floor":3,"turns":4},{"damage":8,"enemies":"Small Slimes","floor":5,"turns":3},{"damage":30,"enemies":"3 Sentries","floor":7,"turns":8},{"damage":1,"enemies":"2 Fungi Beasts","floor":8,"turns":4},{"damage":20,"enemies":"3 Sentries","floor":10,"turns":4},{"damage":9,"enemies":"Large Slime","floor":11,"turns":5},{"damage":34,"enemies":"Lagavulin","floor":12,"turns":4}],"seed_played":"-2972888665198302391","potions_obtained":[{"floor":3,"key":"Swift Potion"},{"floor":7,"key":"Explosive Potion"}],"is_trial":false,"path_per_floor":["M","?","M","?","M","R","?","M","T","E","M","E"],"character_chosen":"IRONCLAD","items_purchased":[],"campfire_rested":0,"item_purchase_floors":[],"current_hp_per_floor":[58,58,63,56,54,54,30,35,35,21,18,0],"gold":317,"neow_bonus":"RANDOM_COMMON_RELIC","is_prod":false,"is_daily":false,"chose_seed":false,"campfire_upgraded":1,"win_rate":0,"timestamp":1560251022,"path_taken":["M","?","?","?","M","R","?","M","T","E","M","E"],"build_version":"2019-01-23","purchased_purges":0,"victory":false,"max_hp_per_floor":[75,75,75,75,75,75,75,75,75,75,75,75],"card_choices":[{"not_picked":["Combust","Clothesline"],"picked":"Cleave","floor":1.0},{"not_picked":["Flex","Heavy Blade"],"picked":"Twin Strike","floor":3},{"not_picked":["Twin Strike","Reckless Charge"],"picked":"Flex","floor":5},{"not_picked":["Sword Boomerang","Twin Strike"],"picked":"Iron Wave","floor":7},{"not_picked":["Shrug It Off","Searing Blow"],"picked":"Infernal Blade","floor":8},{"not_picked":["Warcry","Havoc"],"picked":"Headbutt","floor":10},{"not_picked":["Feel No Pain","Havoc"],"picked":"Whirlwind","floor":11}],"player_experience":1445039,"relics_obtained":[{"floor":7,"key":"Potion Belt"},{"floor":9,"key":"Oddly Smooth Stone"},{"floor":10,"key":"Smiling Mask"}],"event_choices":[{"damage_healed":0,"gold_gain":0,"player_choice":"1 cards matched","damage_taken":0,"max_hp_gain":0,"max_hp_loss":0,"event_name":"Match and Keep!","floor":2,"gold_loss":0,"cards_obtained":["Impervious"]},{"cards_removed":["Strike_R"],"damage_healed":0,"gold_gain":0,"player_choice":"Card Removal","damage_taken":7,"max_hp_gain":0,"max_hp_loss":0,"event_name":"Golden Wing","floor":4,"gold_loss":0},{"damage_healed":0,"gold_gain":0,"player_choice":"Searched \u00271\u0027 times","damage_taken":0,"max_hp_gain":0,"max_hp_loss":0,"event_name":"Dead Adventurer","floor":7,"gold_loss":0}],"is_beta":false,"boss_relics":[],"items_purged_floors":[],"is_endless":false,"potions_floor_spawned":[3,7],"killed_by":"Lagavulin","ascension_level":20}