{"gold_per_floor":[116,116,116,62,62,62,93,93,93,120,120,140,160,178,178,256,256,196,196,196,1,1,1,1,0,0,0,0],"floor_reached":28,"playtime":1129,"items_purged":[],"score":518,"play_id":"7bf94bcc-96c2-4a33-abbf-e65746be7c60","local_time":"20180729181823","is_ascension_mode":true,"campfire_choices":[{"data":"Zap","floor":6.0,"key":"SMITH"},{"data":"Sweeping Beam","floor":8.0,"key":"SMITH"},{"data":"Go for the Eyes","floor":15.0,"key":"SMITH"},{"floor":24.0,"key":"REST"}],"neow_cost":"NONE","seed_source_timestamp":1891746542553258,"circlet_count":0,"master_deck":["Strike_B","Strike_B","Strike_B","Strike_B","Defend_B","Defend_B","Defend_B","Defend_B","Zap+1","Dualcast","AscendersBane","Steam","Conserve Battery","Sweeping Beam+1","Ball Lightning","Go for the Eyes+1","Coolheaded","Seek","Capacitor","Ball Lightning","Rebound"],"special_seed":0,"relics":["Cracked Core","NeowsBlessing","Pantograph","Cables","Boot","Ectoplasm","Lee\u0027s Waffle","Tiny Chest","Bag of Preparation"],"potions_floor_usage":[],"damage_taken":[{"damage":0.0,"enemies":"Cultist","floor":1.0,"turns":1.0},{"damage":0.0,"enemies":"Gremlin Nob","floor":7.0,"turns":1.0},{"damage":0.0,"enemies":"3 Sentries","floor":10.0,"turns":1.0},{"damage":0.0,"enemies":"2 Louse","floor":12.0,"turns":2.0},{"damage":0.0,"enemies":"Small Slimes","floor":13.0,"turns":2.0},{"damage":1.0,"enemies":"Blue Slaver","floor":14.0,"turns":3.0},{"damage":54.0,"enemies":"Hexaghost","floor":16.0,"turns":13.0},{"damage":11.0,"enemies":"2 Thieves","floor":18.0,"turns":3.0},{"damage":11.0,"enemies":"Spheric Guardian","floor":20.0,"turns":4.0},{"damage":20.0,"enemies":"Snake Plant","floor":22.0,"turns":4.0},{"damage":11.0,"enemies":"Centurion and Healer","floor":23.0,"turns":7.0},{"damage":63.0,"enemies":"Book of Stabbing","floor":27.0,"turns":7.0},{"damage":13,"enemies":"3 Cultists","floor":28,"turns":3}],"seed_played":"2661588414352835434","potions_obtained":[{"floor":12.0,"key":"Fire Potion"},{"floor":13.0,"key":"SpeedPotion"},{"floor":20.0,"key":"LiquidBronze"},{"floor":23.0,"key":"Swift Potion"}],"is_trial":false,"path_per_floor":["M","$","?","$","?","R","E","R","T","E","$","M","M","M","R","B",null,"M","?","M","$","M","M","R","?","T","E"],"character_chosen":"DEFECT","items_purchased":["Conserve Battery","Lee\u0027s Waffle"],"campfire_rested":1,"item_purchase_floors":[4,21],"current_hp_per_floor":[64,64,64,64,69,69,69,69,69,69,69,69,69,68,68,22,63,52,52,41,83,63,52,76,76,76,13,0],"gold":0,"neow_bonus":"THREE_ENEMY_KILL","is_prod":false,"is_daily":false,"chose_seed":false,"campfire_upgraded":3,"win_rate":0,"timestamp":1532902703,"path_taken":["M","$","?","$","?","R","E","R","T","E","$","?","M","M","R","BOSS","M","?","M","?","M","?","R","?","T","E","M"],"build_version":"2018-07-26","purchased_purges":0,"victory":false,"max_hp_per_floor":[71,71,71,71,76,76,76,76,76,76,76,76,76,76,76,76,76,76,76,76,83,83,83,83,83,83,83,83],"card_choices":[{"not_picked":["Rip and Tear","Beam Cell"],"picked":"Steam","floor":1.0},{"not_picked":["Steam","Streamline"],"picked":"Sweeping Beam","floor":7.0},{"not_picked":["Stack","Storm","Heatsinks"],"picked":"SKIP","floor":10.0},{"not_picked":["Tempest","Meteor Strike"],"picked":"Ball Lightning","floor":12.0},{"not_picked":["Leap","Double Energy"],"picked":"Go for the Eyes","floor":13.0},{"not_picked":["Turbo","Gash"],"picked":"Coolheaded","floor":14.0},{"not_picked":["Creative AI","All For One"],"picked":"Seek","floor":16.0},{"not_picked":["Compile Driver","Barrage"],"picked":"Capacitor","floor":18.0},{"not_picked":["Streamline","Turbo","Double Energy"],"picked":"SKIP","floor":20.0},{"not_picked":["Rebound+1","Static Discharge"],"picked":"Ball Lightning","floor":22.0},{"not_picked":["Tempest","Skim"],"picked":"Rebound","floor":23.0},{"not_picked":["Rainbow","Chaos","Darkness"],"picked":"SKIP","floor":27.0}],"player_experience":183464,"relics_obtained":[{"floor":7.0,"key":"Pantograph"},{"floor":9.0,"key":"Cables"},{"floor":10.0,"key":"Boot"},{"floor":26.0,"key":"Tiny Chest"},{"floor":27.0,"key":"Bag of Preparation"}],"event_choices":[{"event_name":"The Cleric","player_choice":"Leave","floor":3.0,"damage_taken":0.0},{"event_name":"Big Fish","player_choice":"Donut","floor":5.0,"damage_taken":0.0},{"event_name":"Vampires","player_choice":"Ignored","floor":19.0,"damage_taken":0.0},{"event_name":"Masked Bandits","player_choice":"Paid Bandits 1 gold","floor":25.0,"damage_taken":0.0}],"is_beta":false,"boss_relics":[{"not_picked":["Velvet Choker","Philosopher\u0027s Stone"],"picked":"Ectoplasm"}],"items_purged_floors":[],"is_endless":false,"potions_floor_spawned":[12,13,14,20,23],"killed_by":"3 Cultists","ascension_level":15}