{"gold_per_floor":[112,127,127,127,147,175,175,124,124,136,170,181,213,224,224,224],"floor_reached":16,"playtime":518,"items_purged":[],"score":214,"play_id":"4fcd7a10-4e5d-4cc2-907f-2aa985808bb7","local_time":"20190130202938","is_ascension_mode":true,"campfire_choices":[{"data":"Double Tap","floor":7,"key":"SMITH"},{"floor":15,"key":"REST"}],"neow_cost":"NONE","seed_source_timestamp":3483670896836502,"circlet_count":0,"master_deck":["AscendersBane","Strike_R","Strike_R","Strike_R","Strike_R","Strike_R","Defend_R","Defend_R","Defend_R","Bash","Double Tap+1","Perfected Strike","Pommel Strike","Iron Wave","Berserk","Flex","Flex","Armaments","Pommel Strike","Battle Trance"],"special_seed":0,"relics":["Burning Blood","Bird Faced Urn","Bottled Lightning","Regal Pillow","Potion Belt"],"potions_floor_usage":[13,16],"damage_taken":[{"damage":12.0,"enemies":"Jaw Worm","floor":1.0,"turns":5.0},{"damage":7.0,"enemies":"2 Louse","floor":2.0,"turns":3.0},{"damage":0,"enemies":"Cultist","floor":5,"turns":2},{"damage":35,"enemies":"Lagavulin","floor":6,"turns":5},{"damage":14,"enemies":"3 Louse","floor":10,"turns":5},{"damage":20,"enemies":"Gremlin Nob","floor":11,"turns":3},{"damage":0,"enemies":"Blue Slaver","floor":12,"turns":2},{"damage":13,"enemies":"3 Sentries","floor":13,"turns":6},{"damage":12,"enemies":"2 Fungi Beasts","floor":14,"turns":4},{"damage":47,"enemies":"The Guardian","floor":16,"turns":11}],"seed_played":"7834536550566475594","potions_obtained":[{"floor":10,"key":"SmokeBomb"},{"floor":12,"key":"EssenceOfSteel"},{"floor":13,"key":"Weak Potion"},{"floor":14,"key":"Ancient Potion"}],"is_trial":false,"path_per_floor":["M","M","$","?","M","E","R","$","T","M","E","M","E","M","R","B"],"character_chosen":"IRONCLAD","items_purchased":["Flex"],"campfire_rested":1,"item_purchase_floors":[8],"current_hp_per_floor":[62,61,61,54,60,31,31,31,31,25,13,19,14,8,45,0],"gold":224,"neow_bonus":"ONE_RANDOM_RARE_CARD","is_prod":false,"is_daily":false,"chose_seed":false,"campfire_upgraded":1,"win_rate":0,"timestamp":1548898178,"path_taken":["M","M","$","?","M","E","R","$","T","M","E","M","E","M","R","BOSS"],"build_version":"2019-01-23","purchased_purges":0,"victory":false,"max_hp_per_floor":[75,75,75,75,75,75,75,75,75,75,75,75,75,75,75,75],"card_choices":[{"not_picked":["Pommel Strike","Disarm"],"picked":"Perfected Strike","floor":1.0},{"not_picked":["Body Slam","Flex"],"picked":"Pommel Strike","floor":2},{"not_picked":["True Grit","Wild Strike"],"picked":"Iron Wave","floor":5},{"not_picked":["Havoc","Iron Wave"],"picked":"Berserk","floor":6},{"not_picked":["Sword Boomerang","Havoc"],"picked":"Flex","floor":10},{"not_picked":["Thunderclap","Wild Strike","Heavy Blade"],"picked":"SKIP","floor":11},{"not_picked":["Anger","Cleave"],"picked":"Armaments","floor":12},{"not_picked":["Clash","Searing Blow"],"picked":"Pommel Strike","floor":13},{"not_picked":["Disarm","Bloodletting"],"picked":"Battle Trance","floor":14}],"player_experience":567102,"relics_obtained":[{"floor":6,"key":"Bird Faced Urn"},{"floor":9,"key":"Bottled Lightning"},{"floor":11,"key":"Regal Pillow"},{"floor":13,"key":"Potion Belt"}],"event_choices":[{"cards_removed":["Defend_R"],"damage_healed":0,"gold_gain":0,"player_choice":"Card Removal","damage_taken":7,"max_hp_gain":0,"max_hp_loss":0,"event_name":"Golden Wing","floor":4,"gold_loss":0}],"is_beta":false,"boss_relics":[],"items_purged_floors":[],"is_endless":false,"potions_floor_spawned":[10,12,13,14],"killed_by":"The Guardian","ascension_level":15}