{"gold_per_floor":[118,118,131,131,102,102,134,134,203,203,203,237,249,249,249,326,326,326,226,16,16,16,16],"floor_reached":23,"playtime":526,"items_purged":[],"score":371,"play_id":"005d1bfa-810e-408c-a4e9-174d338b15cd","local_time":"20190422220331","is_ascension_mode":true,"campfire_choices":[{"data":"Cleave","floor":6.0,"key":"SMITH"},{"data":"Metallicize","floor":8.0,"key":"SMITH"},{"data":"Pommel Strike","floor":10.0,"key":"SMITH"},{"data":"Juggernaut","floor":15.0,"key":"SMITH"}],"neow_cost":"NONE","seed_source_timestamp":10568554111832148,"circlet_count":0,"master_deck":["AscendersBane","Strike_R","Strike_R","Strike_R","Strike_R","Strike_R","Defend_R","Defend_R","Defend_R","Defend_R","Bash+1","Metallicize+1","Dropkick","Cleave+1","Pommel Strike+1","Headbutt","Juggernaut+1","Armaments","Feed","Cleave","Apotheosis"],"special_seed":0,"relics":["Burning Blood","Ice Cream","Magic Flower","CultistMask","Ectoplasm"],"potions_floor_usage":[23],"damage_taken":[{"damage":7.0,"enemies":"Small Slimes","floor":1.0,"turns":3.0},{"damage":0.0,"enemies":"Jaw Worm","floor":3.0,"turns":5.0},{"damage":26.0,"enemies":"Gremlin Nob","floor":7.0,"turns":4.0},{"damage":13.0,"enemies":"3 Sentries","floor":12.0,"turns":6.0},{"damage":2.0,"enemies":"Cultist","floor":13.0,"turns":4.0},{"damage":41.0,"enemies":"Hexaghost","floor":16.0,"turns":10.0},{"damage":15,"enemies":"Spheric Guardian","floor":18,"turns":4},{"damage":39,"enemies":"2 Thieves","floor":19,"turns":5},{"damage":41,"enemies":"Book of Stabbing","floor":23,"turns":3}],"seed_played":"-1703984884588387784","potions_obtained":[{"floor":3.0,"key":"Strength Potion"},{"floor":12.0,"key":"Strength Potion"},{"floor":13.0,"key":"LiquidBronze"}],"is_trial":false,"path_per_floor":["M","?","M","?","$","R","E","R","T","R","?","E","M","?","R","B",null,"M","M","$","$","?","E"],"character_chosen":"IRONCLAD","items_purchased":["Pommel Strike","Apotheosis"],"campfire_rested":0,"item_purchase_floors":[5,20],"current_hp_per_floor":[67,67,73,73,73,73,53,53,53,53,53,46,53,53,53,21,62,56,26,26,26,26,0],"gold":16,"neow_bonus":"THREE_CARDS","is_prod":false,"is_daily":false,"chose_seed":false,"campfire_upgraded":4,"win_rate":0,"timestamp":1555985011,"path_taken":["M","?","M","?","$","R","E","R","T","R","?","E","?","?","R","BOSS","M","?","?","$","?","E"],"build_version":"2019-01-23","purchased_purges":0,"victory":false,"max_hp_per_floor":[75,75,75,75,75,75,75,75,75,75,75,75,75,75,75,75,75,75,75,75,75,75,75],"card_choices":[{"not_picked":["Fire Breathing","Cleave"],"picked":"Metallicize","floor":0.0},{"not_picked":["Body Slam","Battle Trance"],"picked":"Dropkick","floor":1.0},{"not_picked":["Bloodletting","Flex"],"picked":"Cleave","floor":3.0},{"not_picked":["Anger","Exhume"],"picked":"Headbutt","floor":7.0},{"not_picked":["Combust","Sever Soul"],"picked":"Juggernaut","floor":12.0},{"not_picked":["Clothesline","Metallicize"],"picked":"Armaments","floor":13.0},{"not_picked":["Limit Break","Impervious"],"picked":"Feed","floor":16.0},{"not_picked":["Hemokinesis+1","Thunderclap+1","Sentinel"],"picked":"SKIP","floor":18},{"not_picked":["Iron Wave","Warcry"],"picked":"Cleave","floor":19}],"player_experience":657636,"relics_obtained":[{"floor":7.0,"key":"Ice Cream"},{"floor":12.0,"key":"Magic Flower"}],"event_choices":[{"damage_healed":0.0,"max_hp_gain":0.0,"max_hp_loss":0.0,"gold_gain":0.0,"event_name":"The Cleric","player_choice":"Leave","floor":2.0,"gold_loss":0.0,"damage_taken":0.0},{"damage_healed":0.0,"max_hp_gain":0.0,"max_hp_loss":0.0,"gold_gain":0.0,"event_name":"Living Wall","player_choice":"Grow","floor":4.0,"gold_loss":0.0,"damage_taken":0.0,"cards_upgraded":["Bash"]},{"damage_healed":0.0,"max_hp_gain":0.0,"max_hp_loss":0.0,"gold_gain":0.0,"event_name":"Golden Idol","player_choice":"Ignored","floor":11.0,"gold_loss":0.0,"damage_taken":0.0},{"damage_healed":0.0,"max_hp_gain":0.0,"max_hp_loss":0.0,"gold_gain":0.0,"event_name":"FaceTrader","player_choice":"Trade","floor":14.0,"gold_loss":0.0,"damage_taken":0.0,"relics_obtained":["CultistMask"]}],"is_beta":false,"boss_relics":[{"not_picked":["Pandora\u0027s Box","Runic Dome"],"picked":"Ectoplasm"}],"items_purged_floors":[],"is_endless":false,"potions_floor_spawned":[3,12,13,16,18],"killed_by":"Book of Stabbing","ascension_level":18}