{"gold_per_floor":[115,115,132,232,70,81,113,139,176,188,250,262,294,36,36,107,107,123,136,151,151],"floor_reached":21,"playtime":613,"items_purged":[],"score":362,"play_id":"a6ee9ea1-44e6-4853-b6a2-77b2dbc7506e","local_time":"20190625181430","is_ascension_mode":true,"campfire_choices":[{"data":"True Grit","floor":10.0,"key":"SMITH"},{"data":"Bash","floor":12.0,"key":"SMITH"},{"data":"Fiend Fire","floor":15.0,"key":"SMITH"}],"neow_cost":"NONE","seed_source_timestamp":5118578955070048,"circlet_count":0,"master_deck":["AscendersBane","Strike_R","Strike_R","Strike_R","Strike_R+1","Strike_R","Defend_R","Defend_R","Defend_R+1","Defend_R","Bash+1","Cleave","True Grit+1","Feed","Pommel Strike","Fiend Fire+1","Shrug It Off","Shrug It Off","Fiend Fire","Uppercut","Iron Wave"],"special_seed":0,"relics":["Burning Blood","NeowsBlessing","MawBank","Bronze Scales","Pantograph","Velvet Choker"],"potions_floor_usage":[16,16,21],"damage_taken":[{"damage":0.0,"enemies":"Jaw Worm","floor":1.0,"turns":1.0},{"damage":0.0,"enemies":"Small Slimes","floor":3.0,"turns":1.0},{"damage":0.0,"enemies":"Cultist","floor":6.0,"turns":3.0},{"damage":53.0,"enemies":"Lagavulin","floor":7.0,"turns":7.0},{"damage":0.0,"enemies":"Exordium Wildlife","floor":8.0,"turns":2.0},{"damage":8.0,"enemies":"Lots of Slimes","floor":13.0,"turns":3.0},{"damage":48,"enemies":"The Guardian","floor":16,"turns":15},{"damage":13,"enemies":"Spheric Guardian","floor":18,"turns":4},{"damage":26,"enemies":"2 Thieves","floor":19,"turns":4},{"damage":24,"enemies":"Snake Plant","floor":20,"turns":3},{"damage":26,"enemies":"Sentry and Sphere","floor":21,"turns":5}],"seed_played":"-4721956761807717565","potions_obtained":[{"floor":3.0,"key":"Ancient Potion"},{"floor":6.0,"key":"EntropicBrew"},{"floor":7.0,"key":"AttackPotion"},{"floor":18,"key":"SpeedPotion"}],"is_trial":false,"path_per_floor":["M","?","M","?","$","M","E","M","T","R","?","R","M","$","R","B",null,"M","M","M","M"],"character_chosen":"IRONCLAD","items_purchased":["Feed","Pantograph"],"campfire_rested":0,"item_purchase_floors":[5,14],"current_hp_per_floor":[74,51,57,57,57,66,22,28,28,28,28,28,29,29,29,12,66,59,42,24,0],"gold":151,"neow_bonus":"THREE_ENEMY_KILL","is_prod":false,"is_daily":false,"chose_seed":false,"campfire_upgraded":3,"win_rate":0,"timestamp":1561500870,"path_taken":["M","?","M","?","$","?","E","M","T","R","?","R","?","?","R","BOSS","M","M","M","M"],"build_version":"2019-01-23","purchased_purges":0,"victory":false,"max_hp_per_floor":[75,75,75,75,75,78,81,81,81,81,81,81,84,84,84,84,84,84,87,87,87],"card_choices":[{"not_picked":["Havoc","Flex"],"picked":"Cleave","floor":1.0},{"not_picked":["Perfected Strike","Iron Wave"],"picked":"True Grit","floor":3.0},{"not_picked":["Entrench","Body Slam"],"picked":"Pommel Strike","floor":6.0},{"not_picked":["Wild Strike","Sentinel"],"picked":"Fiend Fire","floor":7.0},{"not_picked":["Seeing Red","Rage"],"picked":"Shrug It Off","floor":8.0},{"not_picked":["Flex","Warcry"],"picked":"Shrug It Off","floor":13.0},{"not_picked":["Bludgeon","Berserk"],"picked":"Fiend Fire","floor":16},{"not_picked":["Dual Wield","Body Slam","Warcry+1"],"picked":"SKIP","floor":18},{"not_picked":["Armaments","Bloodletting"],"picked":"Uppercut","floor":19},{"not_picked":["Reckless Charge","Iron Wave","Sword Boomerang"],"picked":"SKIP","floor":20},{"not_picked":["Reckless Charge","Sword Boomerang"],"picked":"Iron Wave","floor":20}],"player_experience":780036,"relics_obtained":[{"floor":7.0,"key":"MawBank"},{"floor":9.0,"key":"Bronze Scales"}],"event_choices":[{"damage_healed":0.0,"max_hp_gain":0.0,"max_hp_loss":0.0,"gold_gain":0.0,"event_name":"Shining Light","player_choice":"Entered Light","floor":2.0,"gold_loss":0.0,"damage_taken":23.0,"cards_upgraded":["Strike_R","Defend_R"]},{"damage_healed":0.0,"max_hp_gain":0.0,"max_hp_loss":0.0,"gold_gain":100.0,"event_name":"Wheel of Change","player_choice":"Gold","floor":4.0,"gold_loss":0.0,"damage_taken":0.0},{"damage_healed":0.0,"max_hp_gain":0.0,"max_hp_loss":0.0,"gold_gain":50.0,"event_name":"Golden Shrine","player_choice":"Pray","floor":11.0,"gold_loss":0.0,"damage_taken":0.0}],"is_beta":false,"boss_relics":[{"not_picked":["Orrery","Runic Dome"],"picked":"Velvet Choker"}],"items_purged_floors":[],"is_endless":false,"potions_floor_spawned":[3,6,7,13,18],"killed_by":"Sentry and Sphere","ascension_level":20}