{"gold_per_floor":[115,115,128,128,128,128,155,155,155,155,165,10,40,59,59,59],"floor_reached":16,"playtime":409,"items_purged":[],"score":130,"play_id":"5663b935-65b1-4c11-9473-11a79497686d","local_time":"20180804182125","is_ascension_mode":true,"campfire_choices":[{"data":"Neutralize","floor":6,"key":"SMITH"},{"data":"Poisoned Stab","floor":8,"key":"SMITH"},{"data":"Deadly Poison","floor":10,"key":"SMITH"},{"data":"Dodge and Roll","floor":15,"key":"SMITH"}],"neow_cost":"","seed_source_timestamp":2411087443150918,"circlet_count":0,"master_deck":["Defend_G","Defend_G","Defend_G","Defend_G","Defend_G","Strike_G","Strike_G","Strike_G","Strike_G","Strike_G","Survivor","Neutralize+1","Poisoned Stab+1","Flying Knee","Deadly Poison+1","Sucker Punch","Corpse Explosion","Dodge and Roll+1","Cloak And Dagger"],"relics":["Ring of the Snake","NlothsMask","Darkstone Periapt","Smiling Mask"],"potions_floor_usage":[7,16],"damage_taken":[{"damage":2,"enemies":"Jaw Worm","floor":1,"turns":5},{"damage":0,"enemies":"Cultist","floor":3,"turns":3},{"damage":23,"enemies":"Gremlin Nob","floor":7,"turns":5},{"damage":0,"enemies":"2 Louse","floor":11,"turns":2},{"damage":10,"enemies":"3 Sentries","floor":13,"turns":4},{"damage":0,"enemies":"2 Fungi Beasts","floor":14,"turns":3},{"damage":41,"enemies":"Hexaghost","floor":16,"turns":9}],"seed_played":"3090735212276007618","potions_obtained":[{"floor":3,"key":"EssenceOfSteel"},{"floor":11,"key":"Poison Potion"}],"is_trial":false,"path_per_floor":["M","?","M","?","?","R","E","R","T","R","M","$","E","M","R"],"character_chosen":"THE_SILENT","items_purchased":["Corpse Explosion"],"campfire_rested":0,"item_purchase_floors":[12],"current_hp_per_floor":[68,68,68,68,73,73,50,50,50,50,50,50,40,40,40,0],"gold":59,"neow_bonus":"","is_prod":false,"is_daily":false,"chose_seed":false,"campfire_upgraded":4,"win_rate":0,"timestamp":1533421285,"path_taken":["M","?","M","?","?","R","E","R","T","R","M","?","E","M","R","BOSS"],"build_version":"2018-08-02","purchased_purges":0,"victory":false,"max_hp_per_floor":[70,70,70,70,75,75,75,75,75,75,75,75,75,75,75,75],"card_choices":[{"not_picked":["Prepared","PiercingWail"],"picked":"Poisoned Stab","floor":1},{"not_picked":["PiercingWail","Underhanded Strike"],"picked":"Flying Knee","floor":3},{"not_picked":["Calculated Gamble","Acrobatics"],"picked":"Deadly Poison","floor":7},{"not_picked":["PiercingWail","Terror"],"picked":"Sucker Punch","floor":11},{"not_picked":["Setup","Masterful Stab"],"picked":"Dodge and Roll","floor":13},{"not_picked":["Prepared","Deflect"],"picked":"Cloak And Dagger","floor":14}],"player_experience":215945,"relics_obtained":[{"floor":7,"key":"Darkstone Periapt"},{"floor":13,"key":"Smiling Mask"}],"event_choices":[{"event_name":"FaceTrader","player_choice":"Trade","floor":2,"damage_taken":0},{"event_name":"Match and Keep!","player_choice":"0 cards matched","floor":4,"damage_taken":0},{"event_name":"Big Fish","player_choice":"Donut","floor":5,"damage_taken":0}],"is_beta":false,"boss_relics":[],"items_purged_floors":[],"is_endless":false,"potions_floor_spawned":[3,11],"killed_by":"Hexaghost","ascension_level":4}