{"gold_per_floor":[118,134,134,148,148,174,174,189,189,205,223,241,269,330,330,430,430,444,444,462,134,233,233,264,264,264,280,280,297,312,323,323,423,473,483,241,241,255,255,255,270,299,299,299,314,314,5,5],"floor_reached":48,"playtime":2635,"items_purged":["Strike_G","Strike_G"],"score":598,"play_id":"e3c6e727-9ca8-454b-a730-cb06c99ebefc","local_time":"20180731184900","is_ascension_mode":true,"campfire_choices":[{"data":"Neutralize","floor":7.0,"key":"SMITH"},{"data":"Leg Sweep","floor":15.0,"key":"SMITH"},{"data":"Dodge and Roll","floor":23.0,"key":"SMITH"},{"data":"1","floor":25.0,"key":"LIFT"},{"floor":28.0,"key":"REST"},{"floor":32.0,"key":"REST"},{"data":"2","floor":40.0,"key":"LIFT"},{"data":"3","floor":44.0,"key":"LIFT"}],"neow_cost":"","seed_source_timestamp":0,"circlet_count":0,"master_deck":["Defend_G","Defend_G","Defend_G","Defend_G","Defend_G","Strike_G","Strike_G","Strike_G","Survivor","Neutralize+1","Acrobatics","Backflip","Terror","Dagger Spray","Dagger Spray","Dodge and Roll+1","Corpse Explosion","Backstab","Quick Slash+1","Leg Sweep+1","Envenom+1","Blade Dance","Dagger Spray+1","Well Laid Plans+1","Cloak And Dagger","Cloak And Dagger+1","Noxious Fumes+1","Backflip","Burst","Sucker Punch+1","Dagger Throw","Footwork+1","Leg Sweep","Dagger Throw","Cloak And Dagger+1","Dagger Throw","Footwork+1"],"special_seed":0,"relics":["Ring of the Snake","Happy Flower","Frozen Egg 2","Ancient Tea Set","HoveringKite","Nloth\u0027s Gift","Paper Crane","Girya","Kunai","Tiny House","Centennial Puzzle","Toxic Egg 2","Smiling Mask","Bottled Tornado"],"potions_floor_usage":[46],"damage_taken":[{"damage":4.0,"enemies":"Jaw Worm","floor":1.0,"turns":6.0},{"damage":0.0,"enemies":"Small Slimes","floor":2.0,"turns":4.0},{"damage":0.0,"enemies":"2 Louse","floor":4.0,"turns":3.0},{"damage":37.0,"enemies":"Lagavulin","floor":6.0,"turns":14.0},{"damage":0.0,"enemies":"Blue Slaver","floor":8.0,"turns":5.0},{"damage":0.0,"enemies":"Gremlin Gang","floor":10.0,"turns":1.0},{"damage":0.0,"enemies":"Looter","floor":11.0,"turns":4.0},{"damage":6.0,"enemies":"Exordium Thugs","floor":12.0,"turns":3.0},{"damage":8.0,"enemies":"Gremlin Nob","floor":13.0,"turns":4.0},{"damage":7.0,"enemies":"3 Sentries","floor":14.0,"turns":3.0},{"damage":10.0,"enemies":"Hexaghost","floor":16.0,"turns":13.0},{"damage":19.0,"enemies":"2 Thieves","floor":18.0,"turns":3.0},{"damage":3.0,"enemies":"Chosen","floor":20.0,"turns":8.0},{"damage":13.0,"enemies":"Book of Stabbing","floor":24.0,"turns":8.0},{"damage":3.0,"enemies":"Centurion and Healer","floor":27.0,"turns":8.0},{"damage":21.0,"enemies":"Sentry and Sphere","floor":29.0,"turns":9.0},{"damage":0.0,"enemies":"Cultist and Chosen","floor":30.0,"turns":6.0},{"damage":5.0,"enemies":"Centurion and Healer","floor":31.0,"turns":4.0},{"damage":0.0,"enemies":"Automaton","floor":33.0,"turns":9.0},{"damage":8.0,"enemies":"3 Darklings","floor":35.0,"turns":3.0},{"damage":9.0,"enemies":"3 Shapes","floor":38.0,"turns":2.0},{"damage":3.0,"enemies":"Transient","floor":41.0,"turns":5.0},{"damage":18.0,"enemies":"2 Orb Walkers","floor":42.0,"turns":4.0},{"damage":37.0,"enemies":"3 Darklings","floor":45.0,"turns":5.0},{"damage":0,"enemies":"Sphere and 2 Shapes","floor":46,"turns":1}],"seed_played":"8095217151083379057","potions_obtained":[{"floor":1.0,"key":"Dexterity Potion"},{"floor":8.0,"key":"SmokeBomb"},{"floor":12.0,"key":"Explosive Potion"},{"floor":13.0,"key":"Block Potion"},{"floor":20.0,"key":"Strength Potion"},{"floor":34.0,"key":"Dexterity Potion"}],"is_trial":false,"path_per_floor":["M","M","?","M","?","E","R","M","T","M","M","M","E","?","R","B",null,"M","?","M","$","?","R","E","R","T","M","R","M","M","M","R","B",null,"M","$","?","M","?","R","M","E","T","R","M","M","$"],"character_chosen":"THE_SILENT","items_purchased":["Paper Crane","Footwork+1","Leg Sweep","Footwork+1","Bottled Tornado"],"campfire_rested":2,"item_purchase_floors":[21,36,36,47,47],"current_hp_per_floor":[66,66,71,71,71,34,34,34,34,34,34,28,20,13,13,28,75,56,56,53,53,53,53,40,40,40,37,59,38,38,33,55,55,80,72,72,72,63,63,63,60,42,42,42,5,5,5,0],"gold":5,"neow_bonus":"","is_prod":false,"is_daily":false,"chose_seed":false,"campfire_upgraded":3,"win_rate":0,"timestamp":1533077340,"path_taken":["M","M","?","M","?","E","R","M","T","M","?","M","E","?","R","BOSS","M","?","M","$","?","R","E","R","T","?","R","M","M","M","R","BOSS","M","$","?","?","?","R","M","E","T","R","M","M","$","?"],"build_version":"2018-07-26","purchased_purges":2,"victory":false,"max_hp_per_floor":[70,70,75,75,75,75,75,75,75,75,75,75,75,75,75,75,75,75,75,75,75,75,75,75,75,75,75,75,75,75,75,75,75,80,80,80,80,80,80,80,80,80,80,80,80,80,80,80],"card_choices":[{"not_picked":["Riddle With Holes","PiercingWail"],"picked":"Acrobatics","floor":1.0},{"not_picked":["Dagger Spray","Flying Knee"],"picked":"Backflip","floor":2.0},{"not_picked":["Finisher","Prepared"],"picked":"Terror","floor":4.0},{"not_picked":["Outmaneuver","Endless Agony"],"picked":"Dagger Spray","floor":6.0},{"not_picked":["Skewer","Caltrops"],"picked":"Dagger Spray","floor":8.0},{"not_picked":["Slice","Acrobatics"],"picked":"Dodge and Roll","floor":10.0},{"not_picked":["Cloak And Dagger","Dagger Spray"],"picked":"Corpse Explosion","floor":11.0},{"not_picked":["Dagger Spray","Acrobatics"],"picked":"Backstab","floor":12.0},{"not_picked":["Terror","All Out Attack"],"picked":"Quick Slash","floor":13.0},{"not_picked":["Predator","PiercingWail"],"picked":"Leg Sweep","floor":14.0},{"not_picked":["Doppelganger","Tools of the Trade+1"],"picked":"Envenom+1","floor":16.0},{"not_picked":["Deflect","Sucker Punch"],"picked":"Blade Dance","floor":18.0},{"not_picked":["Bane+1","Underhanded Strike"],"picked":"Dagger Spray+1","floor":20.0},{"not_picked":["Quick Slash+1","Venomology"],"picked":"Well Laid Plans+1","floor":24.0},{"not_picked":["Well Laid Plans+1","Crippling Poison"],"picked":"Cloak And Dagger","floor":27.0},{"not_picked":["Acrobatics","Blade Dance"],"picked":"Cloak And Dagger+1","floor":29.0},{"not_picked":["Choke","Bane"],"picked":"Noxious Fumes+1","floor":30.0},{"not_picked":["Dagger Spray","Blur"],"picked":"Backflip","floor":31.0},{"not_picked":["Storm of Steel","Venomology"],"picked":"Burst","floor":33.0},{"not_picked":["Underhanded Strike","Slice+1"],"picked":"Sucker Punch+1","floor":34.0},{"not_picked":["Deflect","Bane"],"picked":"Dagger Throw","floor":35.0},{"not_picked":["Underhanded Strike","Outmaneuver+1"],"picked":"Dagger Throw","floor":38.0},{"not_picked":["Prepared","Masterful Stab+1","Dodge and Roll"],"picked":"SKIP","floor":41.0},{"not_picked":["Calculated Gamble+1","All Out Attack"],"picked":"Cloak And Dagger","floor":42.0},{"not_picked":["Calculated Gamble+1","Dagger Spray"],"picked":"Dagger Throw","floor":45.0}],"player_experience":187988,"relics_obtained":[{"floor":6.0,"key":"Happy Flower"},{"floor":9.0,"key":"Pantograph"},{"floor":13.0,"key":"Frozen Egg 2"},{"floor":14.0,"key":"Ancient Tea Set"},{"floor":24.0,"key":"Girya"},{"floor":26.0,"key":"Kunai"},{"floor":42.0,"key":"Toxic Egg 2"},{"floor":43.0,"key":"Smiling Mask"}],"event_choices":[{"event_name":"Big Fish","player_choice":"Donut","floor":3.0,"damage_taken":0.0},{"event_name":"The Cleric","player_choice":"Leave","floor":5.0,"damage_taken":0.0},{"event_name":"Dead Adventurer","player_choice":"Searched \u00272\u0027 times","floor":14.0,"damage_taken":0.0},{"event_name":"N\u0027loth","player_choice":"Traded a Pantograph","floor":19.0,"damage_taken":0.0},{"event_name":"Nest","player_choice":"Stole From Cult","floor":22.0,"damage_taken":0.0},{"event_name":"Wheel of Change","player_choice":"Relic","floor":37.0,"damage_taken":0.0},{"event_name":"The Lab","player_choice":"Got Potions","floor":39.0,"damage_taken":0.0}],"is_beta":false,"boss_relics":[{"not_picked":["Snecko Eye","Calling Bell"],"picked":"HoveringKite"},{"not_picked":["Fusion Hammer","Velvet Choker"],"picked":"Tiny House"}],"items_purged_floors":[21,36],"is_endless":false,"potions_floor_spawned":[1,8,12,13,14,14,18,20,29,30,31,38,41],"ascension_level":1}