{"gold_per_floor":[109,109,129,142,142,175,175,192,192,202,50,50,66,77,77,77],"floor_reached":16,"playtime":444,"items_purged":["Decay"],"score":208,"play_id":"6096d8b8-7755-4853-a6cd-d1adcb7300cc","local_time":"20190520222842","is_ascension_mode":true,"campfire_choices":[{"data":"Bash","floor":7,"key":"SMITH"},{"data":"Carnage","floor":12,"key":"SMITH"},{"data":"Armaments","floor":15,"key":"SMITH"}],"neow_cost":"PERCENT_DAMAGE","seed_source_timestamp":363356799658100,"circlet_count":0,"master_deck":["AscendersBane","Strike_R","Strike_R","Strike_R","Strike_R","Strike_R","Defend_R","Defend_R","Defend_R","Defend_R","Bash+1","Carnage+1","Pommel Strike","Iron Wave","Dropkick","Feed","Armaments+1","Sentinel","Inflame","Battle Trance"],"relics":["Burning Blood","Magic Flower","Dream Catcher","Strawberry"],"potions_floor_usage":[6,13,16],"damage_taken":[{"damage":9,"enemies":"Jaw Worm","floor":1,"turns":5},{"damage":7,"enemies":"Small Slimes","floor":3,"turns":3},{"damage":1,"enemies":"Cultist","floor":4,"turns":3},{"damage":24,"enemies":"3 Sentries","floor":6,"turns":8},{"damage":16,"enemies":"Red Slaver","floor":8,"turns":3},{"damage":11,"enemies":"Blue Slaver","floor":10,"turns":4},{"damage":15,"enemies":"Gremlin Gang","floor":13,"turns":5},{"damage":10,"enemies":"2 Fungi Beasts","floor":14,"turns":4},{"damage":46,"enemies":"Hexaghost","floor":16,"turns":9}],"seed_played":"3154224613000084737","potions_obtained":[{"floor":1,"key":"SkillPotion"},{"floor":4,"key":"Fire Potion"},{"floor":14,"key":"GamblersBrew"}],"is_trial":false,"path_per_floor":["M","?","M","M","?","E","R","M","T","M","$","R","M","M","R","B"],"character_chosen":"IRONCLAD","items_purchased":["Sentinel"],"campfire_rested":0,"item_purchase_floors":[11],"current_hp_per_floor":[50,50,52,60,60,45,45,38,45,43,43,43,42,41,41,0],"gold":77,"neow_bonus":"ONE_RARE_RELIC","is_prod":false,"is_daily":false,"chose_seed":false,"campfire_upgraded":3,"win_rate":0,"timestamp":1558387722,"path_taken":["M","?","M","M","?","E","R","M","T","?","?","R","M","M","R","BOSS"],"build_version":"2019-01-23","purchased_purges":1,"victory":false,"max_hp_per_floor":[75,75,75,75,75,75,75,75,82,82,82,82,85,85,85,85],"card_choices":[{"not_picked":["Reckless Charge","Iron Wave"],"picked":"Carnage","floor":1},{"not_picked":["Twin Strike","True Grit"],"picked":"Pommel Strike","floor":3},{"not_picked":["Thunderclap","Heavy Blade"],"picked":"Iron Wave","floor":4},{"not_picked":["Iron Wave","Flex"],"picked":"Dropkick","floor":6},{"not_picked":["Rupture","Whirlwind"],"picked":"Feed","floor":8},{"not_picked":["Power Through","Warcry"],"picked":"Armaments","floor":10},{"not_picked":["Shrug It Off","Flex"],"picked":"Inflame","floor":13},{"not_picked":["Anger","Body Slam"],"picked":"Battle Trance","floor":14}],"player_experience":1370307,"relics_obtained":[{"floor":6,"key":"Dream Catcher"},{"floor":9,"key":"Strawberry"}],"event_choices":[{"damage_healed":0,"gold_gain":0,"player_choice":"Ignored","damage_taken":0,"max_hp_gain":0,"max_hp_loss":0,"event_name":"Liars Game","floor":2,"gold_loss":0},{"damage_healed":0,"gold_gain":0,"player_choice":"Cursed","damage_taken":0,"max_hp_gain":0,"max_hp_loss":0,"event_name":"Wheel of Change","floor":5,"gold_loss":0,"cards_obtained":["Decay"]}],"is_beta":false,"boss_relics":[],"items_purged_floors":[11],"is_endless":false,"potions_floor_spawned":[1,4,14],"killed_by":"Hexaghost","ascension_level":20}