{"gold_per_floor":[114,129,142,5,5,67,67,84,84,96,96,431,431,443,443,443],"floor_reached":16,"playtime":808,"items_purged":[],"score":137,"play_id":"bd3e8862-6a2e-4d4a-8d2d-b8f075213f69","local_time":"20180707143911","is_ascension_mode":false,"campfire_choices":[{"floor":11,"key":"REST"},{"floor":15,"key":"REST"}],"neow_cost":"NONE","seed_source_timestamp":5886468282135630,"circlet_count":0,"master_deck":["Strike_R","Strike_R","Strike_R","Strike_R","Defend_R","Defend_R","Defend_R","Defend_R","Bash","Pommel Strike","Clothesline","Rampage","Feed","Combust","Heavy Blade","Thunderclap","Cleave","Whirlwind","Pummel"],"relics":["Burning Blood","Tiny Chest","Self Forming Clay","Old Coin"],"potions_floor_usage":[],"damage_taken":[{"damage":10,"enemies":"Cultist","floor":1,"turns":4},{"damage":0,"enemies":"2 Louse","floor":2,"turns":3},{"damage":7,"enemies":"Small Slimes","floor":3,"turns":3},{"damage":30,"enemies":"Lagavulin","floor":6,"turns":8},{"damage":22,"enemies":"Exordium Wildlife","floor":8,"turns":5},{"damage":10,"enemies":"2 Fungi Beasts","floor":10,"turns":4},{"damage":20,"enemies":"3 Sentries","floor":12,"turns":9},{"damage":16,"enemies":"Exordium Thugs","floor":14,"turns":4},{"damage":94,"enemies":"Hexaghost","floor":16,"turns":11}],"seed_played":"-4678672109323996105","potions_obtained":[{"floor":6,"key":"Strength Potion"},{"floor":8,"key":"Energy Potion"},{"floor":14,"key":"AttackPotion"}],"is_trial":false,"path_per_floor":["M","M","M","$","?","E","$","M","T","M","R","E","?","M","R"],"character_chosen":"IRONCLAD","items_purchased":["Feed"],"campfire_rested":2,"item_purchase_floors":[4],"current_hp_per_floor":[84,88,87,87,87,63,63,50,50,49,77,66,66,59,89,0],"gold":443,"neow_bonus":"TEN_PERCENT_HP_BONUS","is_prod":false,"is_daily":false,"chose_seed":false,"campfire_upgraded":0,"win_rate":0.0,"timestamp":1530988751,"path_taken":["M","?","M","?","?","E","$","M","T","M","R","E","?","M","R","BOSS"],"build_version":"2018-07-05","purchased_purges":0,"victory":false,"max_hp_per_floor":[88,88,88,88,88,88,88,91,91,94,94,97,97,100,100,100],"card_choices":[{"not_picked":["Iron Wave","True Grit"],"picked":"Pommel Strike","floor":1},{"not_picked":["Power Through","Corruption"],"picked":"Clothesline","floor":2},{"not_picked":["Warcry","Cleave"],"picked":"Rampage","floor":3},{"not_picked":["Bludgeon","Feel No Pain"],"picked":"Combust","floor":6},{"not_picked":["Perfected Strike","Second Wind"],"picked":"Heavy Blade","floor":8},{"not_picked":["Anger","Twin Strike"],"picked":"Thunderclap","floor":10},{"not_picked":["Shockwave","Carnage"],"picked":"Cleave","floor":12},{"not_picked":["Iron Wave","Body Slam"],"picked":"Pummel","floor":14}],"player_experience":86244,"relics_obtained":[{"floor":6,"key":"Tiny Chest"},{"floor":9,"key":"Self Forming Clay"},{"floor":12,"key":"Old Coin"}],"event_choices":[{"event_name":"Shining Light","player_choice":"Ignored","floor":5,"damage_taken":0},{"event_name":"Living Wall","player_choice":"Change","floor":13,"damage_taken":0}],"boss_relics":[],"items_purged_floors":[],"is_endless":false,"potions_floor_spawned":[6,8,14],"killed_by":"Hexaghost","ascension_level":0}