{"gold_per_floor":[109,109,109,34,48,48,79,93,93,121,131,131,131,160,160,160],"floor_reached":16,"playtime":426,"items_purged":["Strike_R"],"score":236,"play_id":"c9c81018-9e9b-48f8-95cc-c7ee552df6b1","local_time":"20190707115132","is_ascension_mode":true,"campfire_choices":[{"data":"Reaper","floor":6,"key":"SMITH"},{"floor":12,"key":"REST"},{"data":"Inflame","floor":15,"key":"SMITH"}],"neow_cost":"NONE","seed_source_timestamp":352080378738000,"circlet_count":0,"master_deck":["AscendersBane","Strike_R","Strike_R","Strike_R+1","Defend_R","Defend_R","Defend_R","Defend_R+1","Bash+1","Reaper+1","Dropkick","Inflame+1","Twin Strike","Shrug It Off","True Grit","Headbutt"],"relics":["Burning Blood","The Courier","Lantern","Pen Nib","Bottled Lightning"],"potions_floor_usage":[11,11],"damage_taken":[{"damage":2,"enemies":"2 Louse","floor":1,"turns":3},{"damage":7,"enemies":"Jaw Worm","floor":5,"turns":3},{"damage":41,"enemies":"Lagavulin","floor":7,"turns":6},{"damage":6,"enemies":"Cultist","floor":8,"turns":4},{"damage":32,"enemies":"Gremlin Nob","floor":10,"turns":4},{"damage":4,"enemies":"Large Slime","floor":11,"turns":5},{"damage":28,"enemies":"3 Sentries","floor":14,"turns":8},{"damage":0,"enemies":"Slime Boss","floor":16,"turns":1}],"seed_played":"5069088736870279241","potions_obtained":[{"floor":7,"key":"Energy Potion"},{"floor":10,"key":"GamblersBrew"}],"is_trial":false,"path_per_floor":["M","?","?","$","M","R","E","M","T","E","M","R","?","E","R","B"],"character_chosen":"IRONCLAD","items_purchased":[],"campfire_rested":1,"item_purchase_floors":[],"current_hp_per_floor":[75,75,52,52,51,51,20,27,27,8,10,32,25,45,45,45],"gold":160,"neow_bonus":"ONE_RANDOM_RARE_CARD","is_prod":false,"is_daily":false,"chose_seed":false,"campfire_upgraded":2,"win_rate":0,"timestamp":1562496692,"path_taken":["M","?","?","?","M","R","E","?","T","E","M","R","?","E","R","BOSS"],"build_version":"2019-07-05","purchased_purges":1,"victory":false,"max_hp_per_floor":[75,75,75,75,75,75,75,75,75,75,75,75,75,75,75,75],"card_choices":[{"not_picked":["Perfected Strike","Flex"],"picked":"Dropkick","floor":1},{"not_picked":["Searing Blow","Warcry","Clash"],"picked":"SKIP","floor":5},{"not_picked":["Clash","Battle Trance"],"picked":"Inflame","floor":7},{"not_picked":["Headbutt","Intimidate"],"picked":"Twin Strike","floor":8},{"not_picked":["Armaments","Anger"],"picked":"Shrug It Off","floor":10},{"not_picked":["Clash","Perfected Strike"],"picked":"True Grit","floor":11},{"not_picked":["Flex","Clash"],"picked":"Headbutt","floor":14}],"player_experience":1541074,"relics_obtained":[{"floor":7,"key":"The Courier"},{"floor":9,"key":"Lantern"},{"floor":10,"key":"Pen Nib"},{"floor":14,"key":"Bottled Lightning"}],"event_choices":[{"damage_healed":0,"gold_gain":0,"player_choice":"Grow","damage_taken":0,"max_hp_gain":0,"max_hp_loss":0,"event_name":"Living Wall","floor":2,"gold_loss":0,"cards_upgraded":["Bash"]},{"damage_healed":0,"gold_gain":0,"player_choice":"Entered Light","damage_taken":23,"max_hp_gain":0,"max_hp_loss":0,"event_name":"Shining Light","floor":3,"gold_loss":0,"cards_upgraded":["Strike_R","Defend_R"]},{"cards_removed":["Strike_R"],"damage_healed":0,"gold_gain":0,"player_choice":"Card Removal","damage_taken":7,"max_hp_gain":0,"max_hp_loss":0,"event_name":"Golden Wing","floor":13,"gold_loss":0}],"is_beta":false,"boss_relics":[],"items_purged_floors":[4],"is_endless":false,"potions_floor_spawned":[7,10],"killed_by":"Slime Boss","ascension_level":20}