{"gold_per_floor":[110,110,110,185,210,210,242,262,313,101,101,101,101,126,126,126],"floor_reached":16,"playtime":248,"items_purged":["Strike_B"],"score":242,"play_id":"d3bb2e16-f426-4433-bb97-b37e4125f9f4","local_time":"20190525201143","is_ascension_mode":true,"campfire_choices":[{"data":"Zap","floor":6,"key":"SMITH"},{"floor":13,"key":"REST"},{"data":"Glacier","floor":15,"key":"SMITH"}],"neow_cost":"NONE","seed_source_timestamp":6589707650400,"circlet_count":0,"master_deck":["AscendersBane","Strike_B","Strike_B","Strike_B+1","Defend_B","Defend_B+1","Defend_B+1","Defend_B","Zap+1","Dualcast+1","Rip and Tear","Rebound","Glacier+1","Chill"],"relics":["Cracked Core","NeowsBlessing","Smiling Mask","Ornamental Fan","War Paint","Regal Pillow","Blue Candle","Golden Idol"],"potions_floor_usage":[],"damage_taken":[{"damage":0,"enemies":"Jaw Worm","floor":1,"turns":1},{"damage":0,"enemies":"Lagavulin","floor":7,"turns":1},{"damage":0,"enemies":"Small Slimes","floor":8,"turns":1},{"damage":0,"enemies":"2 Louse","floor":14,"turns":4},{"damage":56,"enemies":"Hexaghost","floor":16,"turns":14}],"seed_played":"5708955505668935642","potions_obtained":[{"floor":1,"key":"Weak Potion"},{"floor":8,"key":"FocusPotion"}],"is_trial":false,"path_per_floor":["M","?","?","?","T","R","E","M","T","$","?","?","R","M","R","B"],"character_chosen":"DEFECT","items_purchased":["Regal Pillow"],"campfire_rested":1,"item_purchase_floors":[10],"current_hp_per_floor":[64,43,48,37,37,37,37,37,37,37,19,19,54,54,54,0],"gold":126,"neow_bonus":"THREE_ENEMY_KILL","is_prod":false,"is_daily":false,"chose_seed":false,"campfire_upgraded":2,"win_rate":0,"timestamp":1558811503,"path_taken":["M","?","?","?","?","R","E","?","T","$","?","?","R","M","R","BOSS"],"build_version":"2019-01-23","purchased_purges":1,"victory":false,"max_hp_per_floor":[71,71,76,76,76,76,76,76,76,76,76,69,69,69,69,69],"card_choices":[{"not_picked":["Static Discharge","Beam Cell"],"picked":"Rip and Tear","floor":1},{"not_picked":["Reinforced Body","Conserve Battery"],"picked":"Rebound","floor":7},{"not_picked":["Stack","Go for the Eyes"],"picked":"Glacier","floor":8},{"not_picked":["Creative AI","Coolheaded"],"picked":"Chill","floor":14}],"player_experience":1399192,"relics_obtained":[{"floor":5,"key":"Smiling Mask"},{"floor":7,"key":"Ornamental Fan"},{"floor":9,"key":"War Paint"}],"event_choices":[{"damage_healed":0,"gold_gain":0,"player_choice":"Entered Light","damage_taken":21,"max_hp_gain":0,"max_hp_loss":0,"event_name":"Shining Light","floor":2,"gold_loss":0,"cards_upgraded":["Defend_B","Strike_B"]},{"damage_healed":0,"gold_gain":0,"player_choice":"Donut","damage_taken":0,"max_hp_gain":5,"max_hp_loss":0,"event_name":"Big Fish","floor":3,"gold_loss":0},{"damage_healed":0,"gold_gain":75,"player_choice":"Gather Gold","damage_taken":11,"max_hp_gain":0,"max_hp_loss":0,"event_name":"World of Goop","floor":4,"gold_loss":0},{"damage_healed":0,"gold_gain":0,"player_choice":"Success","damage_taken":18,"relics_obtained":["Blue Candle"],"max_hp_gain":0,"max_hp_loss":0,"event_name":"Scrap Ooze","floor":11,"gold_loss":0},{"damage_healed":0,"gold_gain":0,"player_choice":"Lose Max HP","damage_taken":0,"relics_obtained":["Golden Idol"],"max_hp_gain":0,"max_hp_loss":7,"event_name":"Golden Idol","floor":12,"gold_loss":0}],"is_beta":false,"boss_relics":[],"items_purged_floors":[10],"is_endless":false,"potions_floor_spawned":[1,8],"killed_by":"Hexaghost","ascension_level":20}