{"gold_per_floor":[119,134,94,114,134,134,148,165,165,197,207,207,53,63,63,63],"floor_reached":16,"playtime":512,"items_purged":[],"score":212,"play_id":"a68ca8c7-2302-46a6-ac51-87c326b62d99","local_time":"20190710221424","is_ascension_mode":true,"campfire_choices":[{"data":"Dualcast","floor":6.0,"key":"SMITH"},{"floor":12.0,"key":"REST"},{"data":"Defragment","floor":15.0,"key":"SMITH"}],"neow_cost":"NONE","seed_source_timestamp":51255963152700,"circlet_count":0,"master_deck":["AscendersBane","Strike_B","Strike_B","Strike_B","Defend_B","Defend_B","Defend_B","Zap","Dualcast+1","Cold Snap","Sunder","Rip and Tear","Cold Snap","Defragment+1","Coolheaded","Sweeping Beam","Core Surge","Coolheaded"],"special_seed":0,"relics":["Empty Cage","Letter Opener","Frozen Egg 2"],"potions_floor_usage":[16,16],"damage_taken":[{"damage":9.0,"enemies":"2 Louse","floor":1.0,"turns":4.0},{"damage":0.0,"enemies":"Cultist","floor":2.0,"turns":4.0},{"damage":3.0,"enemies":"Small Slimes","floor":4.0,"turns":2.0},{"damage":10.0,"enemies":"Looter","floor":5.0,"turns":3.0},{"damage":0.0,"enemies":"3 Louse","floor":7.0,"turns":2.0},{"damage":14.0,"enemies":"2 Fungi Beasts","floor":8.0,"turns":3.0},{"damage":14.0,"enemies":"Gremlin Nob","floor":10.0,"turns":6.0},{"damage":0.0,"enemies":"Large Slime","floor":11.0,"turns":6.0},{"damage":9.0,"enemies":"Exordium Thugs","floor":14.0,"turns":3.0},{"damage":48,"enemies":"Hexaghost","floor":16,"turns":11}],"seed_played":"-421574455023559246","potions_obtained":[{"floor":2.0,"key":"Regen Potion"},{"floor":3.0,"key":"Fruit Juice"},{"floor":3.0,"key":"SkillPotion"},{"floor":11.0,"key":"FearPotion"}],"is_trial":false,"path_per_floor":["M","M","?","M","M","R","M","M","T","E","M","R","$","M","R","B"],"character_chosen":"DEFECT","items_purchased":["Core Surge"],"campfire_rested":1,"item_purchase_floors":[13],"current_hp_per_floor":[55,55,60,57,47,47,47,33,33,19,19,41,41,32,32,0],"gold":63,"neow_bonus":"BOSS_RELIC","is_prod":false,"is_daily":false,"chose_seed":false,"campfire_upgraded":2,"win_rate":0,"timestamp":1562822064,"path_taken":["M","M","?","?","?","R","M","M","T","E","M","R","$","?","R","BOSS"],"build_version":"2019-07-05","purchased_purges":0,"victory":false,"max_hp_per_floor":[71,71,76,76,76,76,76,76,76,76,76,76,76,76,76,76],"card_choices":[{"not_picked":["Barrage","Stack"],"picked":"Cold Snap","floor":1.0},{"not_picked":["Compile Driver","Darkness"],"picked":"Sunder","floor":2.0},{"not_picked":["Coolheaded","Streamline"],"picked":"Rip and Tear","floor":4.0},{"not_picked":["Leap","Conserve Battery"],"picked":"Cold Snap","floor":5.0},{"not_picked":["Ball Lightning","Melter"],"picked":"Defragment","floor":7.0},{"not_picked":["Sunder","Go for the Eyes"],"picked":"Coolheaded","floor":8.0},{"not_picked":["Stack","Recycle","Hyperbeam"],"picked":"SKIP","floor":10.0},{"not_picked":["Sunder","Gash"],"picked":"Sweeping Beam","floor":11.0},{"not_picked":["Consume","Hologram"],"picked":"Coolheaded","floor":14.0}],"player_experience":1263905,"relics_obtained":[{"floor":9.0,"key":"Letter Opener"},{"floor":10.0,"key":"Frozen Egg 2"}],"event_choices":[{"damage_healed":0.0,"max_hp_gain":0.0,"max_hp_loss":0.0,"gold_gain":0.0,"event_name":"The Woman in Blue","player_choice":"Bought 3 Potions","floor":3.0,"gold_loss":0.0,"damage_taken":0.0}],"is_beta":false,"boss_relics":[],"items_purged_floors":[],"is_endless":false,"potions_floor_spawned":[2,8,11],"killed_by":"Hexaghost","ascension_level":20}