{"gold_per_floor":[116,135,135,150,167,167,199,199,199,214,242,252,252,252,252,349,349,336,212,226,226],"floor_reached":21,"playtime":714,"items_purged":["Strike_R"],"score":201,"play_id":"66c344c3-d796-4795-967d-0d50bc06bdd5","local_time":"20181208005851","is_ascension_mode":true,"campfire_choices":[{"data":"Bash","floor":6,"key":"SMITH"},{"data":"Limit Break","floor":8,"key":"SMITH"},{"data":"Flex","floor":13,"key":"SMITH"},{"data":"Armaments","floor":15,"key":"SMITH"}],"neow_cost":"NONE","seed_source_timestamp":556813453298379,"circlet_count":0,"master_deck":["Defend_R","Defend_R","Defend_R","Defend_R","Bash+1","Reaper","Headbutt","Flex+1","Armaments+1","Sword Boomerang","Limit Break+1","Armaments+1","Heavy Blade","Inflame","Berserk","Clothesline+1","True Grit+1","Uppercut+1","Cleave"],"relics":["Burning Blood","Charon\u0027s Ashes","Sundial","Matryoshka","Astrolabe"],"potions_floor_usage":[7,16,21],"damage_taken":[{"damage":8,"enemies":"Jaw Worm","floor":1,"turns":5},{"damage":6,"enemies":"Cultist","floor":2,"turns":3},{"damage":10,"enemies":"Small Slimes","floor":4,"turns":4},{"damage":16,"enemies":"2 Fungi Beasts","floor":5,"turns":4},{"damage":17,"enemies":"Gremlin Nob","floor":7,"turns":4},{"damage":16,"enemies":"Lots of Slimes","floor":10,"turns":5},{"damage":17,"enemies":"3 Sentries","floor":11,"turns":6},{"damage":0,"enemies":"Large Slime","floor":12,"turns":3},{"damage":5,"enemies":"Slime Boss","floor":16,"turns":9},{"damage":32,"enemies":"2 Thieves","floor":18,"turns":4},{"damage":27,"enemies":"Spheric Guardian","floor":20,"turns":7},{"damage":40,"enemies":"Centurion and Healer","floor":21,"turns":6}],"seed_played":"-1264851454773017508","potions_obtained":[{"floor":4,"key":"Energy Potion"},{"floor":5,"key":"Block Potion"},{"floor":7,"key":"Fire Potion"},{"floor":10,"key":"Block Potion"},{"floor":18,"key":"Dexterity Potion"}],"is_trial":false,"path_per_floor":["M","M","?","M","M","R","E","R","T","M","E","M","R","?","R","B",null,"M","$","M","M"],"character_chosen":"IRONCLAD","items_purchased":["Cleave"],"campfire_rested":0,"item_purchase_floors":[19],"current_hp_per_floor":[79,79,79,75,70,70,68,68,68,67,69,75,75,75,75,80,80,54,54,33,0],"gold":226,"neow_bonus":"ONE_RANDOM_RARE_CARD","is_prod":false,"is_daily":false,"chose_seed":false,"campfire_upgraded":4,"win_rate":0,"timestamp":1544248731,"path_taken":["M","M","?","M","M","R","E","R","T","?","E","M","R","?","R","BOSS","M","$","M","M"],"build_version":"2018-12-06","purchased_purges":1,"victory":false,"max_hp_per_floor":[80,80,80,80,80,80,80,80,80,80,80,80,80,80,80,80,80,80,80,80,80],"card_choices":[{"not_picked":["Thunderclap","Ghostly Armor"],"picked":"Headbutt","floor":1},{"not_picked":["Sentinel","Warcry"],"picked":"Flex","floor":2},{"not_picked":["Havoc","Clothesline"],"picked":"Armaments","floor":4},{"not_picked":["Thunderclap","Second Wind"],"picked":"Sword Boomerang","floor":5},{"not_picked":["Pummel","Dual Wield"],"picked":"Limit Break","floor":7},{"not_picked":["Body Slam","Sever Soul"],"picked":"Armaments","floor":10},{"not_picked":["Exhume","Headbutt"],"picked":"Heavy Blade","floor":11},{"not_picked":["Carnage","Headbutt"],"picked":"Inflame","floor":12},{"not_picked":["Barricade","Brutality"],"picked":"Berserk","floor":16},{"not_picked":["Sentinel","Havoc","Warcry"],"picked":"SKIP","floor":18},{"not_picked":["Power Through","Dual Wield","Corruption"],"picked":"SKIP","floor":20}],"player_experience":490748,"relics_obtained":[{"floor":7,"key":"Charon\u0027s Ashes"},{"floor":9,"key":"Sundial"},{"floor":11,"key":"Matryoshka"}],"event_choices":[{"cards_removed":["Strike_R"],"damage_healed":0,"gold_gain":0,"player_choice":"Offered Basic","damage_taken":0,"max_hp_gain":0,"max_hp_loss":0,"event_name":"Bonfire Elementals","floor":3,"gold_loss":0},{"damage_healed":0,"gold_gain":0,"player_choice":"Grow","damage_taken":0,"max_hp_gain":0,"max_hp_loss":0,"event_name":"Living Wall","floor":14,"gold_loss":0,"cards_upgraded":["Armaments"]}],"is_beta":false,"boss_relics":[{"not_picked":["Runic Pyramid","Mark of Pain"],"picked":"Astrolabe"}],"items_purged_floors":[19],"is_endless":false,"potions_floor_spawned":[4,5,7,10,11,18],"killed_by":"Centurion and Healer","ascension_level":1}