{"gold_per_floor":[111,111,111,122,38,38,38,67,67,67],"floor_reached":10,"playtime":178,"items_purged":[],"score":128,"play_id":"78e612f9-555d-4b1a-9c53-8e3115f5d210","local_time":"20190421212332","is_ascension_mode":true,"campfire_choices":[{"data":"Noxious Fumes","floor":6,"key":"SMITH"}],"neow_cost":"NONE","seed_source_timestamp":10480152152168344,"circlet_count":0,"master_deck":["AscendersBane","Defend_G","Defend_G","Defend_G","Defend_G","Defend_G","Strike_G","Strike_G","Strike_G","Strike_G","Strike_G","Survivor","Neutralize+1","Flying Knee","Flying Knee","Noxious Fumes+1","Cloak And Dagger"],"relics":["Ring of the Snake","Pear","Bag of Marbles","Bottled Lightning"],"potions_floor_usage":[],"damage_taken":[{"damage":0,"enemies":"Cultist","floor":1,"turns":5},{"damage":11,"enemies":"2 Louse","floor":4,"turns":3},{"damage":29,"enemies":"Lagavulin","floor":8,"turns":9},{"damage":19,"enemies":"Gremlin Nob","floor":10,"turns":3}],"seed_played":"-4830389569046397179","potions_obtained":[{"floor":4,"key":"SneckoOil"}],"is_trial":false,"path_per_floor":["M","?","?","M","$","R","?","E","T","E"],"character_chosen":"THE_SILENT","items_purchased":["Noxious Fumes"],"campfire_rested":0,"item_purchase_floors":[5],"current_hp_per_floor":[59,59,59,48,48,48,47,18,18,0],"gold":67,"neow_bonus":"THREE_CARDS","is_prod":false,"is_daily":false,"chose_seed":false,"campfire_upgraded":1,"win_rate":0,"timestamp":1555896212,"path_taken":["M","?","?","M","$","R","?","E","T","E"],"build_version":"2019-01-23","purchased_purges":0,"victory":false,"max_hp_per_floor":[66,66,66,66,66,66,76,76,76,76],"card_choices":[{"not_picked":["Quick Slash","Slice"],"picked":"Flying Knee","floor":0},{"not_picked":["Outmaneuver","Backflip"],"picked":"Flying Knee","floor":1},{"not_picked":["Slice","Underhanded Strike","Acrobatics"],"picked":"SKIP","floor":4},{"not_picked":["Acrobatics","Distraction"],"picked":"Cloak And Dagger","floor":8}],"player_experience":653744,"relics_obtained":[{"floor":8,"key":"Bag of Marbles"},{"floor":9,"key":"Bottled Lightning"}],"event_choices":[{"damage_healed":0,"gold_gain":0,"player_choice":"Ignored","damage_taken":0,"max_hp_gain":0,"max_hp_loss":0,"event_name":"Shining Light","floor":2,"gold_loss":0},{"damage_healed":0,"gold_gain":0,"player_choice":"Grow","damage_taken":0,"max_hp_gain":0,"max_hp_loss":0,"event_name":"Living Wall","floor":3,"gold_loss":0,"cards_upgraded":["Neutralize"]},{"damage_healed":0,"gold_gain":0,"player_choice":"Success","damage_taken":11,"relics_obtained":["Pear"],"max_hp_gain":0,"max_hp_loss":0,"event_name":"Scrap Ooze","floor":7,"gold_loss":0}],"is_beta":false,"boss_relics":[],"items_purged_floors":[],"is_endless":false,"potions_floor_spawned":[4],"killed_by":"Gremlin Nob","ascension_level":20}