{"gold_per_floor":[217,230,70,84,39,39,53,53,105,117,129,174,216,259,271,283],"floor_reached":16,"playtime":526,"items_purged":[],"score":216,"play_id":"524ce5cb-383f-428f-920e-194834a4a821","local_time":"20190628173149","is_ascension_mode":true,"campfire_choices":[{"data":"Bash","floor":6.0,"key":"SMITH"},{"data":"Pommel Strike","floor":8.0,"key":"SMITH"},{"data":"Shrug It Off","floor":11.0,"key":"SMITH"},{"data":"Uppercut","floor":15,"key":"SMITH"}],"neow_cost":"NONE","seed_source_timestamp":0,"circlet_count":0,"master_deck":["AscendersBane","Strike_R","Strike_R","Strike_R","Strike_R","Defend_R","Defend_R","Defend_R","Defend_R","Bash+1","Pommel Strike+1","Shrug It Off+1","Uppercut+1","Inflame"],"special_seed":0,"relics":["Burning Blood","Red Skull","MawBank","Juzu Bracelet","Pantograph","PreservedInsect"],"potions_floor_usage":[16],"damage_taken":[{"damage":2.0,"enemies":"2 Louse","floor":1.0,"turns":4.0},{"damage":14.0,"enemies":"Jaw Worm","floor":2.0,"turns":5.0},{"damage":1.0,"enemies":"Cultist","floor":4.0,"turns":3.0},{"damage":9.0,"enemies":"Red Slaver","floor":7.0,"turns":4.0},{"damage":20.0,"enemies":"Gremlin Nob","floor":12.0,"turns":4.0},{"damage":35,"enemies":"3 Sentries","floor":14,"turns":10},{"damage":41,"enemies":"The Guardian","floor":16,"turns":16}],"seed_played":"4810977045126244422","potions_obtained":[{"floor":1.0,"key":"SpeedPotion"},{"floor":4.0,"key":"Block Potion"}],"is_trial":false,"path_per_floor":["M","M","$","M","?","R","M","R","T","?","R","E","?","E","R","B"],"character_chosen":"IRONCLAD","items_purchased":["Red Skull"],"campfire_rested":0,"item_purchase_floors":[3],"current_hp_per_floor":[72,64,64,69,69,69,66,66,66,59,59,45,45,16,16,0],"gold":283,"neow_bonus":"HUNDRED_GOLD","is_prod":false,"is_daily":false,"chose_seed":false,"campfire_upgraded":4,"win_rate":0,"timestamp":1561757509,"path_taken":["M","M","$","M","?","R","M","R","T","?","R","E","?","E","R","BOSS"],"build_version":"2019-01-23","purchased_purges":0,"victory":false,"max_hp_per_floor":[75,75,75,75,75,75,75,75,75,75,75,75,75,75,75,75],"card_choices":[{"not_picked":["Infernal Blade","Havoc","Thunderclap"],"picked":"SKIP","floor":1.0},{"not_picked":["Body Slam","Sentinel"],"picked":"Pommel Strike","floor":2.0},{"not_picked":["Warcry","Thunderclap","Blood for Blood"],"picked":"SKIP","floor":4.0},{"not_picked":["Bloodletting","Warcry"],"picked":"Shrug It Off","floor":7.0},{"not_picked":["Headbutt","Intimidate"],"picked":"Uppercut","floor":12.0},{"not_picked":["Hemokinesis","Corruption"],"picked":"Inflame","floor":14}],"player_experience":801558,"relics_obtained":[{"floor":9.0,"key":"MawBank"},{"floor":12.0,"key":"Juzu Bracelet"},{"floor":14,"key":"PreservedInsect"}],"event_choices":[{"damage_healed":0.0,"max_hp_gain":0.0,"max_hp_loss":0.0,"gold_gain":0.0,"event_name":"World of Goop","player_choice":"Left Gold","floor":5.0,"gold_loss":45.0,"damage_taken":0.0},{"cards_removed":["Strike_R"],"damage_healed":0.0,"max_hp_gain":0.0,"max_hp_loss":0.0,"gold_gain":0.0,"event_name":"Golden Wing","player_choice":"Card Removal","floor":10.0,"gold_loss":0.0,"damage_taken":7.0},{"damage_healed":0.0,"max_hp_gain":0.0,"max_hp_loss":0.0,"gold_gain":30.0,"event_name":"Dead Adventurer","player_choice":"Searched \u00272\u0027 times","floor":13.0,"gold_loss":0.0,"damage_taken":0.0,"relics_obtained":["Pantograph"]}],"is_beta":false,"boss_relics":[],"items_purged_floors":[],"is_endless":false,"potions_floor_spawned":[1,4],"killed_by":"The Guardian","ascension_level":20}