{"gold_per_floor":[131,159,171,198,229,241,279,291,303,145,145,70,95,164,164,164],"floor_reached":16,"playtime":466,"items_purged":[],"score":185,"play_id":"817b5540-dce0-48fc-a3a3-67ffebdbdca5","local_time":"20190216173229","is_ascension_mode":true,"campfire_choices":[{"data":"Shockwave","floor":6,"key":"SMITH"},{"data":"Bash","floor":8,"key":"SMITH"},{"data":"Clothesline","floor":15,"key":"SMITH"}],"neow_cost":"NONE","seed_source_timestamp":4941511480557003,"circlet_count":0,"master_deck":["AscendersBane","Strike_R","Strike_R","Strike_R","Strike_R","Defend_R","Defend_R","Defend_R","Defend_R","Bash+1","Clothesline+1","Pommel Strike","Iron Wave","Shockwave+1","Reaper","Battle Trance","Shrug It Off"],"relics":["Burning Blood","MawBank","The Courier","Pantograph","Paper Frog","Lee\u0027s Waffle","Golden Idol","Art of War"],"potions_floor_usage":[],"damage_taken":[{"damage":2,"enemies":"Cultist","floor":1,"turns":4},{"damage":16,"enemies":"Jaw Worm","floor":2,"turns":4},{"damage":0,"enemies":"2 Louse","floor":4,"turns":2},{"damage":25,"enemies":"Large Slime","floor":5,"turns":8},{"damage":26,"enemies":"Gremlin Nob","floor":7,"turns":5},{"damage":11,"enemies":"2 Fungi Beasts","floor":13,"turns":4},{"damage":47,"enemies":"3 Sentries","floor":14,"turns":10},{"damage":72,"enemies":"Slime Boss","floor":16,"turns":8}],"seed_played":"-4371476788306326709","potions_obtained":[{"floor":2,"key":"SpeedPotion"},{"floor":7,"key":"Energy Potion"}],"is_trial":false,"path_per_floor":["M","M","?","M","M","R","E","R","T","$","?","?","M","?","R","B"],"character_chosen":"IRONCLAD","items_purchased":["Lee\u0027s Waffle"],"campfire_rested":0,"item_purchase_floors":[10],"current_hp_per_floor":[72,62,57,63,44,44,24,24,24,82,54,54,63,43,43,0],"gold":164,"neow_bonus":"RANDOM_COMMON_RELIC","is_prod":false,"is_daily":false,"chose_seed":false,"campfire_upgraded":3,"win_rate":0,"timestamp":1550356349,"path_taken":["M","?","?","M","M","R","E","R","T","$","?","?","M","?","R","BOSS"],"build_version":"2019-01-23","purchased_purges":0,"victory":false,"max_hp_per_floor":[75,75,75,75,75,75,75,75,75,82,82,82,82,82,82,82],"card_choices":[{"not_picked":["Wild Strike","Disarm"],"picked":"Clothesline","floor":1},{"not_picked":["Body Slam","Inflame"],"picked":"Pommel Strike","floor":2},{"not_picked":["Heavy Blade","Sword Boomerang"],"picked":"Iron Wave","floor":4},{"not_picked":["True Grit","Inflame"],"picked":"Shockwave","floor":5},{"not_picked":["Metallicize","Clash"],"picked":"Reaper","floor":7},{"not_picked":["Pommel Strike","Heavy Blade"],"picked":"Battle Trance","floor":13},{"not_picked":["Perfected Strike","Clothesline"],"picked":"Shrug It Off","floor":14}],"player_experience":574344,"relics_obtained":[{"floor":7,"key":"Pantograph"},{"floor":9,"key":"Paper Frog"},{"floor":14,"key":"Art of War"}],"event_choices":[{"damage_healed":0,"gold_gain":0,"player_choice":"Success","damage_taken":5,"relics_obtained":["The Courier"],"max_hp_gain":0,"max_hp_loss":0,"event_name":"Scrap Ooze","floor":3,"gold_loss":0},{"damage_healed":0,"gold_gain":0,"player_choice":"Take Damage","damage_taken":28,"relics_obtained":["Golden Idol"],"max_hp_gain":0,"max_hp_loss":0,"event_name":"Golden Idol","floor":11,"gold_loss":0},{"cards_removed":["Strike_R"],"damage_healed":0,"gold_gain":0,"player_choice":"Card Removal","damage_taken":0,"max_hp_gain":0,"max_hp_loss":0,"event_name":"The Cleric","floor":12,"gold_loss":75},{"damage_healed":0,"gold_gain":0,"player_choice":"Searched \u00271\u0027 times","damage_taken":0,"max_hp_gain":0,"max_hp_loss":0,"event_name":"Dead Adventurer","floor":14,"gold_loss":0}],"is_beta":false,"boss_relics":[],"items_purged_floors":[],"is_endless":false,"potions_floor_spawned":[2,7],"killed_by":"Slime Boss","ascension_level":17}