{"gold_per_floor":[116,41,54,54,65,90,101,101,101,101,47,64,64,82,82,82],"floor_reached":16,"playtime":394,"items_purged":[],"score":204,"play_id":"417e82dd-f2d2-4ef3-8e1a-89f46eb09787","local_time":"20190228040527","is_ascension_mode":true,"campfire_choices":[{"floor":8,"key":"REST"},{"data":"A Thousand Cuts","floor":10,"key":"SMITH"},{"floor":15,"key":"REST"}],"neow_cost":"NONE","seed_source_timestamp":184427709818500,"circlet_count":0,"master_deck":["AscendersBane","Defend_G","Defend_G","Defend_G","Defend_G","Defend_G","Strike_G","Strike_G","Strike_G","Strike_G","Survivor","Neutralize","Dagger Spray","Escape Plan","Skewer+1","A Thousand Cuts+1","Backflip","Poisoned Stab","Blur"],"relics":["Ring of the Snake","NeowsBlessing","Orichalcum","Snake Skull"],"potions_floor_usage":[16],"damage_taken":[{"damage":0,"enemies":"Jaw Worm","floor":1,"turns":1},{"damage":0,"enemies":"Small Slimes","floor":3,"turns":1},{"damage":0,"enemies":"Cultist","floor":5,"turns":1},{"damage":58,"enemies":"Gremlin Nob","floor":6,"turns":6},{"damage":4,"enemies":"Blue Slaver","floor":7,"turns":7},{"damage":0,"enemies":"2 Fungi Beasts","floor":12,"turns":3},{"damage":4,"enemies":"Looter","floor":14,"turns":4},{"damage":38,"enemies":"Hexaghost","floor":16,"turns":9}],"seed_played":"-4557957405010891593","potions_obtained":[{"floor":3,"key":"GamblersBrew"},{"floor":6,"key":"Fire Potion"}],"is_trial":false,"path_per_floor":["M","?","M","?","M","E","M","R","T","R","$","M","?","M","R","B"],"character_chosen":"THE_SILENT","items_purchased":["Poisoned Stab"],"campfire_rested":2,"item_purchase_floors":[11],"current_hp_per_floor":[59,59,59,66,66,8,4,23,23,23,23,23,23,19,38,0],"gold":82,"neow_bonus":"THREE_ENEMY_KILL","is_prod":false,"is_daily":false,"chose_seed":false,"campfire_upgraded":1,"win_rate":0,"timestamp":1551355527,"path_taken":["M","?","M","?","?","E","M","R","T","R","$","M","?","M","R","BOSS"],"build_version":"2019-01-23","purchased_purges":0,"victory":false,"max_hp_per_floor":[66,66,66,66,66,66,66,66,66,66,66,66,66,66,66,66],"card_choices":[{"not_picked":["Underhanded Strike","Dodge and Roll"],"picked":"Dagger Spray","floor":1},{"not_picked":["Quick Slash","Predator"],"picked":"Escape Plan","floor":3},{"not_picked":["Deadly Poison","Calculated Gamble"],"picked":"Skewer","floor":5},{"not_picked":["Deadly Poison","Flying Knee"],"picked":"A Thousand Cuts","floor":6},{"not_picked":["Eviscerate","Underhanded Strike"],"picked":"Backflip","floor":7},{"not_picked":["Acrobatics","Prepared"],"picked":"Blur","floor":12},{"not_picked":["Bane","Underhanded Strike","Setup"],"picked":"SKIP","floor":14}],"player_experience":1214569,"relics_obtained":[{"floor":6,"key":"Orichalcum"},{"floor":9,"key":"Snake Skull"}],"event_choices":[{"cards_removed":["Strike_G"],"damage_healed":0,"gold_gain":0,"player_choice":"Card Removal","damage_taken":0,"max_hp_gain":0,"max_hp_loss":0,"event_name":"The Cleric","floor":2,"gold_loss":75},{"damage_healed":7,"gold_gain":0,"player_choice":"Full Heal","damage_taken":0,"max_hp_gain":0,"max_hp_loss":0,"event_name":"Wheel of Change","floor":4,"gold_loss":0},{"damage_healed":0,"gold_gain":0,"player_choice":"Grow","damage_taken":0,"max_hp_gain":0,"max_hp_loss":0,"event_name":"Living Wall","floor":13,"gold_loss":0,"cards_upgraded":["Skewer"]}],"is_beta":false,"boss_relics":[],"items_purged_floors":[],"is_endless":false,"potions_floor_spawned":[3,6],"killed_by":"Hexaghost","ascension_level":20}