{"gold_per_floor":[216,236,236,250,65,91,91,117,117,150,150,225,241,252,252,348,348,368,383,27,62,62,62,96,96,96,123,148,160,160,174,174,174],"floor_reached":33,"playtime":1631,"items_purged":[],"score":439,"play_id":"ba9bf134-8828-4fe7-9ddf-6b60104e6c9e","local_time":"20180721144910","is_ascension_mode":true,"campfire_choices":[{"floor":7.0,"key":"REST"},{"data":"Zap","floor":15.0,"key":"SMITH"},{"floor":23.0,"key":"REST"},{"floor":25.0,"key":"REST"},{"floor":30.0,"key":"REST"},{"floor":32.0,"key":"REST"}],"neow_cost":"NONE","seed_source_timestamp":1187605404829559,"circlet_count":0,"master_deck":["Strike_B","Strike_B","Strike_B","Strike_B","Defend_B","Defend_B","Defend_B","Defend_B","Zap+1","Dualcast","Gash","Coolheaded","Apotheosis+1","Self Repair","Leap","Core Surge","Electrodynamics","Cold Snap","Go for the Eyes","Conserve Battery","Loop","Conserve Battery","Conserve Battery"],"special_seed":0,"relics":["Cracked Core","Happy Flower","Question Card","Orichalcum","Oddly Smooth Stone","Lizard Tail","Ice Cream","Red Mask","Sundial","Blood Vial","Bag of Marbles","Centennial Puzzle"],"potions_floor_usage":[33,33],"damage_taken":[{"damage":0.0,"enemies":"Small Slimes","floor":1.0,"turns":3.0},{"damage":6.0,"enemies":"Cultist","floor":2.0,"turns":3.0},{"damage":0.0,"enemies":"Jaw Worm","floor":4.0,"turns":4.0},{"damage":3.0,"enemies":"3 Sentries","floor":6.0,"turns":8.0},{"damage":12.0,"enemies":"Gremlin Nob","floor":8.0,"turns":3.0},{"damage":7.0,"enemies":"3 Sentries","floor":10.0,"turns":10.0},{"damage":0.0,"enemies":"Large Slime","floor":13.0,"turns":5.0},{"damage":0.0,"enemies":"2 Fungi Beasts","floor":14.0,"turns":4.0},{"damage":5.0,"enemies":"The Guardian","floor":16.0,"turns":11.0},{"damage":21.0,"enemies":"3 Byrds","floor":18.0,"turns":3.0},{"damage":10.0,"enemies":"Shell Parasite","floor":19.0,"turns":7.0},{"damage":26.0,"floor":21.0,"turns":3.0},{"damage":36.0,"enemies":"Book of Stabbing","floor":24.0,"turns":8.0},{"damage":41.0,"enemies":"Slavers","floor":27.0,"turns":5.0},{"damage":12.0,"enemies":"Snake Plant","floor":29.0,"turns":4.0},{"damage":5.0,"enemies":"Snecko","floor":31.0,"turns":6.0},{"damage":142,"enemies":"Champ","floor":33,"turns":18}],"seed_played":"6054957104920935248","potions_obtained":[{"floor":2.0,"key":"FearPotion"},{"floor":8.0,"key":"EssenceOfSteel"},{"floor":10.0,"key":"LiquidBronze"},{"floor":24.0,"key":"Poison Potion"},{"floor":29.0,"key":"Swift Potion"}],"is_trial":false,"path_per_floor":["M","M","$","M","$","E","R","E","T","E","?","?","M","M","R","B",null,"M","M","$","?","?","R","E","R","T","E","T","M","R","M","R"],"character_chosen":"DEFECT","items_purchased":["Apotheosis","Ice Cream","Conserve Battery"],"campfire_rested":5,"item_purchase_floors":[5,20,20],"current_hp_per_floor":[68,62,62,62,62,59,75,63,63,66,66,55,65,75,75,75,75,64,61,61,45,45,67,38,60,60,28,28,28,50,54,75,0],"gold":174,"neow_bonus":"HUNDRED_GOLD","is_prod":false,"is_daily":false,"chose_seed":false,"campfire_upgraded":1,"win_rate":0,"timestamp":1532198950,"path_taken":["M","M","$","M","$","E","R","E","T","E","?","?","?","M","R","BOSS","M","M","$","?","?","R","E","R","T","E","?","M","R","M","R","BOSS"],"build_version":"2018-07-19v2","purchased_purges":0,"victory":false,"max_hp_per_floor":[75,75,75,75,75,75,75,75,75,75,75,75,75,75,75,75,75,75,75,75,75,75,75,75,75,75,75,75,75,75,75,75,75],"card_choices":[{"not_picked":["Hologram","Heatsinks"],"picked":"Gash","floor":1.0},{"not_picked":["Chaos","Steam Power"],"picked":"Coolheaded","floor":2.0},{"not_picked":["Turbo","Chill","Undo"],"picked":"SKIP","floor":4.0},{"not_picked":["Stack","Steam","Lockon"],"picked":"SKIP","floor":6.0},{"not_picked":["Chill","Static Discharge"],"picked":"Self Repair","floor":8.0},{"not_picked":["Streamline","Turbo","Machine Learning"],"picked":"Leap","floor":10.0},{"not_picked":["Redo","Rip and Tear","Turbo","Stack"],"picked":"SKIP","floor":13.0},{"not_picked":["Turbo","Beam Cell","Sunder"],"picked":"Core Surge","floor":14.0},{"not_picked":["Hyperbeam","Meteor Strike","Fission"],"picked":"Electrodynamics","floor":16.0},{"not_picked":["Turbo+1","Beam Cell","Redo"],"picked":"Cold Snap","floor":18.0},{"not_picked":["Rainbow","Cold Snap","FTL+1"],"picked":"Go for the Eyes","floor":19.0},{"not_picked":["Streamline","Compile Driver","White Noise"],"picked":"Loop","floor":21.0},{"not_picked":["Darkness","Streamline+1","Aggregate+1"],"picked":"Conserve Battery","floor":24.0},{"not_picked":["Thunder Strike","Scrape","Sweeping Beam","Tempest"],"picked":"SKIP","floor":27.0},{"not_picked":["Force Field","Coolheaded","Barrage"],"picked":"Conserve Battery","floor":29.0},{"not_picked":["Rebound","Lockon","Genetic Algorithm+1","Barrage"],"picked":"SKIP","floor":31.0}],"player_experience":146097,"relics_obtained":[{"floor":6.0,"key":"Happy Flower"},{"floor":8.0,"key":"Question Card"},{"floor":9.0,"key":"Orichalcum"},{"floor":10.0,"key":"Oddly Smooth Stone"},{"floor":21.0,"key":"Red Mask"},{"floor":24.0,"key":"Sundial"},{"floor":26.0,"key":"Blood Vial"},{"floor":27.0,"key":"Bag of Marbles"},{"floor":28.0,"key":"Centennial Puzzle"}],"event_choices":[{"event_name":"Upgrade Shrine","player_choice":"Upgraded","floor":11.0,"damage_taken":0.0},{"event_name":"World of Goop","player_choice":"Gather Gold","floor":12.0,"damage_taken":0.0},{"event_name":"Masked Bandits","player_choice":"Fought over 27 gold","floor":21.0,"damage_taken":0.0},{"event_name":"Ghosts","player_choice":"Ignored","floor":22.0,"damage_taken":0.0}],"is_beta":false,"boss_relics":[{"not_picked":["Cursed Key","FrozenCore"],"picked":"Lizard Tail"}],"items_purged_floors":[],"is_endless":false,"potions_floor_spawned":[2,8,10,24,29],"killed_by":"Champ","ascension_level":9}