{"gold_per_floor":[114,114,114,114,128,128,164,164,164,178,178,209,209,229,229,229],"floor_reached":16,"playtime":366,"items_purged":[],"score":266,"play_id":"8ed5e4ee-defc-44fc-a8dc-6ed9d97dd4e7","local_time":"20190708001817","is_ascension_mode":true,"campfire_choices":[{"data":"Blade Dance","floor":6.0,"key":"SMITH"},{"data":"Noxious Fumes","floor":8.0,"key":"SMITH"},{"data":"Caltrops","floor":11.0,"key":"SMITH"},{"data":"Neutralize","floor":13.0,"key":"SMITH"},{"data":"Sucker Punch","floor":15.0,"key":"SMITH"}],"neow_cost":"NONE","seed_source_timestamp":6177223046410958,"circlet_count":0,"master_deck":["AscendersBane","Strike_G","Strike_G","Strike_G","Strike_G","Strike_G","Defend_G","Defend_G","Defend_G","Defend_G","Defend_G","Survivor","Neutralize+1","Quick Slash","Blade Dance+1","Noxious Fumes+1","Caltrops+1","Sucker Punch+1","Terror"],"special_seed":0,"relics":["Ring of the Snake","NeowsBlessing","Golden Idol","Anchor","Ornamental Fan","PreservedInsect"],"potions_floor_usage":[16,16],"damage_taken":[{"damage":0.0,"enemies":"2 Louse","floor":1.0,"turns":1.0},{"damage":0.0,"enemies":"Small Slimes","floor":5.0,"turns":1.0},{"damage":0.0,"enemies":"Gremlin Nob","floor":7.0,"turns":1.0},{"damage":0.0,"enemies":"Jaw Worm","floor":10.0,"turns":3.0},{"damage":14.0,"enemies":"3 Sentries","floor":12.0,"turns":6.0},{"damage":0.0,"enemies":"Looter","floor":14.0,"turns":3.0},{"damage":45,"enemies":"Slime Boss","floor":16,"turns":10}],"seed_played":"-2779186431238625902","potions_obtained":[{"floor":5.0,"key":"LiquidBronze"},{"floor":10.0,"key":"EssenceOfSteel"}],"is_trial":false,"path_per_floor":["M","?","?","$","M","R","E","R","T","M","R","E","R","M","R","B"],"character_chosen":"THE_SILENT","items_purchased":[],"campfire_rested":0,"item_purchase_floors":[],"current_hp_per_floor":[59,59,59,59,59,59,59,59,59,59,59,45,45,45,45,0],"gold":229,"neow_bonus":"THREE_ENEMY_KILL","is_prod":false,"is_daily":false,"chose_seed":false,"campfire_upgraded":5,"win_rate":0,"timestamp":1562559497,"path_taken":["M","?","?","?","M","R","E","R","T","M","R","E","R","M","R","BOSS"],"build_version":"2019-07-05","purchased_purges":0,"victory":false,"max_hp_per_floor":[66,66,60,60,60,60,60,60,60,60,60,60,60,60,60,60],"card_choices":[{"not_picked":["Poisoned Stab","Dodge and Roll"],"picked":"Quick Slash","floor":1.0},{"not_picked":["Prepared","Expertise"],"picked":"Blade Dance","floor":5.0},{"not_picked":["Finisher","Cloak And Dagger"],"picked":"Noxious Fumes","floor":7.0},{"not_picked":["Slice","Dodge and Roll"],"picked":"Caltrops","floor":10.0},{"not_picked":["Prepared","Acrobatics"],"picked":"Sucker Punch","floor":12.0},{"not_picked":["Slice","Tactician"],"picked":"Terror","floor":14.0}],"player_experience":912784,"relics_obtained":[{"floor":7.0,"key":"Anchor"},{"floor":9.0,"key":"Ornamental Fan"},{"floor":12.0,"key":"PreservedInsect"}],"event_choices":[{"damage_healed":0.0,"max_hp_gain":0.0,"max_hp_loss":0.0,"gold_gain":0.0,"event_name":"Shining Light","player_choice":"Ignored","floor":2.0,"gold_loss":0.0,"damage_taken":0.0},{"damage_healed":0.0,"max_hp_gain":0.0,"max_hp_loss":6.0,"gold_gain":0.0,"event_name":"Golden Idol","player_choice":"Lose Max HP","floor":3.0,"gold_loss":0.0,"damage_taken":0.0,"relics_obtained":["Golden Idol"]}],"is_beta":false,"boss_relics":[],"items_purged_floors":[],"is_endless":false,"potions_floor_spawned":[5,10],"killed_by":"Slime Boss","ascension_level":20}