{"gold_per_floor":[115,76,46,61,79,79,112,162,185,219,239,239,256,256,256,256],"floor_reached":16,"playtime":553,"items_purged":[],"score":220,"play_id":"9b1f5900-daef-41c5-8666-11a831bbfdfb","local_time":"20190629234258","is_ascension_mode":true,"campfire_choices":[{"data":"Neutralize","floor":6.0,"key":"SMITH"},{"floor":12.0,"key":"REST"},{"data":"Footwork","floor":15.0,"key":"SMITH"}],"neow_cost":"NONE","seed_source_timestamp":0,"circlet_count":0,"master_deck":["AscendersBane","Defend_G","Defend_G","Defend_G","Defend_G","Defend_G","Strike_G","Strike_G","Strike_G","Strike_G","Strike_G","Survivor","Neutralize+1","Footwork+1","Dash","Poisoned Stab","Deflect","Sucker Punch","Flying Knee","Dodge and Roll","Corpse Explosion"],"special_seed":0,"relics":["Ring of the Snake","NeowsBlessing","Vajra","Orichalcum","Shuriken"],"potions_floor_usage":[],"damage_taken":[{"damage":0.0,"enemies":"Cultist","floor":1.0,"turns":1.0},{"damage":0.0,"enemies":"Jaw Worm","floor":4.0,"turns":1.0},{"damage":0.0,"enemies":"Small Slimes","floor":5.0,"turns":1.0},{"damage":25.0,"enemies":"3 Sentries","floor":7.0,"turns":14.0},{"damage":42.0,"enemies":"Lagavulin","floor":10.0,"turns":14.0},{"damage":0.0,"enemies":"3 Louse","floor":11.0,"turns":3.0},{"damage":0.0,"enemies":"Large Slime","floor":13.0,"turns":6.0},{"damage":17,"enemies":"Hexaghost","floor":16,"turns":12}],"seed_played":"4357065500885790261","potions_obtained":[{"floor":3.0,"key":"Energy Potion"},{"floor":3.0,"key":"Energy Potion"},{"floor":5.0,"key":"GhostInAJar"},{"floor":7.0,"key":"Regen Potion"},{"floor":10.0,"key":"SteroidPotion"}],"is_trial":false,"path_per_floor":["M","$","?","M","M","R","E","?","T","E","M","R","M","?","R","B"],"character_chosen":"THE_SILENT","items_purchased":["Dash"],"campfire_rested":1,"item_purchase_floors":[2],"current_hp_per_floor":[59,59,59,59,59,59,34,34,34,7,7,26,26,17,17,0],"gold":256,"neow_bonus":"THREE_ENEMY_KILL","is_prod":false,"is_daily":false,"chose_seed":false,"campfire_upgraded":2,"win_rate":0,"timestamp":1561866178,"path_taken":["M","$","?","?","M","R","E","?","T","E","?","R","M","?","R","BOSS"],"build_version":"2019-01-23","purchased_purges":0,"victory":false,"max_hp_per_floor":[66,66,66,66,66,66,66,66,66,66,66,66,66,66,66,66],"card_choices":[{"not_picked":["Backflip","Outmaneuver"],"picked":"Footwork","floor":1.0},{"not_picked":["Skewer","Deadly Poison"],"picked":"Poisoned Stab","floor":4.0},{"not_picked":["Tactician","Quick Slash"],"picked":"Deflect","floor":5.0},{"not_picked":["Deflect","Poisoned Stab"],"picked":"Sucker Punch","floor":7.0},{"not_picked":["Catalyst","Endless Agony"],"picked":"Flying Knee","floor":10.0},{"not_picked":["Quick Slash","Tactician"],"picked":"Dodge and Roll","floor":11.0},{"not_picked":["Deflect","Distraction"],"picked":"Corpse Explosion","floor":13.0}],"player_experience":812153,"relics_obtained":[{"floor":7.0,"key":"Vajra"},{"floor":9.0,"key":"Orichalcum"},{"floor":10.0,"key":"Shuriken"}],"event_choices":[{"damage_healed":0.0,"max_hp_gain":0.0,"max_hp_loss":0.0,"gold_gain":0.0,"event_name":"The Woman in Blue","player_choice":"Bought 2 Potions","floor":3.0,"gold_loss":0.0,"damage_taken":0.0},{"damage_healed":0.0,"max_hp_gain":0.0,"max_hp_loss":0.0,"gold_gain":50.0,"event_name":"Golden Shrine","player_choice":"Pray","floor":8.0,"gold_loss":0.0,"damage_taken":0.0},{"damage_healed":0.0,"max_hp_gain":0.0,"max_hp_loss":0.0,"gold_gain":0.0,"event_name":"Wheel of Change","player_choice":"Damaged","floor":14.0,"gold_loss":0.0,"damage_taken":9.0}],"is_beta":false,"boss_relics":[],"items_purged_floors":[],"is_endless":false,"potions_floor_spawned":[5,7,10],"killed_by":"Hexaghost","ascension_level":20}