{"gold_per_floor":[112,112,122,135,135,135,60,76,76,76,108,137,137,157,157,253,253,269,288,288,188,204,204,60,94,176,176,176,187,206,206,206,309,309,329,7,22,22,40,67,67,98,122,0,0,14,31,31,31,31],"floor_reached":51,"playtime":1478,"items_purged":["Defend_R","Strike_R","Strike_R"],"score":860,"play_id":"06d680fa-e62e-4d6b-95a7-0627ef00b946","local_time":"20190126201317","is_ascension_mode":true,"campfire_choices":[{"floor":6,"key":"REST"},{"data":"Rampage","floor":10,"key":"SMITH"},{"floor":15,"key":"REST"},{"floor":23,"key":"REST"},{"floor":28,"key":"REST"},{"floor":32,"key":"REST"},{"floor":41,"key":"REST"},{"floor":45,"key":"REST"},{"data":"1","floor":49,"key":"LIFT"}],"neow_cost":"NONE","seed_source_timestamp":184744003910131,"circlet_count":0,"master_deck":["Strike_R","Strike_R","Strike_R+1","Defend_R","Bash","Berserk+1","Shrug It Off","Shrug It Off","Rampage+1","Offering","Dropkick+1","Combust+1","Inflame+1","Ghostly Armor+1","Pommel Strike+1","Cleave+1","Cleave+1","Offering"],"relics":["Burning Blood","Bag of Marbles","Meat on the Bone","Odd Mushroom","Mercury Hourglass","Black Star","PreservedInsect","Matryoshka","Centennial Puzzle","Whetstone","Shuriken","Girya","Fusion Hammer","ClockworkSouvenir","Happy Flower","Gremlin Horn","Pantograph","Kunai","Red Skull","Regal Pillow","Red Mask"],"potions_floor_usage":[16,22,30,33,33,33,42,50,50,50],"damage_taken":[{"damage":12,"enemies":"2 Louse","floor":1,"turns":3},{"damage":15,"enemies":"Jaw Worm","floor":3,"turns":4},{"damage":6,"enemies":"Cultist","floor":4,"turns":4},{"damage":8,"enemies":"Large Slime","floor":8,"turns":7},{"damage":26,"enemies":"Gremlin Nob","floor":11,"turns":4},{"damage":15,"enemies":"The Mushroom Lair","floor":12,"turns":4},{"damage":9,"enemies":"Exordium Wildlife","floor":14,"turns":3},{"damage":51,"enemies":"The Guardian","floor":16,"turns":8},{"damage":16,"enemies":"Chosen","floor":18,"turns":6},{"damage":26,"enemies":"2 Thieves","floor":19,"turns":4},{"damage":9,"enemies":"3 Cultists","floor":22,"turns":4},{"damage":29,"enemies":"Gremlin Leader","floor":25,"turns":4},{"damage":35,"enemies":"Snake Plant","floor":29,"turns":3},{"damage":36,"enemies":"Snecko","floor":30,"turns":4},{"damage":47,"enemies":"Automaton","floor":33,"turns":6},{"damage":14,"enemies":"Orb Walker","floor":35,"turns":3},{"damage":10,"enemies":"3 Darklings","floor":37,"turns":3},{"damage":40,"enemies":"Maw","floor":39,"turns":5},{"damage":14,"enemies":"Giant Head","floor":40,"turns":5},{"damage":16,"enemies":"Nemesis","floor":42,"turns":3},{"damage":6,"enemies":"4 Shapes","floor":46,"turns":1},{"damage":12,"enemies":"Jaw Worm Horde","floor":47,"turns":1},{"damage":40,"enemies":"Donu and Deca","floor":50,"turns":5}],"seed_played":"6921718090221717763","potions_obtained":[{"floor":11,"key":"Block Potion"},{"floor":12,"key":"AttackPotion"},{"floor":16,"key":"SteroidPotion"},{"floor":19,"key":"Weak Potion"},{"floor":29,"key":"BloodPotion"},{"floor":30,"key":"Poison Potion"},{"floor":33,"key":"Energy Potion"},{"floor":39,"key":"Ancient Potion"},{"floor":40,"key":"Swift Potion"},{"floor":42,"key":"Energy Potion"}],"is_trial":false,"path_per_floor":["M","?","M","M","?","R","$","M","T","R","E","?","T","M","R","B",null,"M","M","?","$","M","R","$","E","T","?","R","M","M","?","R","B",null,"M","$","M","?","M","E","R","E","T","?","R","M","M","?","R","B",null],"character_chosen":"IRONCLAD","items_purchased":["PreservedInsect","ClockworkSouvenir"],"campfire_rested":7,"item_purchase_floors":[24,36],"current_hp_per_floor":[74,67,58,58,58,80,80,78,78,78,58,49,49,58,80,47,80,70,50,50,50,47,71,71,48,48,33,58,41,31,31,56,27,85,77,77,73,73,51,55,80,70,70,70,85,85,79,79,79,51],"gold":31,"neow_bonus":"ONE_RANDOM_RARE_CARD","is_prod":false,"is_daily":false,"chose_seed":false,"campfire_upgraded":1,"win_rate":0,"timestamp":1548562397,"path_taken":["M","?","M","M","?","R","?","?","T","R","E","?","?","?","R","BOSS","M","M","?","$","M","R","$","E","T","?","R","M","M","?","R","BOSS","M","$","M","?","M","E","R","E","T","?","R","M","?","?","R","BOSS"],"build_version":"2019-01-23","purchased_purges":3,"victory":true,"max_hp_per_floor":[80,80,80,80,80,80,80,80,80,80,80,80,80,80,80,80,80,80,80,80,80,80,80,80,80,80,85,85,85,85,85,85,85,85,85,85,85,85,85,85,85,85,85,85,85,85,85,85,85,85],"card_choices":[{"not_picked":["Armaments","Flex"],"picked":"Shrug It Off","floor":1},{"not_picked":["True Grit","Pommel Strike","Headbutt"],"picked":"SKIP","floor":3},{"not_picked":["Warcry","Clothesline"],"picked":"Shrug It Off","floor":4},{"not_picked":["Immolate","Thunderclap"],"picked":"Rampage","floor":8},{"not_picked":["Rage","Evolve","Havoc"],"picked":"SKIP","floor":11},{"not_picked":["Sword Boomerang","Anger","Havoc"],"picked":"SKIP","floor":14},{"not_picked":["Dark Embrace","Juggernaut"],"picked":"Offering","floor":16},{"not_picked":["Anger","Havoc"],"picked":"Dropkick","floor":18},{"not_picked":["Inflame","Thunderclap"],"picked":"Combust+1","floor":19},{"not_picked":["Warcry","Havoc+1","Sentinel"],"picked":"SKIP","floor":22},{"not_picked":["Anger","Dropkick+1"],"picked":"Inflame+1","floor":25},{"not_picked":["Headbutt","Sword Boomerang","Pommel Strike"],"picked":"SKIP","floor":29},{"not_picked":["Pommel Strike","Reckless Charge"],"picked":"Ghostly Armor+1","floor":30},{"not_picked":["Clothesline","Power Through+1"],"picked":"Pommel Strike+1","floor":35},{"not_picked":["Pommel Strike+1","Warcry"],"picked":"Cleave+1","floor":37},{"not_picked":["Dual Wield+1","True Grit+1"],"picked":"Cleave+1","floor":39},{"not_picked":["Feel No Pain","Corruption+1","Clash"],"picked":"SKIP","floor":40},{"not_picked":["Hemokinesis+1","Warcry+1"],"picked":"Offering","floor":42},{"not_picked":["Havoc","Clash","Wild Strike"],"picked":"SKIP","floor":46},{"not_picked":["Sever Soul","Clothesline","Metallicize+1"],"picked":"SKIP","floor":47}],"player_experience":167421,"relics_obtained":[{"floor":9,"key":"Bag of Marbles"},{"floor":11,"key":"Meat on the Bone"},{"floor":12,"key":"Odd Mushroom"},{"floor":13,"key":"Mercury Hourglass"},{"floor":25,"key":"Matryoshka"},{"floor":25,"key":"Centennial Puzzle"},{"floor":26,"key":"Whetstone"},{"floor":26,"key":"Shuriken"},{"floor":40,"key":"Happy Flower"},{"floor":40,"key":"Gremlin Horn"},{"floor":42,"key":"Pantograph"},{"floor":42,"key":"Kunai"},{"floor":43,"key":"Red Skull"},{"floor":43,"key":"Regal Pillow"}],"event_choices":[{"cards_removed":["Defend_R"],"damage_healed":0,"gold_gain":0,"player_choice":"Card Removal","damage_taken":7,"max_hp_gain":0,"max_hp_loss":0,"event_name":"Golden Wing","floor":2,"gold_loss":0},{"damage_healed":0,"gold_gain":0,"player_choice":"Grow","damage_taken":0,"max_hp_gain":0,"max_hp_loss":0,"event_name":"Living Wall","floor":5,"gold_loss":0,"cards_upgraded":["Berserk"]},{"damage_healed":0,"gold_gain":0,"player_choice":"Fought Mushrooms","damage_taken":0,"max_hp_gain":0,"max_hp_loss":0,"event_name":"Mushrooms","floor":12,"gold_loss":0},{"damage_healed":0,"gold_gain":0,"player_choice":"Ignored","damage_taken":0,"max_hp_gain":0,"max_hp_loss":0,"event_name":"Ghosts","floor":20,"gold_loss":0},{"damage_healed":0,"gold_gain":0,"player_choice":"Shed Blood","damage_taken":20,"max_hp_gain":5,"max_hp_loss":0,"event_name":"Forgotten Altar","floor":27,"gold_loss":0},{"damage_healed":0,"gold_gain":0,"player_choice":"Opened","damage_taken":0,"relics_obtained":["Girya"],"max_hp_gain":0,"max_hp_loss":0,"event_name":"The Mausoleum","floor":31,"gold_loss":0},{"cards_removed":["Defend_R"],"damage_healed":0,"gold_gain":0,"player_choice":"Removed Skill","damage_taken":0,"max_hp_gain":0,"max_hp_loss":0,"event_name":"Falling","floor":38,"gold_loss":0},{"damage_healed":0,"gold_gain":0,"player_choice":"Paid","damage_taken":0,"relics_obtained":["Red Mask"],"max_hp_gain":0,"max_hp_loss":0,"event_name":"Tomb of Lord Red Mask","floor":44,"gold_loss":122},{"damage_healed":0,"gold_gain":0,"player_choice":"Memory 1","damage_taken":0,"max_hp_gain":0,"max_hp_loss":0,"event_name":"SensoryStone","floor":48,"gold_loss":0}],"is_beta":false,"boss_relics":[{"not_picked":["Lizard Tail","Runic Cube"],"picked":"Black Star"},{"not_picked":["Coffee Dripper","Pandora\u0027s Box"],"picked":"Fusion Hammer"}],"items_purged_floors":[7,21,36],"is_endless":false,"potions_floor_spawned":[11,12,16,19,29,30,33,39,40,42,47],"ascension_level":4}