{"gold_per_floor":[113,128,128,91,91,91,126,126,126,157,122,45,68,86,86,86],"floor_reached":16,"playtime":467,"items_purged":[],"score":266,"play_id":"d073a543-2487-426f-a613-fba3fae83864","local_time":"20190708133330","is_ascension_mode":true,"campfire_choices":[{"data":"Neutralize","floor":6.0,"key":"SMITH"},{"data":"Dagger Spray","floor":8.0,"key":"SMITH"},{"data":"Bouncing Flask","floor":15.0,"key":"SMITH"}],"neow_cost":"NONE","seed_source_timestamp":0,"circlet_count":0,"master_deck":["AscendersBane","Strike_G","Strike_G","Strike_G","Strike_G","Strike_G","Defend_G","Defend_G","Defend_G","Defend_G","Defend_G","Survivor","Neutralize+1","Dagger Throw","Bouncing Flask+1","Dash","Dagger Spray+1","Footwork"],"special_seed":0,"relics":["Ring of the Snake","NeowsBlessing","Letter Opener","Golden Idol","Vajra","Kunai"],"potions_floor_usage":[16,16],"damage_taken":[{"damage":0.0,"enemies":"Cultist","floor":1.0,"turns":1.0},{"damage":0.0,"enemies":"2 Louse","floor":2.0,"turns":1.0},{"damage":0.0,"enemies":"Gremlin Nob","floor":7.0,"turns":1.0},{"damage":24.0,"enemies":"3 Sentries","floor":10.0,"turns":8.0},{"damage":0.0,"enemies":"Jaw Worm","floor":13.0,"turns":3.0},{"damage":1.0,"enemies":"Red Slaver","floor":14.0,"turns":4.0},{"damage":49,"enemies":"Slime Boss","floor":16,"turns":10}],"seed_played":"3990568217642153513","potions_obtained":[{"floor":7.0,"key":"Weak Potion"},{"floor":10.0,"key":"LiquidBronze"}],"is_trial":false,"path_per_floor":["M","M","T","$","?","R","E","R","T","E","?","$","M","M","R","B"],"character_chosen":"THE_SILENT","items_purchased":["Dash","Footwork"],"campfire_rested":0,"item_purchase_floors":[4,12],"current_hp_per_floor":[59,59,59,59,59,59,59,59,59,35,50,50,50,49,49,0],"gold":86,"neow_bonus":"THREE_ENEMY_KILL","is_prod":false,"is_daily":false,"chose_seed":false,"campfire_upgraded":3,"win_rate":0,"timestamp":1562607210,"path_taken":["M","M","?","$","?","R","E","R","T","E","?","$","M","?","R","BOSS"],"build_version":"2019-07-05","purchased_purges":0,"victory":false,"max_hp_per_floor":[66,66,66,66,60,60,60,60,60,60,60,60,60,60,60,60],"card_choices":[{"not_picked":["Underhanded Strike","Slice"],"picked":"Dagger Throw","floor":1.0},{"not_picked":["Well Laid Plans","Prepared"],"picked":"Bouncing Flask","floor":2.0},{"not_picked":["Blade Dance","Dagger Throw"],"picked":"Dagger Spray","floor":7.0},{"not_picked":["Flechettes","Accuracy","Distraction"],"picked":"SKIP","floor":10.0},{"not_picked":["Bane","Bouncing Flask","Deadly Poison"],"picked":"SKIP","floor":13.0},{"not_picked":["Skewer","Bane","Acrobatics"],"picked":"SKIP","floor":14.0}],"player_experience":914004,"relics_obtained":[{"floor":3.0,"key":"Letter Opener"},{"floor":7.0,"key":"Vajra"},{"floor":10.0,"key":"Kunai"}],"event_choices":[{"damage_healed":0.0,"max_hp_gain":0.0,"max_hp_loss":6.0,"gold_gain":0.0,"event_name":"Golden Idol","player_choice":"Lose Max HP","floor":5.0,"gold_loss":0.0,"damage_taken":0.0,"relics_obtained":["Golden Idol"]},{"damage_healed":15.0,"max_hp_gain":0.0,"max_hp_loss":0.0,"gold_gain":0.0,"event_name":"The Cleric","player_choice":"Healed","floor":11.0,"gold_loss":35.0,"damage_taken":0.0}],"is_beta":false,"boss_relics":[],"items_purged_floors":[],"is_endless":false,"potions_floor_spawned":[7,10],"killed_by":"Slime Boss","ascension_level":20}