{"gold_per_floor":[112,129,144,69,80,115,115,141,141,106,121,151,167,182,182,182],"floor_reached":16,"playtime":513,"items_purged":["Strike_B"],"score":217,"play_id":"8f547dc6-0a79-4070-bcb3-08d702457d02","local_time":"20180819004620","is_ascension_mode":true,"campfire_choices":[{"data":"Zap","floor":7.0,"key":"SMITH"},{"data":"Hologram","floor":15,"key":"SMITH"}],"neow_cost":"NONE","seed_source_timestamp":3643315282151325,"circlet_count":0,"master_deck":["Strike_B","Strike_B","Strike_B","Defend_B+1","Defend_B","Defend_B+1","Defend_B","Zap+1","Dualcast","AscendersBane","Ball Lightning","Rebound","Sweeping Beam","Cold Snap","Ball Lightning","Hologram+1","All For One","Cold Snap","Turbo"],"special_seed":0,"relics":["Cracked Core","Strawberry","The Courier","War Paint","Bag of Preparation","Darkstone Periapt"],"potions_floor_usage":[8],"damage_taken":[{"damage":1.0,"enemies":"Cultist","floor":1.0,"turns":3.0},{"damage":2.0,"enemies":"2 Louse","floor":2.0,"turns":3.0},{"damage":7.0,"enemies":"Jaw Worm","floor":3.0,"turns":3.0},{"damage":1.0,"enemies":"2 Fungi Beasts","floor":5.0,"turns":3.0},{"damage":22.0,"enemies":"Gremlin Nob","floor":6.0,"turns":4.0},{"damage":13,"enemies":"Lagavulin","floor":8,"turns":5},{"damage":0,"enemies":"Large Slime","floor":11,"turns":3},{"damage":5,"enemies":"Gremlin Nob","floor":12,"turns":3},{"damage":4,"enemies":"Blue Slaver","floor":13,"turns":3},{"damage":3,"enemies":"Looter","floor":14,"turns":2},{"damage":34,"enemies":"Slime Boss","floor":16,"turns":9}],"seed_played":"7649089800003750713","potions_obtained":[{"floor":2.0,"key":"Weak Potion"},{"floor":5.0,"key":"Weak Potion"},{"floor":8,"key":"SteroidPotion"},{"floor":12,"key":"Weak Potion"}],"is_trial":false,"path_per_floor":["M","M","M","$","M","E","R","E","T","?","M","E","M","M","R"],"character_chosen":"DEFECT","items_purchased":[],"campfire_rested":0,"item_purchase_floors":[],"current_hp_per_floor":[70,68,61,61,60,38,38,25,25,44,44,39,35,32,32,0],"gold":182,"neow_bonus":"RANDOM_COMMON_RELIC","is_prod":false,"is_daily":false,"chose_seed":false,"campfire_upgraded":2,"win_rate":0,"timestamp":1534653980,"path_taken":["M","M","M","?","M","E","R","E","T","?","M","E","M","M","R","BOSS"],"build_version":"2018-08-16","purchased_purges":1,"victory":false,"max_hp_per_floor":[78,78,78,78,78,78,78,78,78,78,78,78,78,78,78,78],"card_choices":[{"not_picked":["Steam Power","Hello World"],"picked":"Ball Lightning","floor":1.0},{"not_picked":["Aggregate","Storm"],"picked":"Rebound","floor":2.0},{"not_picked":["Stack","Fusion"],"picked":"Sweeping Beam","floor":3.0},{"not_picked":["White Noise","Leap"],"picked":"Cold Snap","floor":5.0},{"not_picked":["Rebound","Barrage"],"picked":"Ball Lightning","floor":6.0},{"not_picked":["Undo","Reprogram"],"picked":"Hologram","floor":8},{"not_picked":["Lockon","Recycle"],"picked":"All For One","floor":11},{"not_picked":["Sweeping Beam","Recycle"],"picked":"Cold Snap","floor":12},{"not_picked":["Barrage","Darkness"],"picked":"Turbo","floor":13},{"not_picked":["Hello World","Stack","Tempest"],"picked":"SKIP","floor":14}],"player_experience":266887,"relics_obtained":[{"floor":6.0,"key":"The Courier"},{"floor":8,"key":"War Paint"},{"floor":9,"key":"Bag of Preparation"},{"floor":12,"key":"Darkstone Periapt"}],"event_choices":[{"event_name":"The Cleric","player_choice":"Healed","floor":10,"damage_taken":0}],"is_beta":false,"boss_relics":[],"items_purged_floors":[4],"is_endless":false,"potions_floor_spawned":[2,5,8,12],"killed_by":"Slime Boss","ascension_level":15}