{"gold_per_floor":[109,31,46,46,59,87,4,4,4,17,49,61,73,98,110,122],"floor_reached":16,"playtime":405,"items_purged":[],"score":220,"play_id":"da92b9e2-7080-40b3-be6e-c0a4afed250f","local_time":"20190630180106","is_ascension_mode":true,"campfire_choices":[{"floor":8,"key":"REST"},{"floor":15,"key":"REST"}],"neow_cost":"NONE","seed_source_timestamp":5549976300853085,"circlet_count":0,"master_deck":["AscendersBane","Defend_G","Defend_G","Defend_G","Defend_G","Defend_G","Strike_G","Strike_G","Strike_G","Strike_G","Strike_G","Survivor","Neutralize","Poisoned Stab","Caltrops","Dagger Spray+1","Cloak And Dagger","Dodge and Roll","All Out Attack+1","Cloak And Dagger","Predator+1"],"relics":["Ring of the Snake","NeowsBlessing","Molten Egg 2","Bag of Preparation","MawBank","Dodecahedron"],"potions_floor_usage":[6,14,16],"damage_taken":[{"damage":0,"enemies":"Cultist","floor":1,"turns":1},{"damage":0,"enemies":"2 Louse","floor":3,"turns":1},{"damage":0,"enemies":"Jaw Worm","floor":5,"turns":1},{"damage":32,"enemies":"Gremlin Nob","floor":6,"turns":5},{"damage":11,"enemies":"Large Slime","floor":10,"turns":6},{"damage":15,"enemies":"3 Sentries","floor":11,"turns":5},{"damage":4,"enemies":"Exordium Thugs","floor":14,"turns":3},{"damage":34,"enemies":"Slime Boss","floor":16,"turns":10}],"seed_played":"-3161798856333649378","potions_obtained":[{"floor":5,"key":"Ancient Potion"},{"floor":10,"key":"Poison Potion"}],"is_trial":false,"path_per_floor":["M","$","M","?","M","E","$","R","T","M","E","?","$","M","R","B"],"character_chosen":"THE_SILENT","items_purchased":["Caltrops","GhostInAJar"],"campfire_rested":2,"item_purchase_floors":[2,7],"current_hp_per_floor":[59,59,59,59,59,27,27,46,46,35,20,15,15,11,30,0],"gold":122,"neow_bonus":"THREE_ENEMY_KILL","is_prod":false,"is_daily":false,"chose_seed":false,"campfire_upgraded":0,"win_rate":0,"timestamp":1561932066,"path_taken":["M","?","M","?","M","E","$","R","T","?","E","?","?","M","R","BOSS"],"build_version":"2019-01-23","purchased_purges":0,"victory":false,"max_hp_per_floor":[66,66,66,66,66,66,66,66,66,66,66,66,66,66,66,66],"card_choices":[{"not_picked":["Tactician","Skewer"],"picked":"Poisoned Stab","floor":1},{"not_picked":["Blade Dance","Crippling Poison"],"picked":"Dagger Spray","floor":3},{"not_picked":["Deadly Poison","Eviscerate"],"picked":"Cloak And Dagger","floor":5},{"not_picked":["Tactician","Prepared"],"picked":"Dodge and Roll","floor":6},{"not_picked":["Masterful Stab+1","Slice+1"],"picked":"All Out Attack+1","floor":10},{"not_picked":["Bullet Time","Concentrate"],"picked":"Cloak And Dagger","floor":11},{"not_picked":["Underhanded Strike+1","Poisoned Stab+1"],"picked":"Predator+1","floor":14}],"player_experience":817790,"relics_obtained":[{"floor":6,"key":"Molten Egg 2"},{"floor":9,"key":"Bag of Preparation"},{"floor":11,"key":"MawBank"}],"event_choices":[{"damage_healed":0,"gold_gain":0,"player_choice":"Grow","damage_taken":0,"max_hp_gain":0,"max_hp_loss":0,"event_name":"Living Wall","floor":4,"gold_loss":0,"cards_upgraded":["Dagger Spray"]},{"damage_healed":0,"gold_gain":0,"player_choice":"Success","damage_taken":5,"relics_obtained":["Dodecahedron"],"max_hp_gain":0,"max_hp_loss":0,"event_name":"Scrap Ooze","floor":12,"gold_loss":0}],"is_beta":false,"boss_relics":[],"items_purged_floors":[],"is_endless":false,"potions_floor_spawned":[5,10,11],"killed_by":"Slime Boss","ascension_level":20}