{"gold_per_floor":[118,135,148,166,166,166,166,166,166,203,246,271,327,353,365,377],"floor_reached":16,"playtime":441,"items_purged":[],"score":222,"play_id":"b3941fae-c013-4ff9-b64a-ed25b8a77b82","local_time":"20190618154559","is_ascension_mode":true,"campfire_choices":[{"data":"Bash","floor":6.0,"key":"SMITH"},{"data":"Fiend Fire","floor":15.0,"key":"SMITH"}],"neow_cost":"NONE","seed_source_timestamp":4505208840139685,"circlet_count":0,"master_deck":["AscendersBane","Strike_R","Strike_R","Strike_R","Strike_R","Defend_R","Defend_R","Defend_R","Defend_R","Bash+1","Body Slam","Cleave","True Grit","Pommel Strike","Metallicize","Perfected Strike","Fiend Fire+1","Sword Boomerang","Sword Boomerang"],"special_seed":0,"relics":["Burning Blood","Golden Idol","Gremlin Horn","MawBank","PreservedInsect","Vajra"],"potions_floor_usage":[16],"damage_taken":[{"damage":2.0,"enemies":"Jaw Worm","floor":1.0,"turns":4.0},{"damage":9.0,"enemies":"2 Louse","floor":2.0,"turns":4.0},{"damage":6.0,"enemies":"Cultist","floor":3.0,"turns":3.0},{"damage":11.0,"enemies":"Looter","floor":4.0,"turns":3.0},{"damage":0.0,"enemies":"Gremlin Gang","floor":10.0,"turns":2.0},{"damage":24.0,"enemies":"Lagavulin","floor":11.0,"turns":7.0},{"damage":9.0,"enemies":"2 Fungi Beasts","floor":12.0,"turns":3.0},{"damage":7.0,"enemies":"3 Sentries","floor":13.0,"turns":7.0},{"damage":6.0,"enemies":"Red Slaver","floor":14.0,"turns":5.0},{"damage":25,"enemies":"Slime Boss","floor":16,"turns":5}],"seed_played":"7267207932263606957","potions_obtained":[{"floor":1.0,"key":"Weak Potion"},{"floor":11.0,"key":"Weak Potion"},{"floor":12.0,"key":"EssenceOfSteel"}],"is_trial":false,"path_per_floor":["M","M","M","M","?","R","T","$","T","M","E","M","E","M","R","B"],"character_chosen":"IRONCLAD","items_purchased":[],"campfire_rested":0,"item_purchase_floors":[],"current_hp_per_floor":[72,69,69,64,38,38,38,38,38,44,26,23,22,22,22,0],"gold":377,"neow_bonus":"TRANSFORM_CARD","is_prod":false,"is_daily":false,"chose_seed":false,"campfire_upgraded":2,"win_rate":0,"timestamp":1560887159,"path_taken":["M","M","M","M","?","R","?","?","T","M","E","M","E","M","R","BOSS"],"build_version":"2019-01-23","purchased_purges":0,"victory":false,"max_hp_per_floor":[75,75,75,75,75,75,75,75,75,75,75,75,75,75,75,75],"card_choices":[{"not_picked":["Burning Pact","Body Slam"],"picked":"Cleave","floor":1.0},{"not_picked":["Body Slam","Reaper"],"picked":"True Grit","floor":2.0},{"not_picked":["True Grit","Twin Strike"],"picked":"Pommel Strike","floor":3.0},{"not_picked":["Warcry","Flame Barrier"],"picked":"Metallicize","floor":4.0},{"not_picked":["Battle Trance","Hemokinesis"],"picked":"Perfected Strike","floor":10.0},{"not_picked":["Evolve","Thunderclap"],"picked":"Fiend Fire","floor":11.0},{"not_picked":["Wild Strike","Iron Wave","Body Slam"],"picked":"SKIP","floor":12.0},{"not_picked":["Combust","True Grit"],"picked":"Sword Boomerang","floor":13.0},{"not_picked":["Ghostly Armor","Thunderclap"],"picked":"Sword Boomerang","floor":14.0}],"player_experience":755348,"relics_obtained":[{"floor":7.0,"key":"Gremlin Horn"},{"floor":9.0,"key":"MawBank"},{"floor":11.0,"key":"PreservedInsect"},{"floor":13.0,"key":"Vajra"}],"event_choices":[{"damage_healed":0.0,"max_hp_gain":0.0,"max_hp_loss":0.0,"gold_gain":0.0,"event_name":"Golden Idol","player_choice":"Take Damage","floor":5.0,"gold_loss":0.0,"damage_taken":26.0,"relics_obtained":["Golden Idol"]}],"is_beta":false,"boss_relics":[],"items_purged_floors":[],"is_endless":false,"potions_floor_spawned":[1,11,12],"killed_by":"Slime Boss","ascension_level":19}