{"gold_per_floor":[112,132,146,146,162,189,189,224,277,288,304,320,82,115,115,115],"floor_reached":16,"playtime":499,"items_purged":[],"score":248,"play_id":"41294adf-a5cd-4c71-a866-808fe8116c63","local_time":"20190621213403","is_ascension_mode":true,"campfire_choices":[{"floor":7,"key":"REST"},{"data":"Armaments","floor":15,"key":"SMITH"}],"neow_cost":"NONE","seed_source_timestamp":4785208723813098,"circlet_count":0,"master_deck":["AscendersBane","Strike_R","Strike_R","Strike_R","Strike_R","Strike_R","Defend_R","Defend_R+1","Defend_R+1","Defend_R","Bash","Cleave","Shrug It Off","Sword Boomerang","Immolate","Spot Weakness","Armaments+1","Perfected Strike","Whirlwind","Metallicize","Shrug It Off"],"relics":["Burning Blood","Lantern","Regal Pillow","Oddly Smooth Stone","Tiny Chest","Anchor","Boot"],"potions_floor_usage":[16],"damage_taken":[{"damage":1,"enemies":"Cultist","floor":1,"turns":3},{"damage":0,"enemies":"Small Slimes","floor":2,"turns":2},{"damage":7,"enemies":"Jaw Worm","floor":3,"turns":2},{"damage":15,"enemies":"3 Louse","floor":5,"turns":2},{"damage":16,"enemies":"3 Sentries","floor":6,"turns":6},{"damage":32,"enemies":"Gremlin Nob","floor":8,"turns":4},{"damage":2,"enemies":"Blue Slaver","floor":10,"turns":4},{"damage":3,"enemies":"2 Fungi Beasts","floor":11,"turns":3},{"damage":12,"enemies":"Exordium Wildlife","floor":12,"turns":4},{"damage":15,"enemies":"3 Sentries","floor":14,"turns":4},{"damage":36,"enemies":"Slime Boss","floor":16,"turns":6}],"seed_played":"-9109547817946282225","potions_obtained":[{"floor":1,"key":"GamblersBrew"},{"floor":6,"key":"EssenceOfSteel"}],"is_trial":false,"path_per_floor":["M","M","M","?","M","E","R","E","T","M","M","M","$","E","R","B"],"character_chosen":"IRONCLAD","items_purchased":["Anchor","Metallicize"],"campfire_rested":1,"item_purchase_floors":[13,13],"current_hp_per_floor":[73,75,74,51,42,32,69,43,43,47,50,44,44,35,35,0],"gold":115,"neow_bonus":"RANDOM_COMMON_RELIC","is_prod":false,"is_daily":false,"chose_seed":false,"campfire_upgraded":1,"win_rate":0,"timestamp":1561167243,"path_taken":["M","M","?","?","M","E","R","E","T","M","M","M","?","E","R","BOSS"],"build_version":"2019-06-21","purchased_purges":0,"victory":false,"max_hp_per_floor":[75,75,75,75,75,75,75,75,75,75,75,75,75,75,75,75],"card_choices":[{"not_picked":["Hemokinesis","Thunderclap"],"picked":"Cleave","floor":1},{"not_picked":["Pommel Strike","Warcry"],"picked":"Shrug It Off","floor":2},{"not_picked":["Clash","Body Slam"],"picked":"Sword Boomerang","floor":3},{"not_picked":["Thunderclap","Anger"],"picked":"Immolate","floor":5},{"not_picked":["Anger","Rage"],"picked":"Spot Weakness","floor":6},{"not_picked":["Hemokinesis","Warcry","Clash"],"picked":"SKIP","floor":8},{"not_picked":["Bludgeon","Flex"],"picked":"Armaments","floor":10},{"not_picked":["Thunderclap","Infernal Blade"],"picked":"Perfected Strike","floor":11},{"not_picked":["Anger","Entrench"],"picked":"Whirlwind","floor":12},{"not_picked":["Iron Wave","Wild Strike"],"picked":"Shrug It Off","floor":14}],"player_experience":770695,"relics_obtained":[{"floor":6,"key":"Regal Pillow"},{"floor":8,"key":"Oddly Smooth Stone"},{"floor":9,"key":"Tiny Chest"},{"floor":14,"key":"Boot"}],"event_choices":[{"damage_healed":0,"gold_gain":0,"player_choice":"Entered Light","damage_taken":23,"max_hp_gain":0,"max_hp_loss":0,"event_name":"Shining Light","floor":4,"gold_loss":0,"cards_upgraded":["Defend_R","Defend_R"]}],"is_beta":true,"boss_relics":[],"items_purged_floors":[],"is_endless":false,"potions_floor_spawned":[1,6,8,11,12],"killed_by":"Slime Boss","ascension_level":20}