{"gold_per_floor":[211,286,137,137,153,188,188,207,231,17,17,14,40,59,59,156,156,172,188,188,219,219,219],"floor_reached":23,"playtime":1086,"items_purged":[],"score":274,"play_id":"fccabcdb-860f-49f2-aaf8-4aaf89ce8f58","local_time":"20180902221754","is_ascension_mode":true,"campfire_choices":[{"floor":7.0,"key":"REST"},{"data":"Leg Sweep","floor":11.0,"key":"SMITH"},{"data":"Caltrops","floor":15.0,"key":"SMITH"}],"neow_cost":"NONE","seed_source_timestamp":4929490175887543,"circlet_count":0,"master_deck":["Defend_G","Defend_G","Defend_G","Defend_G","Defend_G","Strike_G","Strike_G","Strike_G","Strike_G","Strike_G","Survivor","Neutralize+1","Caltrops+1","Leg Sweep+1","Caltrops+1","Cloak And Dagger","Dash","PiercingWail","Footwork","Flying Knee","Corpse Explosion","Footwork","Blur"],"special_seed":0,"relics":["Ring of the Snake","Snake Skull","Happy Flower","Tiny Chest","Boot","White Beast Statue","Red Mask"],"potions_floor_usage":[23],"damage_taken":[{"damage":5.0,"enemies":"Jaw Worm","floor":1.0,"turns":5.0},{"damage":0.0,"enemies":"Cultist","floor":5.0,"turns":5.0},{"damage":40.0,"enemies":"Gremlin Nob","floor":6.0,"turns":6.0},{"damage":0.0,"enemies":"Small Slimes","floor":8.0,"turns":5.0},{"damage":2.0,"enemies":"Exordium Thugs","floor":12.0,"turns":6.0},{"damage":0.0,"enemies":"Large Slime","floor":14.0,"turns":9.0},{"damage":21.0,"enemies":"Slime Boss","floor":16.0,"turns":17.0},{"damage":0.0,"enemies":"Chosen","floor":18.0,"turns":6.0},{"damage":0.0,"enemies":"3 Byrds","floor":19.0,"turns":1.0},{"damage":51.0,"enemies":"Masked Bandits","floor":21.0,"turns":4.0},{"damage":25,"enemies":"Gremlin Leader","floor":23,"turns":7}],"seed_played":"6146133415687515204","potions_obtained":[{"floor":1.0,"key":"SpeedPotion"},{"floor":8.0,"key":"Regen Potion"},{"floor":12.0,"key":"LiquidBronze"},{"floor":16.0,"key":"Block Potion"},{"floor":18.0,"key":"GhostInAJar"},{"floor":19.0,"key":"Ancient Potion"},{"floor":21.0,"key":"Energy Potion"}],"is_trial":false,"path_per_floor":["M","?","$","?","M","E","R","M","T","$","R","M","T","M","R","B",null,"M","M","$","?","?"],"character_chosen":"THE_SILENT","items_purchased":["Leg Sweep","Caltrops","Tiny Chest","Fruit Juice"],"campfire_rested":1,"item_purchase_floors":[3,3,10,10],"current_hp_per_floor":[58,47,47,47,47,7,28,28,28,33,33,31,31,46,46,25,63,63,63,63,12,12,0],"gold":219,"neow_bonus":"HUNDRED_GOLD","is_prod":false,"is_daily":false,"chose_seed":false,"campfire_upgraded":2,"win_rate":0,"timestamp":1535941074,"path_taken":["M","?","$","?","?","E","R","M","T","$","R","?","?","M","R","BOSS","M","M","$","?","?","E"],"build_version":"2018-08-30","purchased_purges":0,"victory":false,"max_hp_per_floor":[70,70,70,70,70,70,70,70,70,75,75,75,75,75,75,75,75,75,75,75,75,75,75],"card_choices":[{"not_picked":["Deadly Poison","Blade Dance"],"picked":"Caltrops","floor":1.0},{"not_picked":["PiercingWail","Sucker Punch"],"picked":"Cloak And Dagger","floor":5.0},{"not_picked":["Eviscerate","Well Laid Plans"],"picked":"Dash","floor":6.0},{"not_picked":["Poisoned Stab","Distraction"],"picked":"PiercingWail","floor":8.0},{"not_picked":["Caltrops","Dagger Spray"],"picked":"Footwork","floor":12.0},{"not_picked":["Prepared","Phantasmal Killer"],"picked":"Flying Knee","floor":14.0},{"not_picked":["Grand Finale","After Image"],"picked":"Corpse Explosion","floor":16.0},{"not_picked":["Outmaneuver","PiercingWail"],"picked":"Footwork","floor":18.0},{"not_picked":["Deflect","Bouncing Flask","Bane"],"picked":"SKIP","floor":19.0},{"not_picked":["Accuracy+1","Skewer"],"picked":"Blur","floor":21.0}],"player_experience":308026,"relics_obtained":[{"floor":6.0,"key":"Snake Skull"},{"floor":9.0,"key":"Happy Flower"},{"floor":13.0,"key":"Boot"},{"floor":21.0,"key":"Red Mask"}],"event_choices":[{"event_name":"World of Goop","player_choice":"Gather Gold","floor":2.0,"damage_taken":0.0},{"event_name":"Accursed Blacksmith","player_choice":"Forge","floor":4.0,"damage_taken":0.0},{"event_name":"Masked Bandits","player_choice":"Fought Bandits","floor":21.0,"damage_taken":0.0},{"event_name":"Upgrade Shrine","player_choice":"Upgraded","floor":22.0,"damage_taken":0.0}],"is_beta":false,"boss_relics":[{"not_picked":["Runic Pyramid","Busted Crown"],"picked":"White Beast Statue"}],"items_purged_floors":[],"is_endless":false,"potions_floor_spawned":[1,8,12,16,18,19,21],"killed_by":"Gremlin Leader","ascension_level":9}