{"gold_per_floor":[116,132,144,155,120,120,151,151,177,102,116,116,116,135,135,135],"floor_reached":16,"playtime":616,"items_purged":["Strike_G"],"score":204,"play_id":"6ec3798b-50e4-47a3-9bd3-9f658ca459be","local_time":"20190705194447","is_ascension_mode":true,"campfire_choices":[{"data":"After Image","floor":6.0,"key":"SMITH"},{"floor":8.0,"key":"REST"},{"data":"All Out Attack","floor":13,"key":"SMITH"},{"floor":15,"key":"REST"}],"neow_cost":"NONE","seed_source_timestamp":5987882142775867,"circlet_count":0,"master_deck":["AscendersBane","Strike_G","Strike_G","Strike_G","Strike_G","Defend_G","Defend_G","Defend_G","Defend_G","Defend_G","Survivor","Neutralize","Flying Knee","Flechettes","After Image+1","All Out Attack+1","Masterful Stab","Dash","Leg Sweep"],"special_seed":0,"relics":["Ring of the Snake","Happy Flower","Vajra","Omamori"],"potions_floor_usage":[16],"damage_taken":[{"damage":0.0,"enemies":"2 Louse","floor":1.0,"turns":4.0},{"damage":1.0,"enemies":"Small Slimes","floor":2.0,"turns":3.0},{"damage":12.0,"enemies":"Jaw Worm","floor":3.0,"turns":4.0},{"damage":0.0,"enemies":"2 Fungi Beasts","floor":4.0,"turns":3.0},{"damage":54.0,"enemies":"Lagavulin","floor":7.0,"turns":11.0},{"damage":6.0,"enemies":"Exordium Wildlife","floor":11.0,"turns":4.0},{"damage":0,"enemies":"Looter","floor":14,"turns":2},{"damage":47,"enemies":"Slime Boss","floor":16,"turns":6}],"seed_played":"2507045210775935043","potions_obtained":[{"floor":3.0,"key":"AttackPotion"},{"floor":4.0,"key":"Explosive Potion"},{"floor":11.0,"key":"FearPotion"}],"is_trial":false,"path_per_floor":["M","M","M","M","?","R","E","R","T","$","M","?","R","M","R","B"],"character_chosen":"THE_SILENT","items_purchased":[],"campfire_rested":2,"item_purchase_floors":[],"current_hp_per_floor":[59,58,46,46,62,62,8,27,27,27,21,21,21,21,40,0],"gold":135,"neow_bonus":"RANDOM_COMMON_RELIC","is_prod":false,"is_daily":false,"chose_seed":false,"campfire_upgraded":2,"win_rate":0,"timestamp":1562370287,"path_taken":["M","M","M","M","?","R","E","R","T","$","M","?","R","M","R","BOSS"],"build_version":"2019-07-05","purchased_purges":1,"victory":false,"max_hp_per_floor":[66,66,66,66,66,66,66,66,66,66,66,66,66,66,66,66],"card_choices":[{"not_picked":["Cloak And Dagger","Slice"],"picked":"Flying Knee","floor":1.0},{"not_picked":["Dagger Throw","Blade Dance"],"picked":"Flechettes","floor":2.0},{"not_picked":["Eviscerate","Dagger Throw"],"picked":"After Image","floor":3.0},{"not_picked":["Crippling Poison","Backflip"],"picked":"All Out Attack","floor":4.0},{"not_picked":["Quick Slash","Dagger Throw"],"picked":"Masterful Stab","floor":7.0},{"not_picked":["Reflex","Quick Slash"],"picked":"Dash","floor":11.0},{"not_picked":["Slice","Dodge and Roll"],"picked":"Leg Sweep","floor":14}],"player_experience":883194,"relics_obtained":[{"floor":7.0,"key":"Vajra"},{"floor":9.0,"key":"Omamori"}],"event_choices":[{"damage_healed":16.0,"max_hp_gain":0.0,"max_hp_loss":0.0,"gold_gain":0.0,"event_name":"The Cleric","player_choice":"Healed","floor":5.0,"gold_loss":35.0,"damage_taken":0.0},{"damage_healed":0,"gold_gain":0,"player_choice":"Fled","damage_taken":0,"max_hp_gain":0,"max_hp_loss":0,"event_name":"Scrap Ooze","floor":12,"gold_loss":0}],"is_beta":false,"boss_relics":[],"items_purged_floors":[10],"is_endless":false,"potions_floor_spawned":[3,4,11],"killed_by":"Slime Boss","ascension_level":20}