{"gold_per_floor":[109,123,136,149,162,187,187,213,213,213,223,253,17,17,17,143,143,158,172,26,50,71,71,71,90,144,144],"floor_reached":27,"playtime":1166,"items_purged":[],"score":367,"play_id":"5633d895-9dd4-48ad-a07e-3ed8b8388ae8","local_time":"20181227215256","is_ascension_mode":true,"campfire_choices":[{"floor":7.0,"key":"REST"},{"floor":10.0,"key":"REST"},{"data":"Armaments","floor":15.0,"key":"SMITH"},{"floor":23.0,"key":"REST"}],"neow_cost":"NONE","seed_source_timestamp":0,"circlet_count":0,"master_deck":["AscendersBane","Bash+1","Armaments","Twin Strike","Headbutt","Dropkick","Flex","Iron Wave","Impervious","Armaments+1","Shockwave","Flash of Steel+1","Rage","Heavy Blade+1","Juggernaut","Dual Wield","Flex","Thunderclap+1","Combust","Corruption","Havoc","Twin Strike+1","Spot Weakness+1","Heavy Blade+1","Pommel Strike+1"],"special_seed":0,"relics":["Burning Blood","Shuriken","Bag of Preparation","Blue Candle","Molten Egg 2","Vajra","Golden Idol","Pandora\u0027s Box","Juzu Bracelet","Smiling Mask"],"potions_floor_usage":[],"damage_taken":[{"damage":1.0,"enemies":"Cultist","floor":1.0,"turns":4.0},{"damage":7.0,"enemies":"Small Slimes","floor":2.0,"turns":6.0},{"damage":2.0,"enemies":"Jaw Worm","floor":3.0,"turns":3.0},{"damage":1.0,"enemies":"2 Fungi Beasts","floor":4.0,"turns":3.0},{"damage":49.0,"enemies":"Gremlin Gang","floor":5.0,"turns":5.0},{"damage":30.0,"enemies":"3 Sentries","floor":6.0,"turns":9.0},{"damage":16.0,"enemies":"Gremlin Nob","floor":8.0,"turns":4.0},{"damage":11.0,"enemies":"Exordium Thugs","floor":11.0,"turns":8.0},{"damage":5.0,"enemies":"3 Sentries","floor":12.0,"turns":10.0},{"damage":21.0,"enemies":"The Guardian","floor":16.0,"turns":12.0},{"damage":7.0,"enemies":"Chosen","floor":18.0,"turns":4.0},{"damage":29.0,"enemies":"2 Thieves","floor":19.0,"turns":4.0},{"damage":26.0,"enemies":"Centurion and Healer","floor":21.0,"turns":6.0},{"damage":15.0,"enemies":"3 Cultists","floor":22.0,"turns":5.0},{"damage":24.0,"enemies":"Snecko","floor":25.0,"turns":5.0},{"damage":16,"enemies":"Snake Plant","floor":27,"turns":2}],"seed_played":"-3359746423994228310","potions_obtained":[{"floor":3.0,"key":"Swift Potion"},{"floor":4.0,"key":"PowerPotion"},{"floor":5.0,"key":"Strength Potion"},{"floor":8.0,"key":"Strength Potion"},{"floor":12.0,"key":"Ancient Potion"},{"floor":19.0,"key":"Fire Potion"},{"floor":22.0,"key":"Poison Potion"}],"is_trial":false,"path_per_floor":["M","M","M","M","M","E","R","E","T","R","M","E","$","?","R","B",null,"M","M","$","M","M","R","?","M","T","M"],"character_chosen":"IRONCLAD","items_purchased":["Vajra","Flash of Steel+1","Juzu Bracelet"],"campfire_rested":3,"item_purchase_floors":[13,13,20],"current_hp_per_floor":[77,76,80,80,37,13,37,27,27,51,46,47,47,27,27,12,63,62,39,39,19,10,34,34,16,16,0],"gold":144,"neow_bonus":"UPGRADE_CARD","is_prod":false,"is_daily":false,"chose_seed":false,"campfire_upgraded":1,"win_rate":0,"timestamp":1545965576,"path_taken":["M","M","M","M","M","E","R","E","T","R","M","E","$","?","R","BOSS","M","M","$","M","M","R","?","M","T","M"],"build_version":"2018-12-20","purchased_purges":0,"victory":false,"max_hp_per_floor":[80,80,80,80,80,80,80,80,80,80,80,80,80,80,80,80,80,80,80,80,80,80,80,80,80,80,80],"card_choices":[{"not_picked":["Heavy Blade","Sword Boomerang"],"picked":"Armaments","floor":1.0},{"not_picked":["Ghostly Armor","Combust"],"picked":"Twin Strike","floor":2.0},{"not_picked":["Thunderclap","True Grit"],"picked":"Headbutt","floor":3.0},{"not_picked":["Entrench","Rampage"],"picked":"Dropkick","floor":4.0},{"not_picked":["Reckless Charge","Entrench"],"picked":"Flex","floor":5.0},{"not_picked":["Warcry","Searing Blow"],"picked":"Iron Wave","floor":6.0},{"not_picked":["Cleave","Havoc"],"picked":"Impervious","floor":8.0},{"not_picked":["Feel No Pain","Carnage"],"picked":"Armaments","floor":11.0},{"not_picked":["Disarm","Twin Strike"],"picked":"Shockwave","floor":12.0},{"not_picked":["Bloodletting+1","Wild Strike+1"],"picked":"Twin Strike+1","floor":18.0},{"not_picked":["Headbutt+1","Clash+1"],"picked":"Spot Weakness+1","floor":19.0},{"not_picked":["Havoc","Power Through","Flex"],"picked":"SKIP","floor":21.0},{"not_picked":["Ghostly Armor","Searing Blow+1"],"picked":"Heavy Blade+1","floor":22.0},{"not_picked":["Flex","Evolve"],"picked":"Pommel Strike+1","floor":25.0}],"player_experience":542187,"relics_obtained":[{"floor":6.0,"key":"Shuriken"},{"floor":8.0,"key":"Bag of Preparation"},{"floor":9.0,"key":"Blue Candle"},{"floor":12.0,"key":"Molten Egg 2"},{"floor":26.0,"key":"Smiling Mask"}],"event_choices":[{"damage_healed":0.0,"max_hp_gain":0.0,"max_hp_loss":0.0,"gold_gain":0.0,"event_name":"Golden Idol","player_choice":"Take Damage","floor":14.0,"gold_loss":0.0,"damage_taken":20.0,"relics_obtained":["Golden Idol"]}],"is_beta":false,"boss_relics":[{"not_picked":["Cursed Key","Calling Bell"],"picked":"Pandora\u0027s Box"}],"items_purged_floors":[],"is_endless":false,"potions_floor_spawned":[3,4,5,8,12,19,22,25],"killed_by":"Snake Plant","ascension_level":11}