{"gold_per_floor":[110,110,71,71,85,85,103,103,174,206,222,237,237,252,252,354,354,370,385,70,82,82,110,110,139,192,192,210,238,39,139,139,235,235,252,266,266,286,26,26,26],"floor_reached":41,"playtime":1602,"items_purged":["Defend_G","Strike_G"],"score":524,"play_id":"e66f5bfb-7cc1-4e68-9769-006bf6a59b3d","local_time":"20190204101935","is_ascension_mode":true,"campfire_choices":[{"data":"Neutralize","floor":6,"key":"SMITH"},{"floor":8,"key":"REST"},{"floor":15,"key":"REST"},{"floor":24,"key":"REST"},{"floor":27,"key":"REST"},{"floor":32,"key":"REST"},{"floor":40,"key":"REST"}],"neow_cost":"NONE","seed_source_timestamp":574065568281756,"circlet_count":0,"master_deck":["Survivor","Neutralize+1","Deadly Poison","Dash","Slice","Flying Knee","Blur","Heel Hook+1","Heel Hook+1","Noxious Fumes","Riddle With Holes+1","Footwork+1","Catalyst","Noxious Fumes","Blur+1","Noxious Fumes","Terror","Riddle With Holes+1","Phantasmal Killer","Storm of Steel","Storm of Steel","Crippling Poison","Dagger Spray+1","Dagger Throw+1","Slice+1","Catalyst","Dodge and Roll+1","Jack Of All Trades"],"relics":["Ring of the Snake","FaceOfCleric","Molten Egg 2","Smiling Mask","Sozu","Lee\u0027s Waffle","MutagenicStrength","Bronze Scales","Lantern","Blood Vial","Dead Branch","Oddly Smooth Stone","Pandora\u0027s Box","Kunai"],"potions_floor_usage":[16,33,33],"damage_taken":[{"damage":0,"enemies":"2 Louse","floor":1,"turns":3},{"damage":0,"enemies":"Small Slimes","floor":5,"turns":4},{"damage":0,"enemies":"Cultist","floor":7,"turns":4},{"damage":4,"enemies":"Gremlin Nob","floor":10,"turns":4},{"damage":3,"enemies":"Gremlin Gang","floor":11,"turns":7},{"damage":0,"enemies":"3 Louse","floor":12,"turns":4},{"damage":4,"enemies":"Exordium Thugs","floor":14,"turns":7},{"damage":12,"enemies":"Hexaghost","floor":16,"turns":9},{"damage":18,"enemies":"Spheric Guardian","floor":18,"turns":5},{"damage":0,"enemies":"Chosen","floor":19,"turns":4},{"damage":15,"enemies":"Centurion and Healer","floor":21,"turns":8},{"damage":28,"enemies":"Book of Stabbing","floor":23,"turns":6},{"damage":50,"enemies":"Slavers","floor":25,"turns":7},{"damage":8,"enemies":"Snake Plant","floor":28,"turns":4},{"damage":30,"enemies":"Gremlin Leader","floor":29,"turns":6},{"damage":42,"enemies":"Collector","floor":33,"turns":8},{"damage":0,"enemies":"Orb Walker","floor":35,"turns":3},{"damage":19,"enemies":"3 Darklings","floor":36,"turns":4},{"damage":59,"enemies":"Maw","floor":38,"turns":7},{"damage":58,"enemies":"Nemesis","floor":41,"turns":5}],"seed_played":"6837408252741262042","potions_obtained":[{"floor":5,"key":"GhostInAJar"},{"floor":10,"key":"LiquidBronze"},{"floor":16,"key":"Fire Potion"}],"is_trial":false,"path_per_floor":["M","?","$","?","M","R","M","R","T","E","M","M","?","M","R","B",null,"M","M","$","M","?","E","R","E","T","R","M","E","$","?","R","B",null,"M","M","?","M","$","R","E"],"character_chosen":"THE_SILENT","items_purchased":["Dash","Lee\u0027s Waffle","Catalyst","Oddly Smooth Stone","Kunai"],"campfire_rested":6,"item_purchase_floors":[3,20,20,30,39],"current_hp_per_floor":[77,62,62,62,63,63,64,79,79,76,74,75,75,72,83,72,84,67,68,93,79,79,52,80,31,31,59,54,27,27,27,56,17,99,100,82,82,26,26,56,0],"gold":26,"neow_bonus":"TEN_PERCENT_HP_BONUS","is_prod":false,"is_daily":false,"chose_seed":false,"campfire_upgraded":1,"win_rate":0,"timestamp":1549304375,"path_taken":["M","?","$","?","M","R","M","R","T","E","?","?","?","M","R","BOSS","M","M","$","M","?","E","R","E","T","R","M","E","$","?","R","BOSS","M","M","?","M","$","R","E"],"build_version":"2019-01-23","purchased_purges":2,"victory":false,"max_hp_per_floor":[77,77,77,77,78,78,79,79,79,80,81,82,82,83,83,84,84,85,86,93,94,94,95,95,96,96,96,97,98,98,98,98,99,99,100,101,101,102,102,102,102],"card_choices":[{"not_picked":["Underhanded Strike","Blade Dance"],"picked":"Deadly Poison","floor":1},{"not_picked":["Underhanded Strike","PiercingWail"],"picked":"Slice","floor":5},{"not_picked":["Caltrops","Predator"],"picked":"Flying Knee","floor":7},{"not_picked":["Dodge and Roll","Outmaneuver"],"picked":"Blur","floor":10},{"not_picked":["Cloak And Dagger","Eviscerate+1"],"picked":"Heel Hook+1","floor":11},{"not_picked":["Underhanded Strike+1","Dodge and Roll"],"picked":"Heel Hook+1","floor":12},{"not_picked":["Caltrops","Predator+1"],"picked":"Noxious Fumes","floor":14},{"not_picked":["Flying Knee+1","Crippling Poison+1"],"picked":"Riddle With Holes+1","floor":18},{"not_picked":["Flechettes+1","Backflip"],"picked":"Footwork+1","floor":19},{"not_picked":["Crippling Poison","Dagger Throw+1"],"picked":"Noxious Fumes","floor":21},{"not_picked":["Deflect","Deadly Poison"],"picked":"Blur+1","floor":23},{"not_picked":["Wraith Form v2","Blur"],"picked":"Noxious Fumes","floor":25},{"not_picked":["Backflip","Infinite Blades"],"picked":"Terror","floor":28},{"not_picked":["Outmaneuver","Poisoned Stab+1"],"picked":"Riddle With Holes+1","floor":29},{"not_picked":["Reflex","Cloak And Dagger"],"picked":"Catalyst","floor":35},{"not_picked":["Cloak And Dagger+1","PiercingWail"],"picked":"Dodge and Roll+1","floor":36},{"not_picked":["Secret Weapon","Dark Shackles"],"picked":"Jack Of All Trades","floor":37},{"not_picked":["Outmaneuver","Underhanded Strike+1","Flying Knee+1"],"picked":"SKIP","floor":38}],"player_experience":188937,"relics_obtained":[{"floor":9,"key":"Molten Egg 2"},{"floor":10,"key":"Smiling Mask"},{"floor":23,"key":"Bronze Scales"},{"floor":25,"key":"Lantern"},{"floor":26,"key":"Blood Vial"},{"floor":29,"key":"Dead Branch"}],"event_choices":[{"damage_healed":0,"gold_gain":0,"player_choice":"Entered Light","damage_taken":15,"max_hp_gain":0,"max_hp_loss":0,"event_name":"Shining Light","floor":2,"gold_loss":0,"cards_upgraded":["Strike_G","Defend_G"]},{"damage_healed":0,"gold_gain":0,"player_choice":"Trade","damage_taken":0,"relics_obtained":["FaceOfCleric"],"max_hp_gain":0,"max_hp_loss":0,"event_name":"FaceTrader","floor":4,"gold_loss":0},{"cards_removed":["Strike_G"],"damage_healed":0,"gold_gain":0,"player_choice":"Card Removal","damage_taken":0,"max_hp_gain":0,"max_hp_loss":0,"event_name":"Wheel of Change","floor":13,"gold_loss":0},{"damage_healed":0,"gold_gain":0,"player_choice":"Inject Mutagens","damage_taken":0,"relics_obtained":["MutagenicStrength"],"max_hp_gain":0,"max_hp_loss":0,"event_name":"Drug Dealer","floor":22,"gold_loss":0},{"damage_healed":0,"gold_gain":100,"player_choice":"Pray","damage_taken":0,"max_hp_gain":0,"max_hp_loss":0,"event_name":"Golden Shrine","floor":31,"gold_loss":0},{"damage_healed":0,"gold_gain":0,"player_choice":"Memory 1","damage_taken":0,"max_hp_gain":0,"max_hp_loss":0,"event_name":"SensoryStone","floor":37,"gold_loss":0}],"is_beta":false,"boss_relics":[{"not_picked":["Eternal Feather","Runic Pyramid"],"picked":"Sozu"},{"not_picked":["Runic Dome","Calling Bell"],"picked":"Pandora\u0027s Box"}],"items_purged_floors":[20,30],"is_endless":false,"potions_floor_spawned":[5,10,16,19,23,28,35],"killed_by":"Nemesis","ascension_level":1}