{"path_per_floor":["M","?","?","M","M","R","$","M","T","M","R","M","M","$","R","B",null,"M","?","?","?","M","M"],"character_chosen":"THE_SILENT","items_purchased":["Noxious Fumes","Prepared"],"gold_per_floor":[118,118,118,128,147,147,37,52,52,38,38,48,64,37,37,132,132,148,148,148,148,162,178],"floor_reached":24,"campfire_rested":1,"playtime":1437,"current_hp_per_floor":[63,51,51,51,51,51,51,48,48,48,63,63,63,63,63,53,63,55,55,55,55,55,20],"items_purged":["Strike_G"],"gold":178,"play_id":"232db2a0-af6c-4b73-8e3b-0eb282a84165","is_prod":false,"is_daily":false,"is_ascension_mode":false,"campfire_upgraded":2,"path_taken":["M","?","?","M","M","R","?","M","T","?","R","M","?","$","R","BOSS","M","?","?","?","?","M","M"],"build_version":"2018-02-01-PROD3","purchased_purges":1,"victory":false,"master_deck":["Defend_G","Defend_G","Defend_G","Defend_G","Defend_G","Strike_G+1","Strike_G","Strike_G","Survivor+1","Neutralize+1","Outmaneuver","Poisoned Stab","Quick Slash","Noxious Fumes","Flying Knee","Bane","Backflip","Prepared+1","Night Terror","Neutralize+1","Sucker Punch","Poisoned Stab+1"],"max_hp_per_floor":[63,63,63,63,63,63,63,63,63,63,63,63,63,63,63,63,63,63,63,63,63,63,63],"relics":["Ring of the Snake","Thread and Needle","Bird Faced Urn","Sozu"],"card_choices":[{"not_picked":["Sucker Punch","Dagger Throw"],"picked":"Outmaneuver"},{"not_picked":["Outmaneuver","Infinite Blades"],"picked":"Poisoned Stab"},{"not_picked":["PiercingWail","Outmaneuver"],"picked":"Quick Slash"},{"not_picked":["Noxious Fumes","Flechettes"],"picked":"Flying Knee"},{"not_picked":["PiercingWail","Dodge and Roll"],"picked":"Bane"},{"not_picked":["Glass Knife","Caltrops"],"picked":"Backflip"},{"not_picked":["Die Die Die","Tools of the Trade"],"picked":"Night Terror"},{"not_picked":["Flying Knee","Sucker Punch"],"picked":"Poisoned Stab"}],"player_experience":56086,"potions_floor_usage":[16,16,16],"damage_taken":[{"damage":0,"enemies":"Blue Slaver","floor":1,"turns":5},{"damage":0,"enemies":"2 Louse","floor":4,"turns":3},{"damage":0,"enemies":"Cultist","floor":5,"turns":4},{"damage":3,"enemies":"3 Louse","floor":8,"turns":3},{"damage":2,"enemies":"Exordium Thugs","floor":10,"turns":4},{"damage":0,"enemies":"2 Fungi Beasts","floor":12,"turns":3},{"damage":0,"enemies":"Exordium Wildlife","floor":13,"turns":5},{"damage":25,"enemies":"Slime Boss","floor":16,"turns":9},{"damage":8,"enemies":"Chosen","floor":18,"turns":5},{"damage":2,"enemies":"Shell Parasite","floor":22,"turns":6},{"damage":37,"enemies":"Cultist and Chosen","floor":23,"turns":8},{"damage":23,"enemies":"Chosen and Byrds","floor":24,"turns":5}],"event_choices":[{"event_name":"Shining Light","player_choice":"Entered Light","floor":2,"damage_taken":0},{"event_name":"The Lab","player_choice":"Got Potions","floor":3,"damage_taken":0},{"event_name":"Vampires","player_choice":"Ignored","floor":19,"damage_taken":0},{"event_name":"Duplicator","player_choice":"One dupe","floor":20,"damage_taken":0},{"event_name":"Transmorgrifier","player_choice":"Transform","floor":21,"damage_taken":0}],"boss_relics":[{"not_picked":["Velvet Choker","White Beast Statue"],"picked":"Sozu"}],"potions_floor_spawned":[10,12,13,18],"seed_played":"8306388381776964228","killed_by":"Chosen and Byrds","ascension_level":0,"is_trial":false}