{"gold_per_floor":[111,111,111,111,128,128,148,178,178,178,158,158,184,196,196,270,270,285,123,123,135,147,147,35,35,60,60,87,87,119,131,131,131],"floor_reached":33,"playtime":1560,"items_purged":[],"score":607,"play_id":"b05dbf1d-ab3f-40d7-9afc-da685a68091e","local_time":"20190629162210","is_ascension_mode":true,"campfire_choices":[{"data":"Quick Slash","floor":6.0,"key":"SMITH"},{"data":"Dagger Spray","floor":10.0,"key":"SMITH"},{"floor":12.0,"key":"REST"},{"floor":15.0,"key":"RECALL"},{"data":"Noxious Fumes","floor":23.0,"key":"SMITH"},{"data":"Survivor","floor":25.0,"key":"SMITH"},{"data":"Defend_G","floor":27.0,"key":"SMITH"},{"floor":32.0,"key":"REST"}],"neow_cost":"NONE","seed_source_timestamp":0,"circlet_count":0,"master_deck":["AscendersBane","Defend_G+1","Defend_G","Defend_G","Defend_G","Defend_G","Survivor+1","Neutralize+1","Quick Slash+1","Dagger Spray+1","Bouncing Flask+1","Blade Dance+1","Dodge and Roll+1","Burst+1","Acrobatics+1","Noxious Fumes+1","Bite","Bite","Bite","Bite","Bite","Dash+1","Setup+1","Terror+1","Heel Hook","Bane+1","Adrenaline+1","Bouncing Flask+1"],"special_seed":0,"relics":["Ring of the Snake","Juzu Bracelet","FossilizedHelix","Toxic Egg 2","Torii","Omamori","Velvet Choker","Bag of Preparation","Pen Nib","The Courier"],"potions_floor_usage":[33,33],"damage_taken":[{"damage":0.0,"enemies":"2 Louse","floor":1.0,"turns":4.0},{"damage":0.0,"enemies":"Cultist","floor":5.0,"turns":4.0},{"damage":0.0,"enemies":"Small Slimes","floor":7.0,"turns":3.0},{"damage":19.0,"enemies":"Gremlin Nob","floor":8.0,"turns":5.0},{"damage":1.0,"enemies":"Lagavulin","floor":13.0,"turns":7.0},{"damage":0.0,"enemies":"Looter","floor":14.0,"turns":2.0},{"damage":19.0,"enemies":"Slime Boss","floor":16.0,"turns":11.0},{"damage":12.0,"enemies":"Spheric Guardian","floor":18.0,"turns":5.0},{"damage":2.0,"enemies":"3 Byrds","floor":21.0,"turns":5.0},{"damage":14.0,"enemies":"Sentry and Sphere","floor":22.0,"turns":7.0},{"damage":41.0,"enemies":"Slavers","floor":28.0,"turns":6.0},{"damage":11.0,"enemies":"Gremlin Leader","floor":30.0,"turns":6.0},{"damage":10.0,"enemies":"Shelled Parasite and Fungi","floor":31.0,"turns":10.0},{"damage":69,"enemies":"Champ","floor":33,"turns":11}],"seed_played":"-5580146518495227584","potions_obtained":[{"floor":5.0,"key":"Fire Potion"},{"floor":11.0,"key":"Swift Potion"},{"floor":13.0,"key":"Energy Potion"},{"floor":31.0,"key":"FearPotion"}],"is_trial":false,"path_per_floor":["M","?","?","?","M","R","M","E","T","R","?","R","E","M","R","B",null,"M","$","?","M","M","R","$","R","T","R","E","?","E","M","R","B"],"character_chosen":"THE_SILENT","items_purchased":["Regen Potion","Noxious Fumes","Terror+1","Heel Hook"],"campfire_rested":2,"item_purchase_floors":[19,19,24,24],"current_hp_per_floor":[59,59,48,48,48,48,48,29,29,29,29,48,47,47,47,28,57,45,45,45,46,37,37,37,37,37,37,15,15,20,30,43,0],"gold":131,"neow_bonus":"RANDOM_COMMON_RELIC","is_prod":false,"is_daily":false,"chose_seed":false,"campfire_upgraded":5,"win_rate":0,"timestamp":1561839730,"path_taken":["M","?","?","?","M","R","M","E","T","R","?","R","E","M","R","BOSS","M","?","?","M","M","R","$","R","T","R","E","?","E","M","R","BOSS"],"build_version":"2019-01-23","purchased_purges":0,"victory":false,"max_hp_per_floor":[66,66,66,66,66,66,66,66,66,66,66,66,66,66,66,66,66,66,66,46,46,46,46,46,46,46,46,46,46,46,46,46,46],"card_choices":[{"not_picked":["Slice","Cloak And Dagger"],"picked":"Quick Slash","floor":1.0},{"not_picked":["Dagger Throw","Venomology","Backflip"],"picked":"SKIP","floor":5.0},{"not_picked":["PiercingWail","Slice"],"picked":"Dagger Spray","floor":7.0},{"not_picked":["Catalyst","Deflect"],"picked":"Bouncing Flask","floor":8.0},{"not_picked":["Masterful Stab","Caltrops"],"picked":"Blade Dance+1","floor":13.0},{"not_picked":["Eviscerate","Calculated Gamble+1"],"picked":"Dodge and Roll+1","floor":14.0},{"not_picked":["Die Die Die","Envenom"],"picked":"Burst+1","floor":16.0},{"not_picked":["Eviscerate","Underhanded Strike"],"picked":"Acrobatics+1","floor":18.0},{"not_picked":["Reflex+1","Quick Slash"],"picked":"Dash+1","floor":21.0},{"not_picked":["Underhanded Strike+1","Poisoned Stab"],"picked":"Setup+1","floor":22.0},{"not_picked":["Reflex+1","Deadly Poison+1"],"picked":"Bane","floor":28.0},{"not_picked":["Endless Agony","Prepared+1"],"picked":"Adrenaline+1","floor":30.0},{"not_picked":["Bane","Prepared+1"],"picked":"Bouncing Flask+1","floor":31.0}],"player_experience":804929,"relics_obtained":[{"floor":8.0,"key":"Toxic Egg 2"},{"floor":9.0,"key":"Torii"},{"floor":13.0,"key":"Omamori"},{"floor":26.0,"key":"Bag of Preparation"},{"floor":28.0,"key":"Pen Nib"},{"floor":30.0,"key":"The Courier"}],"event_choices":[{"damage_healed":0.0,"max_hp_gain":0.0,"max_hp_loss":0.0,"gold_gain":0.0,"event_name":"Shining Light","player_choice":"Ignored","floor":2.0,"gold_loss":0.0,"damage_taken":0.0},{"damage_healed":0.0,"max_hp_gain":0.0,"max_hp_loss":0.0,"gold_gain":0.0,"event_name":"Scrap Ooze","player_choice":"Success","floor":3.0,"gold_loss":0.0,"damage_taken":11.0,"relics_obtained":["FossilizedHelix"]},{"damage_healed":0.0,"max_hp_gain":0.0,"max_hp_loss":0.0,"gold_gain":0.0,"event_name":"Living Wall","player_choice":"Grow","floor":4.0,"gold_loss":0.0,"damage_taken":0.0,"cards_upgraded":["Neutralize"]},{"damage_healed":0.0,"max_hp_gain":0.0,"max_hp_loss":0.0,"gold_gain":0.0,"event_name":"The Woman in Blue","player_choice":"Bought 1 Potion","floor":11.0,"gold_loss":0.0,"damage_taken":0.0},{"damage_healed":0.0,"max_hp_gain":0.0,"max_hp_loss":20.0,"gold_gain":0.0,"event_name":"Vampires","player_choice":"Became a vampire","floor":20.0,"gold_loss":0.0,"damage_taken":0.0,"cards_obtained":["Bite","Bite","Bite","Bite","Bite"]},{"damage_healed":0.0,"max_hp_gain":0.0,"max_hp_loss":0.0,"gold_gain":0.0,"event_name":"Upgrade Shrine","player_choice":"Upgraded","floor":29.0,"gold_loss":0.0,"damage_taken":0.0,"cards_upgraded":["Bane"]}],"is_beta":false,"boss_relics":[{"not_picked":["Runic Dome","Orrery"],"picked":"Velvet Choker"}],"items_purged_floors":[],"is_endless":false,"potions_floor_spawned":[5,13,14,21,31],"killed_by":"Champ","ascension_level":20}