{"gold_per_floor":[111,111,111,178,228,228,240,240,240,272,272,292,35,66,66,166,166,150,167,187,7,22,22,49,67,90,122,122,148,148,167,167,264,264,279,298,318,3,19,19,52,52,52,71,121,147,167,184,184,184],"floor_reached":50,"playtime":3853,"items_purged":["Strike_B","Strike_B","Strike_B"],"score":977,"play_id":"8aa80491-07c7-4f24-b8b6-0b0a8359b182","local_time":"20190709060341","is_ascension_mode":true,"campfire_choices":[{"data":"Zap","floor":6.0,"key":"SMITH"},{"data":"Sunder","floor":8.0,"key":"SMITH"},{"data":"Defragment","floor":11.0,"key":"SMITH"},{"data":"Creative AI","floor":15.0,"key":"SMITH"},{"floor":23.0,"key":"REST"},{"floor":28.0,"key":"REST"},{"data":"Coolheaded","floor":30.0,"key":"SMITH"},{"floor":32.0,"key":"REST"},{"floor":40,"key":"REST"},{"data":"Seek","floor":42,"key":"SMITH"},{"floor":49,"key":"REST"}],"neow_cost":"NONE","seed_source_timestamp":33503749432239,"circlet_count":0,"master_deck":["Defend_B","Defend_B","Defend_B","Defend_B","Zap+1","Dualcast","Glacier","Sunder+1","Chill","Defragment+1","Machine Learning","Cold Snap","Creative AI+1","Compile Driver","Defragment+1","Self Repair","Coolheaded+1","Seek+1","Defragment+1","Gash+1","White Noise","Barrage","Amplify"],"special_seed":0,"relics":["Cracked Core","SsserpentHead","Ornamental Fan","Bag of Preparation","Membership Card","Centennial Puzzle","Orrery","DollysMirror","Shuriken","PreservedInsect","Bottled Tornado","Snecko Eye","Pear","Pantograph","Bronze Scales","Bottled Lightning"],"potions_floor_usage":[50,50,50],"damage_taken":[{"damage":0.0,"enemies":"2 Louse","floor":1.0,"turns":3.0},{"damage":1.0,"enemies":"Cultist","floor":4.0,"turns":4.0},{"damage":0.0,"enemies":"Small Slimes","floor":7.0,"turns":3.0},{"damage":0.0,"enemies":"Gremlin Nob","floor":10.0,"turns":3.0},{"damage":0.0,"enemies":"Blue Slaver","floor":12.0,"turns":5.0},{"damage":6.0,"enemies":"3 Sentries","floor":14.0,"turns":8.0},{"damage":0.0,"enemies":"Slime Boss","floor":16.0,"turns":6.0},{"damage":11.0,"enemies":"2 Thieves","floor":18.0,"turns":4.0},{"damage":5.0,"enemies":"3 Byrds","floor":19.0,"turns":7.0},{"damage":6.0,"enemies":"Shelled Parasite and Fungi","floor":20.0,"turns":13.0},{"damage":8.0,"enemies":"Chosen and Byrds","floor":22.0,"turns":8.0},{"damage":35.0,"enemies":"Book of Stabbing","floor":24.0,"turns":12.0},{"damage":5.0,"enemies":"Snake Plant","floor":25.0,"turns":7.0},{"damage":21.0,"enemies":"Slavers","floor":27.0,"turns":8.0},{"damage":23.0,"enemies":"Book of Stabbing","floor":29.0,"turns":8.0},{"damage":16.0,"enemies":"Sentry and Sphere","floor":31.0,"turns":7.0},{"damage":46,"enemies":"Collector","floor":33,"turns":25},{"damage":0,"enemies":"3 Shapes","floor":35,"turns":6},{"damage":9,"enemies":"Orb Walker","floor":36,"turns":9},{"damage":21,"enemies":"Writhing Mass","floor":37,"turns":13},{"damage":0,"enemies":"4 Shapes","floor":39,"turns":8},{"damage":0,"enemies":"Reptomancer","floor":41,"turns":10},{"damage":41,"enemies":"Spire Growth","floor":44,"turns":9},{"damage":1,"enemies":"Giant Head","floor":46,"turns":13},{"damage":16,"enemies":"Writhing Mass","floor":47,"turns":11},{"damage":51,"enemies":"Transient","floor":48,"turns":5},{"damage":72,"enemies":"Donu and Deca","floor":50,"turns":6}],"seed_played":"-8543445797445038007","potions_obtained":[{"floor":1.0,"key":"AttackPotion"},{"floor":10.0,"key":"Energy Potion"},{"floor":14.0,"key":"EssenceOfSteel"},{"floor":20.0,"key":"Poison Potion"},{"floor":27.0,"key":"AttackPotion"},{"floor":33,"key":"Ancient Potion"},{"floor":35,"key":"Ancient Potion"},{"floor":39,"key":"EssenceOfSteel"}],"is_trial":false,"path_per_floor":["M","?","?","M","?","R","M","R","T","E","R","M","$","E","R","B",null,"M","M","M","$","M","R","E","M","T","E","R","E","R","M","R","B",null,"M","M","M","$","M","R","E","R","T","M","?","E","M","M","R","B"],"character_chosen":"DEFECT","items_purchased":["Membership Card","Cold Snap","DollysMirror","Self Repair","Pear","Pantograph"],"campfire_rested":5,"item_purchase_floors":[13,13,21,21,38,38],"current_hp_per_floor":[68,68,68,67,72,72,72,72,72,72,72,72,72,66,66,66,77,66,61,55,55,54,78,50,52,52,38,62,46,46,37,61,22,66,73,71,57,67,74,90,90,90,90,56,56,62,53,9,34,0],"gold":184,"neow_bonus":"THREE_CARDS","is_prod":false,"is_daily":false,"chose_seed":false,"campfire_upgraded":6,"win_rate":0,"timestamp":1562645021,"path_taken":["M","?","?","?","?","R","M","R","T","E","R","M","$","E","R","BOSS","M","M","M","$","M","R","E","M","T","E","R","E","R","M","R","BOSS","M","M","M","$","M","R","E","R","T","M","?","E","M","M","R","BOSS"],"build_version":"2019-07-05","purchased_purges":3,"victory":false,"max_hp_per_floor":[75,75,75,75,80,80,80,80,80,80,80,80,80,80,80,80,80,80,80,80,80,80,80,80,80,80,80,80,80,80,80,80,80,80,80,80,80,90,90,90,90,90,90,90,85,85,85,85,85,85],"card_choices":[{"not_picked":["Steam","Barrage"],"picked":"Glacier","floor":0.0},{"not_picked":["Force Field","Streamline"],"picked":"Sunder","floor":1.0},{"not_picked":["Barrage","Turbo","Hello World"],"picked":"SKIP","floor":4.0},{"not_picked":["FTL","Fusion","Storm"],"picked":"SKIP","floor":7.0},{"not_picked":["Melter","Streamline"],"picked":"Defragment","floor":10.0},{"not_picked":["Go for the Eyes","Steam"],"picked":"Machine Learning","floor":12.0},{"not_picked":["Recycle","Doom and Gloom"],"picked":"Creative AI","floor":14.0},{"not_picked":["Cold Snap","Rebound"],"picked":"Compile Driver","floor":17.0},{"not_picked":["Sunder+1","Hologram+1","Barrage+1"],"picked":"SKIP","floor":18.0},{"not_picked":["Beam Cell+1","Rebound","Hologram"],"picked":"SKIP","floor":19.0},{"not_picked":["Electrodynamics","Sweeping Beam","Go for the Eyes"],"picked":"SKIP","floor":20.0},{"not_picked":["Cold Snap","Compile Driver","Beam Cell"],"picked":"SKIP","floor":22.0},{"not_picked":["Auto Shields","Go for the Eyes+1"],"picked":"Coolheaded","floor":24.0},{"not_picked":["Leap","Hologram","Barrage"],"picked":"SKIP","floor":25.0},{"not_picked":["Hologram","Hyperbeam","Lockon"],"picked":"SKIP","floor":27.0},{"not_picked":["Reprogram+1","Turbo+1","Beam Cell"],"picked":"SKIP","floor":29.0},{"not_picked":["Fusion","Rebound","Gash"],"picked":"SKIP","floor":31.0},{"not_picked":["Meteor Strike","Echo Form"],"picked":"Seek","floor":33},{"not_picked":["Storm+1","Sunder","Rebound"],"picked":"SKIP","floor":35},{"not_picked":["Go for the Eyes","Barrage","Lockon+1"],"picked":"SKIP","floor":36},{"not_picked":["Heatsinks+1","Rebound+1","Barrage"],"picked":"SKIP","floor":37},{"not_picked":["Coolheaded","Ball Lightning+1","Leap+1"],"picked":"SKIP","floor":39},{"not_picked":["Steam","Cold Snap"],"picked":"Defragment+1","floor":41},{"not_picked":["Sweeping Beam+1","Beam Cell"],"picked":"Gash+1","floor":44},{"not_picked":["Genetic Algorithm+1","Conserve Battery+1"],"picked":"White Noise","floor":46},{"not_picked":["Conserve Battery+1","Defragment+1"],"picked":"Barrage","floor":47},{"not_picked":["Compile Driver+1","Double Energy"],"picked":"Amplify","floor":48}],"player_experience":47785,"relics_obtained":[{"floor":9.0,"key":"Ornamental Fan"},{"floor":10.0,"key":"Bag of Preparation"},{"floor":14.0,"key":"Centennial Puzzle"},{"floor":24.0,"key":"Shuriken"},{"floor":26.0,"key":"PreservedInsect"},{"floor":29.0,"key":"Bottled Tornado"},{"floor":41,"key":"Bronze Scales"},{"floor":46,"key":"Bottled Lightning"}],"event_choices":[{"damage_healed":0.0,"max_hp_gain":0.0,"max_hp_loss":0.0,"gold_gain":0.0,"cards_transformed":["Strike_B"],"event_name":"Living Wall","player_choice":"Change","floor":2.0,"gold_loss":0.0,"damage_taken":0.0,"cards_obtained":["Chill"]},{"damage_healed":0.0,"max_hp_gain":0.0,"max_hp_loss":0.0,"gold_gain":0.0,"event_name":"FaceTrader","player_choice":"Trade","floor":3.0,"gold_loss":0.0,"damage_taken":0.0,"relics_obtained":["SsserpentHead"]},{"damage_healed":0.0,"max_hp_gain":5.0,"max_hp_loss":0.0,"gold_gain":0.0,"event_name":"Big Fish","player_choice":"Donut","floor":5.0,"gold_loss":0.0,"damage_taken":0.0},{"damage_healed":0,"gold_gain":0,"player_choice":"Max HP","damage_taken":0,"max_hp_gain":0,"max_hp_loss":5,"event_name":"Winding Halls","floor":45,"gold_loss":0}],"is_beta":false,"boss_relics":[{"not_picked":["Runic Pyramid","Lizard Tail"],"picked":"Orrery"},{"not_picked":["Nuclear Battery","FrozenCore"],"picked":"Snecko Eye"}],"items_purged_floors":[13,21,38],"is_endless":false,"potions_floor_spawned":[1,10,14,20,25,27,33,35,39,41,48],"killed_by":"Donu and Deca","ascension_level":9}