{"gold_per_floor":[116,36,55,55,55,88,88,104,175,227,104,129,129,152,152,275,275,289,32,57,57,4,35,35,50,80,80,80,104,128,128],"floor_reached":31,"playtime":1004,"items_purged":["Strike_R"],"score":395,"play_id":"c82d4beb-0836-4cba-a517-e80e98c3fcc4","local_time":"20181223145824","is_ascension_mode":true,"campfire_choices":[{"floor":7.0,"key":"REST"},{"data":"Whirlwind","floor":13.0,"key":"SMITH"},{"floor":15.0,"key":"REST"},{"floor":24,"key":"REST"},{"data":"Barricade","floor":27,"key":"SMITH"}],"neow_cost":"NONE","seed_source_timestamp":180838989832061,"circlet_count":0,"master_deck":["AscendersBane","Bash","Heavy Blade","Flex","Dropkick","Whirlwind+1","Thunderclap","Battle Trance","Flex","Ghostly Armor","Battle Trance","Reaper","Fire Breathing","Juggernaut","Perfected Strike","Cleave","Iron Wave","Feel No Pain","Feel No Pain","Barricade+1","Rage+1","Iron Wave","Armaments","Entrench","Pommel Strike"],"special_seed":0,"relics":["Burning Blood","Golden Idol","Strawberry","Darkstone Periapt","Bottled Flame","Pandora\u0027s Box","Gremlin Horn","Happy Flower","Tiny Chest"],"potions_floor_usage":[25,29,31],"damage_taken":[{"damage":6.0,"enemies":"Cultist","floor":1.0,"turns":3.0},{"damage":7.0,"enemies":"Small Slimes","floor":3.0,"turns":4.0},{"damage":46.0,"enemies":"Lagavulin","floor":6.0,"turns":6.0},{"damage":15.0,"enemies":"2 Louse","floor":8.0,"turns":2.0},{"damage":12.0,"enemies":"2 Fungi Beasts","floor":12.0,"turns":3.0},{"damage":0.0,"enemies":"Exordium Wildlife","floor":14.0,"turns":2.0},{"damage":47.0,"enemies":"Slime Boss","floor":16.0,"turns":7.0},{"damage":6.0,"enemies":"3 Byrds","floor":18.0,"turns":6.0},{"damage":24,"enemies":"Chosen","floor":20,"turns":8},{"damage":35,"enemies":"Gremlin Leader","floor":23,"turns":7},{"damage":0,"enemies":"Centurion and Healer","floor":25,"turns":1},{"damage":48,"enemies":"Chosen and Byrds","floor":29,"turns":7},{"damage":24,"enemies":"Cultist and Chosen","floor":30,"turns":6},{"damage":27,"enemies":"Snake Plant","floor":31,"turns":2}],"seed_played":"-8223708229999873919","potions_obtained":[{"floor":1.0,"key":"Energy Potion"},{"floor":3.0,"key":"Swift Potion"},{"floor":8.0,"key":"Energy Potion"},{"floor":14.0,"key":"Swift Potion"},{"floor":20,"key":"Strength Potion"},{"floor":25,"key":"SteroidPotion"},{"floor":29,"key":"Ancient Potion"}],"is_trial":false,"path_per_floor":["M","$","M","?","?","E","R","M","T","?","$","M","R","M","R","B",null,"M","$","M","?","$","E","R","M","T","R","?","M","M","M"],"character_chosen":"IRONCLAD","items_purchased":["Dropkick","Flex","Gremlin Horn","Armaments"],"campfire_rested":3,"item_purchase_floors":[2,11,19,22],"current_hp_per_floor":[72,72,71,51,55,15,41,32,32,32,32,26,26,32,58,17,70,76,76,62,62,62,33,59,65,65,65,65,31,16,0],"gold":128,"neow_bonus":"THREE_CARDS","is_prod":false,"is_daily":false,"chose_seed":false,"campfire_upgraded":2,"win_rate":0,"timestamp":1545595104,"path_taken":["M","$","?","?","?","E","R","M","T","?","$","?","R","M","R","BOSS","M","$","M","?","?","E","R","M","T","R","?","M","?","M"],"build_version":"2018-12-20","purchased_purges":1,"victory":false,"max_hp_per_floor":[80,80,80,80,87,87,87,87,87,87,87,87,87,87,87,87,87,87,87,87,87,87,87,87,87,87,87,87,87,87,87],"card_choices":[{"not_picked":["Havoc","Twin Strike"],"picked":"Heavy Blade","floor":0.0},{"not_picked":["Bloodletting","Armaments"],"picked":"Flex","floor":1.0},{"not_picked":["Dual Wield","Rage"],"picked":"Whirlwind","floor":3.0},{"not_picked":["Wild Strike","Havoc"],"picked":"Thunderclap","floor":6.0},{"not_picked":["Blood for Blood","Cleave"],"picked":"Battle Trance","floor":8.0},{"not_picked":["Rampage","Metallicize"],"picked":"Ghostly Armor","floor":12.0},{"not_picked":["Body Slam","Sword Boomerang"],"picked":"Battle Trance","floor":14.0},{"not_picked":["Berserk","Dark Embrace"],"picked":"Reaper","floor":16.0},{"not_picked":["Body Slam+1","Infernal Blade"],"picked":"Rage+1","floor":18.0},{"not_picked":["Perfected Strike","Thunderclap"],"picked":"Iron Wave","floor":20},{"not_picked":["Twin Strike+1","Sword Boomerang"],"picked":"Entrench","floor":23},{"not_picked":["Twin Strike","Clothesline+1"],"picked":"Pommel Strike","floor":25},{"not_picked":["Thunderclap","Clash","Heavy Blade+1"],"picked":"SKIP","floor":29},{"not_picked":["Immolate","Fire Breathing","Wild Strike"],"picked":"SKIP","floor":30}],"player_experience":536336,"relics_obtained":[{"floor":6.0,"key":"Darkstone Periapt"},{"floor":9.0,"key":"Bottled Flame"},{"floor":23,"key":"Happy Flower"},{"floor":26,"key":"Tiny Chest"}],"event_choices":[{"damage_healed":0.0,"max_hp_gain":0.0,"max_hp_loss":0.0,"gold_gain":0.0,"event_name":"Golden Idol","player_choice":"Take Damage","floor":4.0,"gold_loss":0.0,"damage_taken":20.0,"relics_obtained":["Golden Idol"]},{"damage_healed":0.0,"max_hp_gain":0.0,"max_hp_loss":0.0,"gold_gain":0.0,"event_name":"Scrap Ooze","player_choice":"Success","floor":5.0,"gold_loss":0.0,"damage_taken":3.0,"relics_obtained":["Strawberry"]},{"damage_healed":0.0,"max_hp_gain":0.0,"max_hp_loss":0.0,"gold_gain":52.0,"event_name":"Golden Wing","player_choice":"Gained Gold","floor":10.0,"gold_loss":0.0,"damage_taken":0.0},{"damage_healed":0,"gold_gain":0,"player_choice":"Got Potions","damage_taken":0,"max_hp_gain":0,"max_hp_loss":0,"event_name":"Lab","floor":21,"gold_loss":0},{"damage_healed":0,"gold_gain":0,"player_choice":"Ignored","damage_taken":0,"max_hp_gain":0,"max_hp_loss":0,"event_name":"Vampires","floor":28,"gold_loss":0}],"is_beta":false,"boss_relics":[{"not_picked":["Lizard Tail","Tiny House"],"picked":"Pandora\u0027s Box"}],"items_purged_floors":[11],"is_endless":false,"potions_floor_spawned":[1,3,8,14,20,25,29],"killed_by":"Snake Plant","ascension_level":11}