{"gold_per_floor":[112,127,98,98,98,98,125,125,125,125,152,185,196,211,211,309,309,327,50,50,68,68,68,103,103,103,103,202,202,152,180,180,279,279,299,299,87,105,18,18,372,392,392,392,404,404,438,438,438,438],"floor_reached":51,"playtime":1770,"items_purged":["Strike_R","Strike_R","Strike_R"],"score":1077,"play_id":"0615888b-3d79-462f-aeed-a62fbecfd10b","local_time":"20181217184614","is_ascension_mode":true,"campfire_choices":[{"data":"Whirlwind","floor":6.0,"key":"SMITH"},{"floor":8.0,"key":"REST"},{"data":"Bash","floor":10.0,"key":"SMITH"},{"data":"Spot Weakness","floor":15.0,"key":"SMITH"},{"data":"Armaments","floor":23.0,"key":"SMITH"},{"data":"Demon Form","floor":25.0,"key":"SMITH"},{"data":"Metallicize","floor":27.0,"key":"SMITH"},{"data":"Juggernaut","floor":29.0,"key":"SMITH"},{"data":"Berserk","floor":32.0,"key":"SMITH"},{"data":"Metallicize","floor":40.0,"key":"SMITH"},{"data":"Whirlwind","floor":44.0,"key":"SMITH"},{"floor":49.0,"key":"REST"}],"neow_cost":"NONE","seed_source_timestamp":1396682522364096,"circlet_count":0,"master_deck":["Strike_R+1","Defend_R","Defend_R","Defend_R+1","Defend_R","Bash+1","Spot Weakness+1","Whirlwind+1","Juggernaut+1","Headbutt","Pummel","Berserk+1","Shrug It Off","Whirlwind+1","Pommel Strike","Armaments+1","Inflame","Metallicize+1","Demon Form+1","Heavy Blade","Battle Trance","Double Tap","Dropkick+1","Metallicize+1","Clothesline+1","Sword Boomerang+1","Twin Strike+1","Impervious","Panacea"],"special_seed":0,"relics":["Burning Blood","Pen Nib","Happy Flower","Thread and Needle","Ancient Tea Set","Vajra","Orrery","Membership Card","Molten Egg 2","Self Forming Clay","Bottled Lightning","Runic Pyramid","Strawberry","Orichalcum","Old Coin","Bottled Flame","Pocketwatch"],"potions_floor_usage":[50,50],"damage_taken":[{"damage":6.0,"enemies":"Jaw Worm","floor":1.0,"turns":5.0},{"damage":4.0,"enemies":"2 Louse","floor":2.0,"turns":4.0},{"damage":42.0,"enemies":"Lagavulin","floor":7.0,"turns":7.0},{"damage":6.0,"enemies":"3 Sentries","floor":12.0,"turns":4.0},{"damage":0.0,"enemies":"Small Slimes","floor":13.0,"turns":2.0},{"damage":0.0,"enemies":"Exordium Wildlife","floor":14.0,"turns":2.0},{"damage":8.0,"enemies":"Slime Boss","floor":16.0,"turns":6.0},{"damage":0.0,"enemies":"2 Thieves","floor":18.0,"turns":1.0},{"damage":6.0,"enemies":"Chosen","floor":21.0,"turns":5.0},{"damage":0.0,"enemies":"Gremlin Leader","floor":24.0,"turns":3.0},{"damage":0.0,"enemies":"Slavers","floor":31.0,"turns":1.0},{"damage":6.0,"enemies":"Champ","floor":33.0,"turns":7.0},{"damage":5.0,"enemies":"3 Darklings","floor":35.0,"turns":4.0},{"damage":12.0,"enemies":"Orb Walker","floor":38.0,"turns":3.0},{"damage":0.0,"enemies":"2 Orb Walkers","floor":41.0,"turns":1.0},{"damage":15.0,"enemies":"Sphere and 2 Shapes","floor":42.0,"turns":5.0},{"damage":0.0,"enemies":"Jaw Worm Horde","floor":45.0,"turns":1.0},{"damage":0.0,"enemies":"Transient","floor":46.0,"turns":3.0},{"damage":39.0,"enemies":"Nemesis","floor":47.0,"turns":7.0},{"damage":73,"enemies":"Awakened One","floor":50,"turns":10}],"seed_played":"3704263507616759332","potions_obtained":[{"floor":1.0,"key":"Weak Potion"},{"floor":12.0,"key":"SteroidPotion"},{"floor":14.0,"key":"Dexterity Potion"},{"floor":21.0,"key":"Swift Potion"},{"floor":31.0,"key":"EssenceOfSteel"},{"floor":33.0,"key":"Fruit Juice"},{"floor":38.0,"key":"SmokeBomb"},{"floor":47.0,"key":"SpeedPotion"}],"is_trial":false,"path_per_floor":["M","M","?","?","?","R","E","R","T","R","T","E","M","M","R","B",null,"M","$","?","M","?","R","E","R","T","R","?","R","$","E","R","B",null,"M","?","$","M","$","R","?","M","T","R","M","M","E","?","R","B",null],"character_chosen":"IRONCLAD","items_purchased":["Membership Card","Metallicize","Strawberry","Dropkick+1","Metallicize","Orichalcum","Sword Boomerang+1"],"campfire_rested":2,"item_purchase_floors":[19,19,37,37,37,39,39],"current_hp_per_floor":[72,74,74,58,51,51,15,39,39,39,39,39,45,51,51,49,72,78,78,78,78,63,63,69,69,69,69,69,69,69,75,75,80,88,89,89,96,90,90,90,96,87,87,87,93,97,64,64,93,26],"gold":438,"neow_bonus":"REMOVE_CARD","is_prod":false,"is_daily":false,"chose_seed":false,"campfire_upgraded":10,"win_rate":0,"timestamp":1545090374,"path_taken":["M","M","?","?","?","R","E","R","T","R","?","E","M","M","R","BOSS","M","$","?","M","?","R","E","R","T","R","?","R","$","E","R","BOSS","M","?","$","M","$","R","?","M","T","R","M","M","E","?","R","BOSS"],"build_version":"2018-12-13","purchased_purges":3,"victory":true,"max_hp_per_floor":[80,80,80,80,80,80,80,80,80,80,80,80,80,80,80,80,80,80,80,80,80,85,85,85,85,85,85,85,85,85,85,85,90,90,90,90,97,97,97,97,97,97,97,97,97,97,97,97,97,97],"card_choices":[{"not_picked":["Headbutt","Body Slam"],"picked":"Spot Weakness","floor":1.0},{"not_picked":["True Grit","Rampage"],"picked":"Whirlwind","floor":2.0},{"not_picked":["Shockwave","Sword Boomerang","Power Through"],"picked":"SKIP","floor":7.0},{"not_picked":["Anger","Sword Boomerang"],"picked":"Juggernaut","floor":12.0},{"not_picked":["Twin Strike","True Grit"],"picked":"Headbutt","floor":13.0},{"not_picked":["True Grit","Rupture"],"picked":"Pummel","floor":14.0},{"not_picked":["Reaper","Dark Embrace"],"picked":"Berserk","floor":16.0},{"not_picked":["Seeing Red","Body Slam"],"picked":"Shrug It Off","floor":17.0},{"not_picked":["Cleave","Evolve"],"picked":"Whirlwind","floor":17.0},{"not_picked":["Dual Wield","Shockwave"],"picked":"Pommel Strike","floor":17.0},{"not_picked":["Burning Pact","Clash"],"picked":"Armaments","floor":17.0},{"not_picked":["Pommel Strike+1","Sentinel+1"],"picked":"Inflame","floor":18.0},{"not_picked":["Headbutt+1","Inflame"],"picked":"Heavy Blade","floor":21.0},{"not_picked":["Second Wind","Pommel Strike"],"picked":"Battle Trance","floor":24.0},{"not_picked":["Havoc","Bloodletting+1","Feel No Pain"],"picked":"SKIP","floor":31.0},{"not_picked":["Berserk","Dark Embrace"],"picked":"Double Tap","floor":33.0},{"not_picked":["Wild Strike+1","Blood for Blood+1"],"picked":"Rage","floor":35.0},{"not_picked":["Shrug It Off","Ghostly Armor+1"],"picked":"Clothesline+1","floor":38.0},{"not_picked":["Warcry","Shrug It Off"],"picked":"Twin Strike+1","floor":41.0},{"not_picked":["Carnage+1","Flex","Dual Wield+1"],"picked":"SKIP","floor":42.0},{"not_picked":["Blood for Blood+1","Body Slam+1"],"picked":"Impervious","floor":45.0},{"not_picked":["Carnage+1","Second Wind+1","Warcry+1"],"picked":"SKIP","floor":47.0},{"not_picked":["PanicButton","Impatience"],"picked":"Panacea","floor":48.0}],"player_experience":518513,"relics_obtained":[{"floor":7.0,"key":"Happy Flower"},{"floor":9.0,"key":"Thread and Needle"},{"floor":11.0,"key":"Ancient Tea Set"},{"floor":12.0,"key":"Vajra"},{"floor":24.0,"key":"Molten Egg 2"},{"floor":26.0,"key":"Self Forming Clay"},{"floor":31.0,"key":"Bottled Lightning"},{"floor":41.0,"key":"Old Coin"},{"floor":43.0,"key":"Bottled Flame"},{"floor":47.0,"key":"Pocketwatch"}],"event_choices":[{"damage_healed":0.0,"max_hp_gain":0.0,"max_hp_loss":0.0,"gold_gain":0.0,"event_name":"World of Goop","player_choice":"Left Gold","floor":3.0,"gold_loss":29.0,"damage_taken":0.0},{"damage_healed":0.0,"max_hp_gain":0.0,"max_hp_loss":0.0,"gold_gain":0.0,"event_name":"Shining Light","player_choice":"Entered Light","floor":4.0,"gold_loss":0.0,"damage_taken":16.0,"cards_upgraded":["Defend_R","Strike_R"]},{"damage_healed":0.0,"max_hp_gain":0.0,"max_hp_loss":0.0,"gold_gain":0.0,"event_name":"Scrap Ooze","player_choice":"Success","floor":5.0,"gold_loss":0.0,"damage_taken":7.0,"relics_obtained":["Pen Nib"]},{"damage_healed":0.0,"max_hp_gain":0.0,"max_hp_loss":0.0,"gold_gain":0.0,"event_name":"The Library","player_choice":"Read","floor":20.0,"gold_loss":0.0,"damage_taken":0.0,"cards_obtained":["Demon Form"]},{"damage_healed":0.0,"max_hp_gain":5.0,"max_hp_loss":0.0,"gold_gain":0.0,"event_name":"Forgotten Altar","player_choice":"Shed Blood","floor":22.0,"gold_loss":0.0,"damage_taken":20.0},{"damage_healed":0.0,"max_hp_gain":0.0,"max_hp_loss":0.0,"gold_gain":99.0,"event_name":"Nest","player_choice":"Stole From Cult","floor":28.0,"gold_loss":0.0,"damage_taken":0.0},{"cards_removed":["Rage"],"damage_healed":0.0,"max_hp_gain":0.0,"max_hp_loss":0.0,"gold_gain":0.0,"event_name":"Falling","player_choice":"Removed Skill","floor":36.0,"gold_loss":0.0,"damage_taken":0.0},{"damage_healed":0.0,"max_hp_gain":0.0,"max_hp_loss":0.0,"gold_gain":0.0,"event_name":"Mysterious Sphere","player_choice":"Fight","floor":41.0,"gold_loss":0.0,"damage_taken":0.0},{"damage_healed":0.0,"max_hp_gain":0.0,"max_hp_loss":0.0,"gold_gain":0.0,"event_name":"SensoryStone","player_choice":"Memory 1","floor":48.0,"gold_loss":0.0,"damage_taken":0.0}],"is_beta":false,"boss_relics":[{"not_picked":["Busted Crown","Philosopher\u0027s Stone"],"picked":"Orrery"},{"not_picked":["Snecko Eye","Runic Cube"],"picked":"Runic Pyramid"}],"items_purged_floors":[19,30,37],"is_endless":false,"potions_floor_spawned":[1,12,14,21,31,33,38,46,47],"ascension_level":7}