{"gold_per_floor":[115,115,131,131,0,0,0,0,78,111,126,160,179,199,199,274,274,294,14,28,40,40,40],"floor_reached":23,"playtime":808,"items_purged":[],"score":452,"play_id":"76960769-ee6f-4c1d-b39a-54eabb145111","local_time":"20190228042822","is_ascension_mode":true,"campfire_choices":[{"data":"Mind Blast","floor":6.0,"key":"SMITH"},{"data":"Storm of Steel","floor":8.0,"key":"SMITH"},{"floor":15.0,"key":"REST"}],"neow_cost":"NONE","seed_source_timestamp":185324841875500,"circlet_count":0,"master_deck":["AscendersBane","Defend_G","Defend_G","Defend_G","Defend_G","Defend_G","Strike_G","Strike_G","Strike_G","Strike_G","Survivor","Neutralize","Dagger Spray","Choke","Storm of Steel+1","Neutralize","Infinite Blades","Mind Blast+1","Dodge and Roll","Acrobatics","Noxious Fumes","Malaise","Noxious Fumes"],"special_seed":0,"relics":["Ring of the Snake","NeowsBlessing","Darkstone Periapt","Centennial Puzzle","Vajra","Black Star","Lee\u0027s Waffle","GremlinMask"],"potions_floor_usage":[16,18,21,23],"damage_taken":[{"damage":0.0,"enemies":"Cultist","floor":1.0,"turns":1.0},{"damage":0.0,"enemies":"Jaw Worm","floor":3.0,"turns":1.0},{"damage":0.0,"enemies":"Gremlin Nob","floor":10.0,"turns":1.0},{"damage":15.0,"enemies":"2 Louse","floor":11.0,"turns":2.0},{"damage":20.0,"enemies":"Lagavulin","floor":12.0,"turns":6.0},{"damage":2.0,"enemies":"Gremlin Gang","floor":13.0,"turns":3.0},{"damage":4.0,"enemies":"Red Slaver","floor":14.0,"turns":4.0},{"damage":36,"enemies":"Slime Boss","floor":16,"turns":10},{"damage":14,"enemies":"3 Byrds","floor":18,"turns":6},{"damage":16,"enemies":"Shell Parasite","floor":20,"turns":8},{"damage":29,"enemies":"Snake Plant","floor":21,"turns":5},{"damage":42,"enemies":"Book of Stabbing","floor":23,"turns":4}],"seed_played":"3607060411486211495","potions_obtained":[{"floor":10.0,"key":"GhostInAJar"},{"floor":12.0,"key":"Explosive Potion"},{"floor":14.0,"key":"Weak Potion"},{"floor":20,"key":"Energy Potion"}],"is_trial":false,"path_per_floor":["M","?","M","?","$","R","$","R","T","E","M","E","M","M","R","B",null,"M","$","M","M","?","E"],"character_chosen":"THE_SILENT","items_purchased":["Infinite Blades","Mind Blast","Lee\u0027s Waffle","Strength Potion"],"campfire_rested":1,"item_purchase_floors":[5,5,19,19],"current_hp_per_floor":[59,59,59,59,59,59,59,59,59,59,44,24,22,18,37,1,50,36,73,57,28,28,0],"gold":40,"neow_bonus":"THREE_ENEMY_KILL","is_prod":false,"is_daily":false,"chose_seed":false,"campfire_upgraded":2,"win_rate":0,"timestamp":1551356902,"path_taken":["M","?","?","?","$","R","?","R","T","E","M","E","M","M","R","BOSS","M","$","M","M","?","E"],"build_version":"2019-01-23","purchased_purges":0,"victory":false,"max_hp_per_floor":[66,66,66,66,66,66,66,66,66,66,66,66,66,66,66,66,66,66,73,73,73,73,73],"card_choices":[{"not_picked":["Deflect","Prepared"],"picked":"Dagger Spray","floor":1.0},{"not_picked":["Prepared","Dagger Spray"],"picked":"Choke","floor":3.0},{"not_picked":["Deflect","Underhanded Strike"],"picked":"Dodge and Roll","floor":10.0},{"not_picked":["Caltrops","Deflect","Well Laid Plans"],"picked":"SKIP","floor":11.0},{"not_picked":["Caltrops","Outmaneuver"],"picked":"Acrobatics","floor":12.0},{"not_picked":["Blur","Crippling Poison","Deflect"],"picked":"SKIP","floor":13.0},{"not_picked":["Concentrate","Corpse Explosion"],"picked":"Noxious Fumes","floor":14.0},{"not_picked":["Phantasmal Killer","Tools of the Trade"],"picked":"Malaise","floor":16},{"not_picked":["PiercingWail+1","Eviscerate"],"picked":"Noxious Fumes","floor":18},{"not_picked":["Deflect","Outmaneuver","Endless Agony"],"picked":"SKIP","floor":20},{"not_picked":["Skewer","Dash","Sucker Punch"],"picked":"SKIP","floor":21}],"player_experience":1215434,"relics_obtained":[{"floor":9.0,"key":"Darkstone Periapt"},{"floor":10.0,"key":"Centennial Puzzle"},{"floor":12.0,"key":"Vajra"}],"event_choices":[{"cards_removed":["Strike_G"],"damage_healed":0.0,"max_hp_gain":0.0,"max_hp_loss":0.0,"gold_gain":0.0,"event_name":"Bonfire Elementals","player_choice":"Offered Basic","floor":2.0,"gold_loss":0.0,"damage_taken":0.0},{"damage_healed":0.0,"max_hp_gain":0.0,"max_hp_loss":0.0,"gold_gain":0.0,"event_name":"Match and Keep!","player_choice":"2 cards matched","floor":4.0,"gold_loss":0.0,"damage_taken":0.0,"cards_obtained":["Storm of Steel","Neutralize"]},{"damage_healed":0,"gold_gain":0,"player_choice":"Trade","damage_taken":0,"relics_obtained":["GremlinMask"],"max_hp_gain":0,"max_hp_loss":0,"event_name":"FaceTrader","floor":22,"gold_loss":0}],"is_beta":false,"boss_relics":[{"not_picked":["Philosopher\u0027s Stone","Empty Cage"],"picked":"Black Star"}],"items_purged_floors":[],"is_endless":false,"potions_floor_spawned":[10,12,14,20],"killed_by":"Book of Stabbing","ascension_level":20}