{"gold_per_floor":[113,113,113,128,128,162,162,162,162,178,178,191,224,234,234,337,337,356,271,63,81,81,98,109,109,181,181,193,0,0,0,0,105,105,115,127,127,92,92,92,109,129,204,204,219,229,249,263,263,263],"floor_reached":51,"playtime":2330,"items_purged":[],"score":984,"play_id":"21706ff5-cbc5-4fde-839a-663c6cadd2b8","local_time":"20180901193105","is_ascension_mode":true,"campfire_choices":[{"data":"Dash","floor":8.0,"key":"SMITH"},{"data":"1","floor":15.0,"key":"LIFT"},{"data":"2","floor":27.0,"key":"LIFT"},{"data":"A Thousand Cuts","floor":30.0,"key":"SMITH"},{"data":"3","floor":32.0,"key":"LIFT"},{"data":"Cloak And Dagger","floor":40.0,"key":"SMITH"},{"data":"Cloak And Dagger","floor":44.0,"key":"SMITH"},{"floor":49.0,"key":"REST"}],"neow_cost":"NONE","seed_source_timestamp":4831493572868187,"circlet_count":0,"master_deck":["Defend_G","Defend_G+1","Defend_G","Defend_G","Defend_G","Strike_G","Strike_G","Strike_G","Strike_G","Strike_G","Survivor+1","Neutralize+1","Well Laid Plans","Sucker Punch+1","Dash+1","Cloak And Dagger+1","Cloak And Dagger+1","After Image","Cloak And Dagger","A Thousand Cuts+1","Dash","Backstab","Necronomicurse","Blade Dance","Corpse Explosion","Footwork+1","Blade Dance+1","Accuracy","Blur","Bullet Time","Prepared+1","Blade Dance+1","Quick Slash+1"],"special_seed":0,"relics":["Ring of the Serpent","NeowsBlessing","Ninja Scroll","Ginger","StoneCalendar","Girya","Lizard Tail","Centennial Puzzle","HandDrill","Mummified Hand","Necronomicon","Paper Crane","Lee\u0027s Waffle","Mango","Pear"],"potions_floor_usage":[50,50,50],"damage_taken":[{"damage":0.0,"enemies":"2 Louse","floor":1.0,"turns":1.0},{"damage":0.0,"enemies":"Cultist","floor":4.0,"turns":1.0},{"damage":0.0,"enemies":"3 Sentries","floor":6.0,"turns":1.0},{"damage":0.0,"enemies":"Jaw Worm","floor":10.0,"turns":2.0},{"damage":0.0,"enemies":"Looter","floor":12.0,"turns":3.0},{"damage":1.0,"enemies":"Lagavulin","floor":13.0,"turns":6.0},{"damage":0.0,"enemies":"Large Slime","floor":14.0,"turns":6.0},{"damage":26.0,"enemies":"Slime Boss","floor":16.0,"turns":9.0},{"damage":3.0,"enemies":"3 Byrds","floor":18.0,"turns":5.0},{"damage":6.0,"enemies":"2 Thieves","floor":21.0,"turns":4.0},{"damage":2.0,"enemies":"Snake Plant","floor":23.0,"turns":4.0},{"damage":0.0,"enemies":"Cultist and Chosen","floor":24.0,"turns":6.0},{"damage":8.0,"enemies":"Centurion and Healer","floor":28.0,"turns":4.0},{"damage":52.0,"enemies":"Collector","floor":33.0,"turns":7.0},{"damage":0.0,"enemies":"3 Shapes","floor":35.0,"turns":3.0},{"damage":4.0,"enemies":"3 Darklings","floor":36.0,"turns":4.0},{"damage":0.0,"enemies":"Mind Bloom Boss Battle","floor":39.0,"turns":6.0},{"damage":12.0,"enemies":"4 Shapes","floor":41.0,"turns":5.0},{"damage":4.0,"enemies":"Reptomancer","floor":42.0,"turns":7.0},{"damage":5.0,"enemies":"3 Darklings","floor":45.0,"turns":4.0},{"damage":0.0,"enemies":"Sphere and 2 Shapes","floor":46.0,"turns":5.0},{"damage":21.0,"enemies":"Reptomancer","floor":47.0,"turns":6.0},{"damage":0.0,"enemies":"4 Shapes","floor":48.0,"turns":2.0},{"damage":41,"enemies":"Awakened One","floor":50,"turns":12}],"seed_played":"3494717227037822766","potions_obtained":[{"floor":4.0,"key":"Energy Potion"},{"floor":10.0,"key":"FearPotion"},{"floor":13.0,"key":"FearPotion"},{"floor":21.0,"key":"AttackPotion"},{"floor":23.0,"key":"PowerPotion"},{"floor":36.0,"key":"SteroidPotion"},{"floor":37.0,"key":"FearPotion"},{"floor":37.0,"key":"SteroidPotion"}],"is_trial":false,"path_per_floor":["M","?","?","M","T","E","?","R","T","M","?","M","E","M","R","B",null,"M","?","$","M","?","M","M","?","T","R","M","$","R","$","R","B",null,"M","M","?","$","?","R","M","M","T","R","M","M","M","M","R","B"],"character_chosen":"THE_SILENT","items_purchased":["HandDrill","Lee\u0027s Waffle","Accuracy"],"campfire_rested":1,"item_purchase_floors":[20,29,38],"current_hp_per_floor":[63,63,63,63,63,63,63,63,63,63,49,49,48,48,48,22,58,55,55,55,49,49,47,47,31,31,31,23,77,77,77,77,25,64,64,60,60,60,74,74,62,58,68,68,63,63,42,42,72,31],"gold":263,"neow_bonus":"THREE_ENEMY_KILL","is_prod":false,"is_daily":false,"chose_seed":false,"campfire_upgraded":4,"win_rate":0,"timestamp":1535844665,"path_taken":["M","?","?","?","?","E","?","R","T","M","?","?","E","M","R","BOSS","M","?","$","M","?","M","M","?","T","R","M","$","R","?","R","BOSS","M","?","?","?","?","R","M","M","T","R","M","M","M","M","R","BOSS"],"build_version":"2018-08-30","purchased_purges":0,"victory":true,"max_hp_per_floor":[70,70,70,70,70,70,70,70,70,70,70,70,70,70,70,70,70,70,70,70,70,70,70,70,70,70,70,70,77,77,77,77,77,77,77,77,77,77,91,91,91,91,101,101,101,101,101,101,101,101],"card_choices":[{"not_picked":["Prepared","Well Laid Plans","Outmaneuver"],"picked":"SKIP","floor":1.0},{"not_picked":["Prepared","Outmaneuver"],"picked":"Well Laid Plans","floor":1.0},{"not_picked":["Slice","Bane"],"picked":"Sucker Punch","floor":4.0},{"not_picked":["Bane","PiercingWail"],"picked":"Dash","floor":6.0},{"not_picked":["Dash","All Out Attack"],"picked":"Cloak And Dagger","floor":10.0},{"not_picked":["Infinite Blades","Finisher"],"picked":"Cloak And Dagger","floor":12.0},{"not_picked":["Catalyst","Bane"],"picked":"After Image","floor":13.0},{"not_picked":["Poisoned Stab","Blur"],"picked":"Cloak And Dagger","floor":14.0},{"not_picked":["Malaise","Phantasmal Killer"],"picked":"A Thousand Cuts","floor":16.0},{"not_picked":["Slice","Underhanded Strike","Poisoned Stab"],"picked":"SKIP","floor":18.0},{"not_picked":["Poisoned Stab","Acrobatics+1"],"picked":"Dash","floor":21.0},{"not_picked":["Poisoned Stab+1","Bane+1","Slice"],"picked":"SKIP","floor":23.0},{"not_picked":["Masterful Stab","Bane"],"picked":"Backstab","floor":24.0},{"not_picked":["Flying Knee","Venomology"],"picked":"Blade Dance","floor":28.0},{"not_picked":["A Thousand Cuts","Tools of the Trade"],"picked":"Corpse Explosion","floor":33.0},{"not_picked":["Blade Dance","Slice+1"],"picked":"Footwork+1","floor":35.0},{"not_picked":["Escape Plan","Deadly Poison+1"],"picked":"Blade Dance+1","floor":36.0},{"not_picked":["Dagger Spray+1","Heel Hook"],"picked":"Blur","floor":41.0},{"not_picked":["Riddle With Holes","Acrobatics+1"],"picked":"Bullet Time","floor":42.0},{"not_picked":["Dagger Throw+1","Bane+1"],"picked":"Prepared+1","floor":45.0},{"not_picked":["Quick Slash+1","Masterful Stab"],"picked":"Blade Dance+1","floor":46.0},{"not_picked":["All Out Attack","PiercingWail"],"picked":"Quick Slash+1","floor":47.0},{"not_picked":["Bane+1","Dagger Spray","Calculated Gamble+1"],"picked":"SKIP","floor":48.0}],"player_experience":300743,"relics_obtained":[{"floor":5.0,"key":"Ninja Scroll"},{"floor":6.0,"key":"Ginger"},{"floor":9.0,"key":"StoneCalendar"},{"floor":13.0,"key":"Girya"},{"floor":25.0,"key":"Necronomicon"},{"floor":26.0,"key":"Paper Crane"},{"floor":39.0,"key":"Mango"},{"floor":43.0,"key":"Pear"}],"event_choices":[{"event_name":"Living Wall","player_choice":"Grow","floor":2.0,"damage_taken":0.0},{"event_name":"Liars Game","player_choice":"disagreed","floor":3.0,"damage_taken":0.0},{"event_name":"Accursed Blacksmith","player_choice":"Forge","floor":7.0,"damage_taken":0.0},{"event_name":"Shining Light","player_choice":"Entered Light","floor":11.0,"damage_taken":0.0},{"event_name":"Addict","player_choice":"Obtained Relic","floor":19.0,"damage_taken":0.0},{"event_name":"The Mausoleum","player_choice":"Yes","floor":22.0,"damage_taken":0.0},{"event_name":"Cursed Tome","player_choice":"Obtained Book","floor":25.0,"damage_taken":0.0},{"event_name":"The Lab","player_choice":"Got Potions","floor":37.0,"damage_taken":0.0},{"event_name":"MindBloom","player_choice":"Fight","floor":39.0,"damage_taken":0.0}],"is_beta":false,"boss_relics":[{"not_picked":["Runic Dome","Busted Crown"],"picked":"Lizard Tail"},{"not_picked":["Runic Pyramid","Fusion Hammer"],"picked":"Ring of the Serpent"}],"items_purged_floors":[],"is_endless":false,"potions_floor_spawned":[4,10,13,21,23,36,41,47],"ascension_level":7}