{"gold_per_floor":[216,142,142,153,171,202,202,266,293,293,122,77,87,122,122,122],"floor_reached":16,"playtime":369,"items_purged":[],"score":216,"play_id":"acad0b7c-090b-4df3-a893-a48ddd3e9c09","local_time":"20190612194916","is_ascension_mode":true,"campfire_choices":[{"floor":7,"key":"REST"},{"data":"Neutralize","floor":10,"key":"SMITH"},{"floor":15,"key":"REST"}],"neow_cost":"NONE","seed_source_timestamp":4001552249900939,"circlet_count":0,"master_deck":["AscendersBane","Defend_G","Defend_G","Defend_G","Defend_G","Defend_G","Strike_G","Strike_G","Strike_G","Strike_G","Strike_G","Survivor","Neutralize+1","Leg Sweep","Dash","Caltrops","Masterful Stab","Bouncing Flask","Predator","Dagger Spray"],"special_seed":0,"relics":["Ring of the Snake","Smiling Mask","Juzu Bracelet","Bag of Marbles","Blood Vial"],"potions_floor_usage":[6,14],"damage_taken":[{"damage":6.0,"enemies":"Cultist","floor":1.0,"turns":3.0},{"damage":0.0,"enemies":"Small Slimes","floor":4.0,"turns":4.0},{"damage":0.0,"enemies":"2 Louse","floor":5.0,"turns":4.0},{"damage":52,"enemies":"Gremlin Nob","floor":6,"turns":5},{"damage":14,"enemies":"Large Slime","floor":13,"turns":6},{"damage":2,"enemies":"Lagavulin","floor":14,"turns":7},{"damage":36,"enemies":"Slime Boss","floor":16,"turns":6}],"seed_played":"4976096719050598895","potions_obtained":[{"floor":1.0,"key":"AttackPotion"},{"floor":6,"key":"Energy Potion"},{"floor":13,"key":"GamblersBrew"}],"is_trial":false,"path_per_floor":["M","$","?","M","M","E","R","?","T","R","$","?","M","E","R","B"],"character_chosen":"THE_SILENT","items_purchased":["Dash","Bag of Marbles"],"campfire_rested":2,"item_purchase_floors":[2,11],"current_hp_per_floor":[53,53,53,53,53,1,20,20,20,20,20,20,6,4,23,0],"gold":122,"neow_bonus":"HUNDRED_GOLD","is_prod":false,"is_daily":false,"chose_seed":false,"campfire_upgraded":1,"win_rate":0,"timestamp":1560383356,"path_taken":["M","$","?","?","M","E","R","?","T","R","$","?","M","E","R","BOSS"],"build_version":"2019-01-23","purchased_purges":0,"victory":false,"max_hp_per_floor":[66,66,66,66,66,66,66,66,66,66,66,66,66,66,66,66],"card_choices":[{"not_picked":["Accuracy","Distraction"],"picked":"Leg Sweep","floor":1.0},{"not_picked":["Quick Slash","Dodge and Roll"],"picked":"Caltrops","floor":4.0},{"not_picked":["Blade Dance","Deflect"],"picked":"Masterful Stab","floor":5.0},{"not_picked":["Distraction","Finisher"],"picked":"Bouncing Flask","floor":6},{"not_picked":["Bane","Concentrate"],"picked":"Predator","floor":13},{"not_picked":["Infinite Blades","Masterful Stab"],"picked":"Dagger Spray","floor":14}],"player_experience":731975,"relics_obtained":[{"floor":6,"key":"Smiling Mask"},{"floor":9,"key":"Juzu Bracelet"},{"floor":14,"key":"Blood Vial"}],"event_choices":[{"damage_healed":0.0,"max_hp_gain":0.0,"max_hp_loss":0.0,"gold_gain":0.0,"event_name":"FaceTrader","player_choice":"Leave","floor":3.0,"gold_loss":0.0,"damage_taken":0.0},{"damage_healed":0,"gold_gain":64,"player_choice":"Gained Gold","damage_taken":0,"max_hp_gain":0,"max_hp_loss":0,"event_name":"Golden Wing","floor":8,"gold_loss":0},{"damage_healed":0,"gold_gain":0,"player_choice":"Left Gold","damage_taken":0,"max_hp_gain":0,"max_hp_loss":0,"event_name":"World of Goop","floor":12,"gold_loss":45}],"is_beta":false,"boss_relics":[],"items_purged_floors":[],"is_endless":false,"potions_floor_spawned":[1,6,13],"killed_by":"Slime Boss","ascension_level":20}