{"gold_per_floor":[13,33,33,48,48,48,82,82,105,136,136,186,186,196,196,196],"floor_reached":16,"playtime":535,"items_purged":[],"score":216,"play_id":"4fef67bc-0213-42bf-a819-48b66c9f9351","local_time":"20190708000536","is_ascension_mode":true,"campfire_choices":[{"data":"Well Laid Plans","floor":6.0,"key":"SMITH"},{"data":"Neutralize","floor":11.0,"key":"SMITH"},{"data":"Terror","floor":13.0,"key":"SMITH"},{"floor":15.0,"key":"REST"}],"neow_cost":"NO_GOLD","seed_source_timestamp":0,"circlet_count":0,"master_deck":["AscendersBane","Strike_G","Strike_G","Strike_G","Strike_G","Strike_G","Defend_G","Defend_G","Defend_G","Defend_G","Defend_G","Survivor","Neutralize+1","Finesse","Finesse","Dagger Throw","Flying Knee","Well Laid Plans+1","Terror+1","Dagger Spray"],"special_seed":0,"relics":["Ring of the Snake","Omamori","Frozen Egg 2","Bag of Preparation","Toxic Egg 2"],"potions_floor_usage":[],"damage_taken":[{"damage":0.0,"enemies":"Jaw Worm","floor":1.0,"turns":6.0},{"damage":0.0,"enemies":"Cultist","floor":2.0,"turns":3.0},{"damage":2.0,"enemies":"Small Slimes","floor":4.0,"turns":4.0},{"damage":30.0,"enemies":"Gremlin Nob","floor":7.0,"turns":4.0},{"damage":18.0,"enemies":"Lagavulin","floor":10.0,"turns":6.0},{"damage":14.0,"enemies":"Exordium Thugs","floor":14.0,"turns":4.0},{"damage":40,"enemies":"Slime Boss","floor":16,"turns":7}],"seed_played":"-2695581429249709090","potions_obtained":[{"floor":1.0,"key":"Fire Potion"},{"floor":4.0,"key":"Strength Potion"}],"is_trial":false,"path_per_floor":["M","M","?","M","$","R","E","?","T","E","R","?","R","M","R","B"],"character_chosen":"THE_SILENT","items_purchased":[],"campfire_rested":1,"item_purchase_floors":[],"current_hp_per_floor":[59,59,59,57,57,57,27,49,49,31,31,31,31,17,36,0],"gold":196,"neow_bonus":"RANDOM_COLORLESS_2","is_prod":false,"is_daily":false,"chose_seed":false,"campfire_upgraded":3,"win_rate":0,"timestamp":1562558736,"path_taken":["M","M","?","?","$","R","E","?","T","E","R","?","R","M","R","BOSS"],"build_version":"2019-07-05","purchased_purges":0,"victory":false,"max_hp_per_floor":[66,66,66,66,66,66,66,66,66,66,66,66,66,66,66,66],"card_choices":[{"not_picked":["Calculated Gamble","Caltrops"],"picked":"Dagger Throw","floor":1.0},{"not_picked":["Backflip","Accuracy"],"picked":"Flying Knee","floor":2.0},{"not_picked":["Sucker Punch","Finisher"],"picked":"Well Laid Plans","floor":4.0},{"not_picked":["Predator","Reflex"],"picked":"Terror","floor":7.0},{"not_picked":["Endless Agony","Underhanded Strike","Masterful Stab"],"picked":"SKIP","floor":10.0},{"not_picked":["Dodge and Roll+1","Backflip+1"],"picked":"Dagger Spray","floor":14.0}],"player_experience":912003,"relics_obtained":[{"floor":3.0,"key":"Omamori"},{"floor":7.0,"key":"Frozen Egg 2"},{"floor":9.0,"key":"Bag of Preparation"},{"floor":10.0,"key":"Toxic Egg 2"}],"event_choices":[{"damage_healed":0.0,"max_hp_gain":0.0,"max_hp_loss":0.0,"gold_gain":0.0,"event_name":"Wheel of Change","player_choice":"Relic","floor":3.0,"gold_loss":0.0,"damage_taken":0.0},{"damage_healed":22.0,"max_hp_gain":0.0,"max_hp_loss":0.0,"gold_gain":0.0,"event_name":"Big Fish","player_choice":"Banana","floor":8.0,"gold_loss":0.0,"damage_taken":0.0},{"damage_healed":0.0,"max_hp_gain":0.0,"max_hp_loss":0.0,"gold_gain":50.0,"event_name":"Golden Shrine","player_choice":"Pray","floor":12.0,"gold_loss":0.0,"damage_taken":0.0}],"is_beta":false,"boss_relics":[],"items_purged_floors":[],"is_endless":false,"potions_floor_spawned":[1,4],"killed_by":"Slime Boss","ascension_level":20}