{"gold_per_floor":[113,37,37,48,48,82,82,112,138,158,186,196,196,216,216,294,294,306,306,319,319,338,338,367,380,380,380,414,414,428,144,144,218,218,238,238,8,26,26,26,53,65,120,120,120,220,245,259,259,259],"floor_reached":50,"playtime":2400,"items_purged":["Zap"],"score":1266,"play_id":"b176a3e3-bba8-4216-8d81-0ae5910d0458","local_time":"20190522192521","is_ascension_mode":true,"campfire_choices":[{"data":"Streamline","floor":7.0,"key":"SMITH"},{"floor":13.0,"key":"REST"},{"data":"Defragment","floor":15.0,"key":"SMITH"},{"floor":23.0,"key":"REST"},{"floor":27.0,"key":"REST"},{"data":"Fission","floor":29.0,"key":"SMITH"},{"floor":32.0,"key":"REST"},{"data":"Fission","floor":40.0,"key":"SMITH"},{"floor":44.0,"key":"REST"},{"floor":49.0,"key":"RECALL"}],"neow_cost":"NONE","seed_source_timestamp":87210003022100,"circlet_count":0,"master_deck":["AscendersBane","Defragment+1","Seek","Electrodynamics","Capacitor","Ball Lightning","Steam","Cold Snap","Echo Form","Echo Form","Seek","Compile Driver","Fission+1","Biased Cognition","Reboot","Scrape","Beam Cell","Glacier+1","Static Discharge","Auto Shields","Glacier","Self Repair","Fission+1","Static Discharge","Static Discharge+1","Static Discharge"],"special_seed":0,"relics":["Cracked Core","NeowsBlessing","Potion Belt","Bottled Flame","Girya","Lantern","Boot","Pandora\u0027s Box","Mango","Anchor","Cables","Happy Flower","Empty Cage","OrangePellets","Kunai","Prayer Wheel","Question Card"],"potions_floor_usage":[50,50],"damage_taken":[{"damage":0.0,"enemies":"Small Slimes","floor":1.0,"turns":1.0},{"damage":0.0,"enemies":"Jaw Worm","floor":4.0,"turns":1.0},{"damage":0.0,"enemies":"Gremlin Nob","floor":6.0,"turns":1.0},{"damage":45.0,"enemies":"3 Sentries","floor":8.0,"turns":7.0},{"damage":0.0,"enemies":"Cultist","floor":10.0,"turns":2.0},{"damage":19.0,"enemies":"Gremlin Nob","floor":11.0,"turns":4.0},{"damage":1.0,"enemies":"Looter","floor":12.0,"turns":2.0},{"damage":6.0,"enemies":"3 Louse","floor":14.0,"turns":2.0},{"damage":15.0,"enemies":"Hexaghost","floor":16.0,"turns":9.0},{"damage":18.0,"enemies":"Chosen","floor":18.0,"turns":4.0},{"damage":12.0,"enemies":"3 Byrds","floor":20.0,"turns":2.0},{"damage":22.0,"enemies":"Snecko","floor":22.0,"turns":5.0},{"damage":10.0,"enemies":"Book of Stabbing","floor":24.0,"turns":6.0},{"damage":19.0,"enemies":"Cultist and Chosen","floor":25.0,"turns":4.0},{"damage":40.0,"enemies":"Gremlin Leader","floor":28.0,"turns":6.0},{"damage":0.0,"enemies":"3 Cultists","floor":30.0,"turns":2.0},{"damage":11.0,"enemies":"Champ","floor":33.0,"turns":10.0},{"damage":18.0,"enemies":"Orb Walker","floor":35.0,"turns":5.0},{"damage":1.0,"enemies":"3 Shapes","floor":38.0,"turns":6.0},{"damage":0.0,"enemies":"Giant Head","floor":41.0,"turns":12.0},{"damage":43.0,"enemies":"Maw","floor":42.0,"turns":6.0},{"damage":0.0,"enemies":"Mind Bloom Boss Battle","floor":46.0,"turns":7.0},{"damage":15.0,"enemies":"Nemesis","floor":47.0,"turns":10.0},{"damage":30.0,"enemies":"4 Shapes","floor":48.0,"turns":5.0},{"damage":84,"enemies":"Awakened One","floor":50,"turns":18}],"seed_played":"-4254343252781751927","potions_obtained":[{"floor":6.0,"key":"Regen Potion"},{"floor":10.0,"key":"Weak Potion"},{"floor":14.0,"key":"Explosive Potion"},{"floor":16.0,"key":"Strength Potion"},{"floor":18.0,"key":"LiquidBronze"},{"floor":20.0,"key":"Explosive Potion"},{"floor":24.0,"key":"Fruit Juice"},{"floor":28.0,"key":"Swift Potion"},{"floor":35.0,"key":"Fruit Juice"},{"floor":38.0,"key":"Explosive Potion"},{"floor":46.0,"key":"Fire Potion"},{"floor":47.0,"key":"Weak Potion"}],"is_trial":false,"path_per_floor":["M","$","?","M","?","E","R","E","T","M","E","M","R","M","R","B",null,"M","?","M","?","M","R","E","M","T","R","E","R","M","$","R","B",null,"M","?","$","M","?","R","E","M","T","R","?","?","E","M","R","B"],"character_chosen":"DEFECT","items_purchased":["Defragment","Self Repair","Happy Flower","OrangePellets"],"campfire_rested":5,"item_purchase_floors":[2,31,31,37],"current_hp_per_floor":[64,64,69,69,58,58,58,13,13,13,6,5,27,21,21,6,59,41,41,29,29,7,29,33,19,19,47,7,7,7,7,35,31,79,75,75,75,86,86,86,93,64,64,94,94,100,99,83,83,0],"gold":259,"neow_bonus":"THREE_ENEMY_KILL","is_prod":false,"is_daily":false,"chose_seed":false,"campfire_upgraded":4,"win_rate":0,"timestamp":1558549521,"path_taken":["M","$","?","M","?","E","R","E","T","M","E","M","R","M","R","BOSS","M","?","M","?","M","R","E","M","T","R","E","R","?","$","R","BOSS","M","?","$","M","?","R","E","?","T","R","?","?","E","M","R","BOSS"],"build_version":"2019-01-23","purchased_purges":1,"victory":false,"max_hp_per_floor":[71,71,76,76,76,76,76,76,76,76,76,76,76,76,76,76,76,76,76,76,76,76,76,90,95,95,95,95,95,95,95,95,95,95,95,95,95,100,100,100,100,100,100,100,100,100,100,100,100,100],"card_choices":[{"not_picked":["Turbo","Darkness"],"picked":"Compile Driver","floor":1.0},{"not_picked":["FTL","Force Field"],"picked":"Streamline","floor":4.0},{"not_picked":["Glacier","Conserve Battery"],"picked":"Seek","floor":6.0},{"not_picked":["Steam","Hello World"],"picked":"Electrodynamics","floor":8.0},{"not_picked":["Compile Driver","Conserve Battery"],"picked":"Capacitor","floor":10.0},{"not_picked":["Steam","Darkness"],"picked":"Ball Lightning","floor":11.0},{"not_picked":["Doom and Gloom","Darkness"],"picked":"Steam","floor":12.0},{"not_picked":["Melter","Rebound"],"picked":"Cold Snap","floor":14.0},{"not_picked":["Rainbow","Fission"],"picked":"Echo Form","floor":16.0},{"not_picked":["Redo","Turbo"],"picked":"Beam Cell","floor":18.0},{"not_picked":["Cold Snap","Streamline"],"picked":"Glacier+1","floor":20.0},{"not_picked":["Streamline","Consume","Sweeping Beam"],"picked":"SKIP","floor":22.0},{"not_picked":["Lockon","Reprogram"],"picked":"Static Discharge","floor":24.0},{"not_picked":["Gash","Melter"],"picked":"Auto Shields","floor":25.0},{"not_picked":["Leap","Streamline"],"picked":"Glacier","floor":28.0},{"not_picked":["Reinforced Body","Cold Snap","Barrage"],"picked":"SKIP","floor":30.0},{"not_picked":["Machine Learning","Meteor Strike"],"picked":"Fission","floor":33.0},{"not_picked":["Steam","Sunder"],"picked":"Static Discharge","floor":35.0},{"not_picked":["Rebound","Gash","Leap"],"picked":"SKIP","floor":38.0},{"not_picked":["Meteor Strike","Auto Shields","Reboot"],"picked":"SKIP","floor":41.0},{"not_picked":["Streamline","Compile Driver"],"picked":"Static Discharge+1","floor":42.0},{"not_picked":["Beam Cell","Heatsinks"],"picked":"Static Discharge","floor":46.0},{"not_picked":["Auto Shields","Coolheaded+1","Rainbow"],"picked":"SKIP","floor":47.0},{"not_picked":["White Noise+1","Rebound+1","Steam","Conserve Battery"],"picked":"SKIP","floor":48.0},{"not_picked":["Beam Cell+1","Sweeping Beam","Recycle","Steam"],"picked":"SKIP","floor":48.0}],"player_experience":1384719,"relics_obtained":[{"floor":6.0,"key":"Bottled Flame"},{"floor":8.0,"key":"Girya"},{"floor":9.0,"key":"Lantern"},{"floor":11.0,"key":"Boot"},{"floor":24.0,"key":"Mango"},{"floor":26.0,"key":"Anchor"},{"floor":28.0,"key":"Cables"},{"floor":41.0,"key":"Kunai"},{"floor":46.0,"key":"Prayer Wheel"},{"floor":47.0,"key":"Question Card"}],"event_choices":[{"damage_healed":0.0,"max_hp_gain":5.0,"max_hp_loss":0.0,"gold_gain":0.0,"event_name":"Big Fish","player_choice":"Donut","floor":3.0,"gold_loss":0.0,"damage_taken":0.0},{"damage_healed":0.0,"max_hp_gain":0.0,"max_hp_loss":0.0,"gold_gain":0.0,"event_name":"Scrap Ooze","player_choice":"Success","floor":5.0,"gold_loss":0.0,"damage_taken":11.0,"relics_obtained":["Potion Belt"]},{"damage_healed":0.0,"max_hp_gain":0.0,"max_hp_loss":0.0,"gold_gain":0.0,"event_name":"Vampires","player_choice":"Ignored","floor":19.0,"gold_loss":0.0,"damage_taken":0.0},{"cards_removed":["Dualcast"],"damage_healed":0.0,"max_hp_gain":0.0,"max_hp_loss":0.0,"gold_gain":0.0,"event_name":"Bonfire Elementals","player_choice":"Offered Basic","floor":21.0,"gold_loss":0.0,"damage_taken":0.0},{"cards_removed":["Compile Driver"],"damage_healed":0.0,"max_hp_gain":0.0,"max_hp_loss":0.0,"gold_gain":0.0,"event_name":"Falling","player_choice":"Removed Attack","floor":36.0,"gold_loss":0.0,"damage_taken":0.0},{"damage_healed":0.0,"max_hp_gain":0.0,"max_hp_loss":0.0,"gold_gain":0.0,"event_name":"SecretPortal","player_choice":"Ignored","floor":39.0,"gold_loss":0.0,"damage_taken":0.0},{"damage_healed":0.0,"max_hp_gain":0.0,"max_hp_loss":0.0,"gold_gain":0.0,"event_name":"Tomb of Lord Red Mask","player_choice":"Ignored","floor":45.0,"gold_loss":0.0,"damage_taken":0.0},{"damage_healed":0.0,"max_hp_gain":0.0,"max_hp_loss":0.0,"gold_gain":0.0,"event_name":"MindBloom","player_choice":"Fight","floor":46.0,"gold_loss":0.0,"damage_taken":0.0}],"is_beta":false,"boss_relics":[{"not_picked":["Orrery","Runic Dome"],"picked":"Pandora\u0027s Box"},{"not_picked":["Astrolabe","Velvet Choker"],"picked":"Empty Cage"}],"items_purged_floors":[31],"is_endless":false,"potions_floor_spawned":[6,10,14,16,18,20,24,28,35,38,46,47],"killed_by":"Awakened One","ascension_level":20}