{"gold_per_floor":[112,132,132,132,145,145,176,176,203,203,215,215,225,225,225,302,302,322,333,30,30,30,30,46,46,70,70,129,129,109,139,139,139],"floor_reached":33,"playtime":882,"items_purged":[],"score":522,"play_id":"d4e12626-7224-4375-8597-9c618a0cd961","local_time":"20190506215330","is_ascension_mode":true,"campfire_choices":[{"data":"Neutralize","floor":6.0,"key":"SMITH"},{"floor":8.0,"key":"REST"},{"data":"Sucker Punch","floor":10.0,"key":"SMITH"},{"data":"Poisoned Stab","floor":12.0,"key":"SMITH"},{"data":"Blur","floor":15.0,"key":"SMITH"},{"floor":23.0,"key":"REST"},{"floor":25.0,"key":"RECALL"},{"floor":27.0,"key":"REST"},{"floor":29.0,"key":"REST"},{"floor":32,"key":"REST"}],"neow_cost":"NONE","seed_source_timestamp":812204931054901,"circlet_count":0,"master_deck":["AscendersBane","Defend_G","Defend_G","Defend_G","Defend_G","Defend_G","Strike_G","Strike_G","Strike_G","Strike_G","Survivor","Neutralize+1","Sucker Punch+1","Poisoned Stab+1","Flying Knee","Blur+1","Predator","Malaise","Cloak And Dagger","Leg Sweep","Dagger Spray","Blur+1","Caltrops","PiercingWail"],"special_seed":0,"relics":["Ring of the Snake","NeowsBlessing","Bronze Scales","Centennial Puzzle","Orichalcum","Fusion Hammer","Membership Card","Juzu Bracelet","Turnip","Regal Pillow","Tiny Chest","Red Mask"],"potions_floor_usage":[31,33],"damage_taken":[{"damage":0.0,"enemies":"2 Louse","floor":1.0,"turns":1.0},{"damage":0.0,"enemies":"Jaw Worm","floor":2.0,"turns":1.0},{"damage":0.0,"enemies":"Cultist","floor":5.0,"turns":1.0},{"damage":24.0,"enemies":"Gremlin Nob","floor":7.0,"turns":4.0},{"damage":2.0,"enemies":"Gremlin Gang","floor":11.0,"turns":3.0},{"damage":2.0,"enemies":"Red Slaver","floor":13.0,"turns":4.0},{"damage":29.0,"enemies":"The Guardian","floor":16.0,"turns":14.0},{"damage":6.0,"enemies":"3 Byrds","floor":18.0,"turns":4.0},{"damage":0.0,"enemies":"Chosen","floor":19.0,"turns":5.0},{"damage":13.0,"enemies":"Shelled Parasite and Fungi","floor":24.0,"turns":7.0},{"damage":32.0,"enemies":"Slavers","floor":28.0,"turns":8.0},{"damage":20,"enemies":"Masked Bandits","floor":31,"turns":5},{"damage":84,"enemies":"Collector","floor":33,"turns":9}],"seed_played":"-3368017320802665183","potions_obtained":[{"floor":7.0,"key":"Explosive Potion"},{"floor":11.0,"key":"SteroidPotion"},{"floor":16.0,"key":"GamblersBrew"},{"floor":24.0,"key":"Ancient Potion"}],"is_trial":false,"path_per_floor":["M","M","?","?","M","R","E","R","T","R","M","R","M","$","R","B",null,"M","M","$","?","T","R","M","R","T","R","E","R","$","?","R","B"],"character_chosen":"THE_SILENT","items_purchased":["Membership Card","Juzu Bracelet","Caltrops"],"campfire_rested":5,"item_purchase_floors":[20,20,30],"current_hp_per_floor":[59,59,48,48,48,48,24,43,43,43,41,41,39,39,39,10,52,46,46,46,46,46,65,52,52,52,66,34,66,66,46,66,0],"gold":139,"neow_bonus":"THREE_ENEMY_KILL","is_prod":false,"is_daily":false,"chose_seed":false,"campfire_upgraded":4,"win_rate":0,"timestamp":1557194010,"path_taken":["M","M","?","?","?","R","E","R","T","R","?","R","M","$","R","BOSS","M","M","$","?","?","R","M","R","T","R","E","R","$","?","R","BOSS"],"build_version":"2019-01-23","purchased_purges":0,"victory":false,"max_hp_per_floor":[66,66,66,66,66,66,66,66,66,66,66,66,66,66,66,66,66,66,66,66,66,66,66,66,66,66,66,66,66,66,66,66,66],"card_choices":[{"not_picked":["Outmaneuver","Backflip"],"picked":"Sucker Punch","floor":1.0},{"not_picked":["Cloak And Dagger","PiercingWail"],"picked":"Poisoned Stab","floor":2.0},{"not_picked":["Poisoned Stab","PiercingWail"],"picked":"Flying Knee","floor":5.0},{"not_picked":["Flying Knee","Prepared"],"picked":"Blur","floor":7.0},{"not_picked":["Backflip","Outmaneuver"],"picked":"Predator","floor":11.0},{"not_picked":["Prepared","Storm of Steel","Outmaneuver"],"picked":"SKIP","floor":13.0},{"not_picked":["Venomology","Tools of the Trade"],"picked":"Malaise","floor":16.0},{"not_picked":["Flechettes","Bane+1"],"picked":"Cloak And Dagger","floor":18.0},{"not_picked":["Dash","Bane"],"picked":"Leg Sweep","floor":19.0},{"not_picked":["Blade Dance+1","Slice"],"picked":"Dagger Spray","floor":24.0},{"not_picked":["Backflip","Sucker Punch"],"picked":"Blur+1","floor":28.0},{"not_picked":["Sucker Punch","Finisher"],"picked":"PiercingWail","floor":31}],"player_experience":676253,"relics_obtained":[{"floor":7.0,"key":"Centennial Puzzle"},{"floor":9.0,"key":"Orichalcum"},{"floor":22.0,"key":"Turnip"},{"floor":26.0,"key":"Regal Pillow"},{"floor":28.0,"key":"Tiny Chest"},{"floor":31,"key":"Red Mask"}],"event_choices":[{"damage_healed":0.0,"max_hp_gain":0.0,"max_hp_loss":0.0,"gold_gain":0.0,"event_name":"Scrap Ooze","player_choice":"Success","floor":3.0,"gold_loss":0.0,"damage_taken":11.0,"relics_obtained":["Bronze Scales"]},{"damage_healed":0.0,"max_hp_gain":0.0,"max_hp_loss":0.0,"gold_gain":0.0,"event_name":"Liars Game","player_choice":"Ignored","floor":4.0,"gold_loss":0.0,"damage_taken":0.0},{"cards_removed":["Strike_G"],"damage_healed":0.0,"max_hp_gain":0.0,"max_hp_loss":0.0,"gold_gain":0.0,"event_name":"Bonfire Elementals","player_choice":"Offered Basic","floor":21.0,"gold_loss":0.0,"damage_taken":0.0},{"damage_healed":0,"gold_gain":0,"player_choice":"Fought Bandits","damage_taken":0,"max_hp_gain":0,"max_hp_loss":0,"event_name":"Masked Bandits","floor":31,"gold_loss":0}],"is_beta":false,"boss_relics":[{"not_picked":["Orrery","Black Star"],"picked":"Fusion Hammer"}],"items_purged_floors":[],"is_endless":false,"potions_floor_spawned":[7,11,16,24,28],"killed_by":"Collector","ascension_level":20}