{"gold_per_floor":[112,112,125,135,150,482,482,557,557,557,130,159,159,176,176,276,276,201,226,150,150],"floor_reached":21,"playtime":850,"items_purged":["Strike_G"],"score":296,"play_id":"b90fb8d3-ac8f-41ac-bd3a-ac3c16ee0958","local_time":"20180908130553","is_ascension_mode":true,"campfire_choices":[{"data":"Noxious Fumes","floor":7,"key":"SMITH"},{"data":"Neutralize","floor":10,"key":"SMITH"},{"floor":13,"key":"REST"},{"data":"Sucker Punch","floor":15,"key":"SMITH"}],"neow_cost":"NONE","seed_source_timestamp":145072446774806,"circlet_count":0,"master_deck":["Defend_G","Defend_G","Defend_G+1","Defend_G","Defend_G","Strike_G","Strike_G","Strike_G","Strike_G+1","Survivor","Neutralize+1","AscendersBane","Cloak And Dagger","Noxious Fumes+1","Sucker Punch+1","Blade Dance","Heel Hook","Die Die Die","Dodge and Roll","Dodge and Roll","Cloak And Dagger","Blade Dance","Cloak And Dagger","Accuracy","Accuracy"],"special_seed":0,"relics":["Ring of the Snake","Old Coin","Matryoshka","HandDrill","Lantern","Sundial","Orrery","Red Mask"],"potions_floor_usage":[6,6,19],"damage_taken":[{"damage":4.0,"enemies":"Jaw Worm","floor":1.0,"turns":7.0},{"damage":0.0,"enemies":"2 Louse","floor":3.0,"turns":2.0},{"damage":4.0,"enemies":"Small Slimes","floor":4.0,"turns":5.0},{"damage":0.0,"enemies":"Looter","floor":5.0,"turns":4.0},{"damage":5,"enemies":"Lagavulin","floor":6,"turns":10},{"damage":32,"enemies":"Gremlin Nob","floor":12,"turns":6},{"damage":0,"enemies":"Red Slaver","floor":14,"turns":3},{"damage":10,"enemies":"The Guardian","floor":16,"turns":13},{"damage":8,"enemies":"2 Thieves","floor":18,"turns":5},{"damage":40,"enemies":"Masked Bandits","floor":19,"turns":5},{"damage":12,"enemies":"Spheric Guardian","floor":21,"turns":3}],"seed_played":"-7758286176971426933","potions_obtained":[{"floor":3.0,"key":"Fire Potion"},{"floor":4.0,"key":"Regen Potion"},{"floor":5.0,"key":"Dexterity Potion"},{"floor":12,"key":"Weak Potion"},{"floor":19,"key":"Poison Potion"}],"is_trial":false,"path_per_floor":["M","?","M","M","M","E","R","?","T","R","$","E","R","M","R","B",null,"M","?","$"],"character_chosen":"THE_SILENT","items_purchased":["HandDrill","Lantern","Accuracy"],"campfire_rested":1,"item_purchase_floors":[11,11,20],"current_hp_per_floor":[59,45,45,41,41,51,51,40,40,40,40,8,29,29,29,19,57,49,9,9,0],"gold":150,"neow_bonus":"THREE_CARDS","is_prod":false,"is_daily":false,"chose_seed":false,"campfire_upgraded":3,"win_rate":0,"timestamp":1536426353,"path_taken":["M","?","M","M","M","E","R","?","T","R","$","E","R","M","R","BOSS","M","?","$","M"],"build_version":"2018-09-06","purchased_purges":1,"victory":false,"max_hp_per_floor":[70,70,70,70,70,70,70,70,70,70,70,70,70,70,70,70,70,70,70,70,70],"card_choices":[{"not_picked":["Distraction","Footwork"],"picked":"Cloak And Dagger","floor":0.0},{"not_picked":["Dagger Spray","Terror"],"picked":"Noxious Fumes","floor":1.0},{"not_picked":["Tactician","Bane","Prepared"],"picked":"SKIP","floor":3.0},{"not_picked":["Eviscerate","Poisoned Stab","Escape Plan"],"picked":"SKIP","floor":4.0},{"not_picked":["Backflip","Endless Agony"],"picked":"Sucker Punch","floor":5.0},{"not_picked":["Calculated Gamble","Bane"],"picked":"Blade Dance","floor":6},{"not_picked":["Outmaneuver","Flying Knee"],"picked":"Heel Hook","floor":12},{"not_picked":["Calculated Gamble","Outmaneuver","Riddle With Holes"],"picked":"SKIP","floor":14},{"not_picked":["Storm of Steel","Venomology"],"picked":"Die Die Die","floor":16},{"not_picked":["Poisoned Stab","Outmaneuver"],"picked":"Dodge and Roll","floor":17},{"not_picked":["Predator","Terror"],"picked":"Dodge and Roll","floor":17},{"not_picked":["Backflip","Blur"],"picked":"Cloak And Dagger","floor":17},{"not_picked":["Expertise","Deadly Poison"],"picked":"Blade Dance","floor":17},{"not_picked":["Reflex","Deadly Poison+1"],"picked":"Cloak And Dagger","floor":18},{"not_picked":["Noxious Fumes","Quick Slash"],"picked":"Accuracy","floor":19}],"player_experience":333739,"relics_obtained":[{"floor":6,"key":"Old Coin"},{"floor":9,"key":"Matryoshka"},{"floor":12,"key":"Sundial"},{"floor":19,"key":"Red Mask"}],"event_choices":[{"event_name":"Shining Light","player_choice":"Entered Light","floor":2.0,"damage_taken":0.0},{"event_name":"World of Goop","player_choice":"Gather Gold","floor":8,"damage_taken":0},{"event_name":"Masked Bandits","player_choice":"Fought Bandits","floor":19,"damage_taken":0}],"is_beta":false,"boss_relics":[{"not_picked":["Philosopher\u0027s Stone","Runic Pyramid"],"picked":"Orrery"}],"items_purged_floors":[11],"is_endless":false,"potions_floor_spawned":[3,4,5,12,19],"killed_by":"Spheric Guardian","ascension_level":12}