{"gold_per_floor":[213,224,235,7,25,54,19,37,37,37,52,84,104,104,104,104],"floor_reached":16,"playtime":544,"items_purged":[],"score":228,"play_id":"c8970d33-e661-4881-b249-c200f7e7fd49","local_time":"20190703152514","is_ascension_mode":true,"campfire_choices":[{"data":"Neutralize","floor":10,"key":"SMITH"},{"data":"Beam Cell","floor":15,"key":"SMITH"}],"neow_cost":"NONE","seed_source_timestamp":5799633867656324,"circlet_count":0,"master_deck":["AscendersBane","Strike_G","Strike_G","Strike_G","Strike_G","Strike_G","Defend_G","Defend_G","Defend_G","Defend_G","Defend_G","Survivor","Neutralize+1","Bane","Sucker Punch","Deadly Poison","Cold Snap","Deflect","Headbutt","Perfected Strike","Beam Cell+1","Leap"],"relics":["Ring of the Snake","PrismaticShard","Meat on the Bone","Gremlin Horn","Strawberry","Tough Bandages"],"potions_floor_usage":[3,12,13,16],"damage_taken":[{"damage":12,"enemies":"Small Slimes","floor":1,"turns":5},{"damage":7,"enemies":"2 Louse","floor":2,"turns":4},{"damage":7,"enemies":"Jaw Worm","floor":3,"turns":7},{"damage":1,"enemies":"2 Fungi Beasts","floor":5,"turns":4},{"damage":34,"enemies":"Lagavulin","floor":6,"turns":7},{"damage":7,"enemies":"Red Slaver","floor":8,"turns":4},{"damage":18,"enemies":"Large Slime","floor":11,"turns":5},{"damage":2,"enemies":"3 Sentries","floor":12,"turns":9},{"damage":3,"enemies":"Gremlin Gang","floor":13,"turns":3},{"damage":32,"enemies":"Slime Boss","floor":16,"turns":3}],"seed_played":"-3075492081692045225","potions_obtained":[{"floor":2,"key":"Regen Potion"},{"floor":8,"key":"Dexterity Potion"},{"floor":12,"key":"Fire Potion"},{"floor":13,"key":"EssenceOfSteel"}],"is_trial":false,"path_per_floor":["M","M","M","$","M","E","?","M","T","R","M","E","M","?","R","B"],"character_chosen":"THE_SILENT","items_purchased":["PrismaticShard"],"campfire_rested":0,"item_purchase_floors":[4],"current_hp_per_floor":[47,40,48,48,47,13,29,34,34,34,28,45,42,24,24,0],"gold":104,"neow_bonus":"HUNDRED_GOLD","is_prod":false,"is_daily":false,"chose_seed":false,"campfire_upgraded":2,"win_rate":0,"timestamp":1562181914,"path_taken":["M","M","M","$","M","E","?","M","T","R","M","E","M","?","R","BOSS"],"build_version":"2019-07-01","purchased_purges":0,"victory":false,"max_hp_per_floor":[66,66,66,66,66,66,66,66,66,66,66,73,73,73,73,73],"card_choices":[{"not_picked":["Acrobatics","Blade Dance"],"picked":"Bane","floor":1},{"not_picked":["Eviscerate","Deflect"],"picked":"Sucker Punch","floor":2},{"not_picked":["Reflex","Prepared"],"picked":"Deadly Poison","floor":3},{"not_picked":["Armaments","Bandage Up"],"picked":"Cold Snap","floor":5},{"not_picked":["Evolve","PiercingWail"],"picked":"Deflect","floor":6},{"not_picked":["Go for the Eyes","Die Die Die"],"picked":"Headbutt","floor":8},{"not_picked":["Sentinel","Deflect"],"picked":"Perfected Strike","floor":11},{"not_picked":["Turbo","Expertise"],"picked":"Beam Cell","floor":12},{"not_picked":["Underhanded Strike","Anger"],"picked":"Leap","floor":13}],"player_experience":847776,"relics_obtained":[{"floor":6,"key":"Meat on the Bone"},{"floor":9,"key":"Gremlin Horn"},{"floor":12,"key":"Strawberry"}],"event_choices":[{"damage_healed":16,"gold_gain":0,"player_choice":"Healed","damage_taken":0,"max_hp_gain":0,"max_hp_loss":0,"event_name":"The Cleric","floor":7,"gold_loss":35},{"damage_healed":0,"gold_gain":0,"player_choice":"Success","damage_taken":18,"relics_obtained":["Tough Bandages"],"max_hp_gain":0,"max_hp_loss":0,"event_name":"Scrap Ooze","floor":14,"gold_loss":0}],"is_beta":false,"boss_relics":[],"items_purged_floors":[],"is_endless":false,"potions_floor_spawned":[2,8,12,13],"killed_by":"Slime Boss","ascension_level":20}