{"gold_per_floor":[214,232,249,249,76,96,110,110,110,140,160,172,200,214,214,291,291,231,231,231,231,60,60,60,60,60,60,60,60,60,60,60,60,60,60,60,60,60,60,60,60],"floor_reached":41,"playtime":1808,"items_purged":[],"score":948,"play_id":"461f22ba-44e8-47e3-987e-a402bcc32521","local_time":"20190628182809","is_ascension_mode":true,"campfire_choices":[{"data":"Neutralize","floor":8.0,"key":"SMITH"},{"data":"Dagger Spray","floor":15.0,"key":"SMITH"},{"floor":28.0,"key":"REST"},{"floor":32.0,"key":"REST"},{"data":"Noxious Fumes","floor":40,"key":"SMITH"}],"neow_cost":"NONE","seed_source_timestamp":5377137322166812,"circlet_count":0,"master_deck":["AscendersBane","Defend_G","Defend_G","Defend_G","Defend_G","Defend_G","Strike_G+1","Strike_G+1","Strike_G","Strike_G","Strike_G","Survivor","Neutralize+1","Predator","Flying Knee","Dagger Spray+1","Predator","Cloak And Dagger","Dagger Spray","A Thousand Cuts","Acrobatics+1","Decay","Envenom","Terror","Dodge and Roll+1","Noxious Fumes+1","Outmaneuver","Accuracy+1","Wraith Form v2","Leg Sweep+1","Blind","PiercingWail+1"],"special_seed":0,"relics":["Ring of the Snake","Orichalcum","Pear","Meat on the Bone","Whetstone","Ectoplasm","PreservedInsect","Tiny Chest","Potion Belt","Paper Crane","Runic Pyramid"],"potions_floor_usage":[],"damage_taken":[{"damage":0.0,"enemies":"2 Louse","floor":1.0,"turns":4.0},{"damage":4.0,"enemies":"Jaw Worm","floor":2.0,"turns":5.0},{"damage":4.0,"enemies":"Cultist","floor":3.0,"turns":4.0},{"damage":8.0,"enemies":"Blue Slaver","floor":6.0,"turns":5.0},{"damage":16.0,"enemies":"3 Louse","floor":7.0,"turns":5.0},{"damage":12.0,"enemies":"3 Sentries","floor":10.0,"turns":6.0},{"damage":0.0,"enemies":"Exordium Wildlife","floor":11.0,"turns":2.0},{"damage":3.0,"enemies":"Blue Slaver","floor":12.0,"turns":3.0},{"damage":0.0,"enemies":"Gremlin Nob","floor":13.0,"turns":3.0},{"damage":0.0,"enemies":"3 Louse","floor":14.0,"turns":2.0},{"damage":28.0,"enemies":"Slime Boss","floor":16.0,"turns":10.0},{"damage":19.0,"enemies":"2 Thieves","floor":18.0,"turns":4.0},{"damage":3.0,"enemies":"Spheric Guardian","floor":20.0,"turns":3.0},{"damage":29.0,"enemies":"Gremlin Leader","floor":23.0,"turns":7.0},{"damage":12.0,"enemies":"Chosen and Byrds","floor":24.0,"turns":5.0},{"damage":1.0,"enemies":"Snecko","floor":25.0,"turns":3.0},{"damage":34.0,"enemies":"Book of Stabbing","floor":27.0,"turns":5.0},{"damage":19.0,"enemies":"Cultist and Chosen","floor":29.0,"turns":7.0},{"damage":25.0,"enemies":"Snake Plant","floor":30.0,"turns":5.0},{"damage":3.0,"enemies":"Centurion and Healer","floor":31.0,"turns":7.0},{"damage":42.0,"enemies":"Champ","floor":33.0,"turns":16.0},{"damage":6.0,"enemies":"Orb Walker","floor":35.0,"turns":5.0},{"damage":0,"enemies":"3 Shapes","floor":38,"turns":6},{"damage":59,"enemies":"Reptomancer","floor":41,"turns":2}],"seed_played":"1459963941486848240","potions_obtained":[{"floor":2.0,"key":"Strength Potion"},{"floor":6.0,"key":"Poison Potion"},{"floor":12.0,"key":"Dexterity Potion"},{"floor":14.0,"key":"GamblersBrew"},{"floor":18.0,"key":"Fire Potion"},{"floor":21.0,"key":"SpeedPotion"},{"floor":21.0,"key":"SneckoOil"},{"floor":29.0,"key":"FearPotion"},{"floor":30.0,"key":"GhostInAJar"},{"floor":31.0,"key":"EssenceOfSteel"},{"floor":33.0,"key":"Dexterity Potion"}],"is_trial":false,"path_per_floor":["M","M","M","?","$","M","M","R","T","E","M","M","E","M","R","B",null,"M","?","M","?","$","E","M","M","T","E","R","M","M","M","R","B",null,"M","?","?","M","$","R","E"],"character_chosen":"THE_SILENT","items_purchased":["Orichalcum","PreservedInsect"],"campfire_rested":2,"item_purchase_floors":[5,22],"current_hp_per_floor":[59,55,51,66,66,58,42,42,52,40,40,49,49,49,49,33,65,46,46,43,43,43,26,26,37,37,15,37,30,17,26,48,18,62,56,56,56,56,56,56,0],"gold":60,"neow_bonus":"HUNDRED_GOLD","is_prod":false,"is_daily":false,"chose_seed":false,"campfire_upgraded":3,"win_rate":0,"timestamp":1561760889,"path_taken":["M","M","M","?","$","M","M","R","T","E","M","M","E","M","R","BOSS","M","?","M","?","$","E","M","M","T","E","R","?","M","M","R","BOSS","M","?","?","M","$","R","E"],"build_version":"2019-01-23","purchased_purges":0,"victory":false,"max_hp_per_floor":[66,66,66,66,66,66,66,66,76,76,76,76,76,76,76,76,76,76,76,76,76,76,76,76,76,76,76,76,76,76,76,76,76,76,76,76,76,76,76,76,76],"card_choices":[{"not_picked":["Blade Dance","Acrobatics"],"picked":"Predator","floor":1.0},{"not_picked":["Slice","Accuracy"],"picked":"Deadly Poison","floor":2.0},{"not_picked":["Terror","Cloak And Dagger"],"picked":"Flying Knee","floor":3.0},{"not_picked":["Accuracy","Reflex","Eviscerate"],"picked":"SKIP","floor":6.0},{"not_picked":["Doppelganger","Outmaneuver"],"picked":"Dagger Spray","floor":7.0},{"not_picked":["PiercingWail","Poisoned Stab"],"picked":"Predator","floor":10.0},{"not_picked":["Deadly Poison","Flying Knee","Slice"],"picked":"SKIP","floor":11.0},{"not_picked":["Quick Slash","Eviscerate"],"picked":"Cloak And Dagger","floor":12.0},{"not_picked":["Skewer","Quick Slash"],"picked":"Dagger Spray","floor":13.0},{"not_picked":["Catalyst","Slice","Calculated Gamble"],"picked":"SKIP","floor":14.0},{"not_picked":["Burst","Tools of the Trade"],"picked":"A Thousand Cuts","floor":16.0},{"not_picked":["Reflex","Terror"],"picked":"Acrobatics+1","floor":18.0},{"not_picked":["Bouncing Flask","Masterful Stab","Catalyst"],"picked":"SKIP","floor":20.0},{"not_picked":["Bane+1","Outmaneuver"],"picked":"Envenom","floor":23.0},{"not_picked":["Quick Slash","Flechettes+1"],"picked":"Terror","floor":24.0},{"not_picked":["Riddle With Holes","Sucker Punch"],"picked":"Dodge and Roll+1","floor":25.0},{"not_picked":["Eviscerate","Deadly Poison"],"picked":"Noxious Fumes","floor":27.0},{"not_picked":["Finisher","Quick Slash","Underhanded Strike+1"],"picked":"SKIP","floor":29.0},{"not_picked":["Terror","Dagger Throw"],"picked":"Outmaneuver","floor":30.0},{"not_picked":["Crippling Poison","Deadly Poison"],"picked":"Accuracy+1","floor":31.0},{"not_picked":["Tools of the Trade","Phantasmal Killer"],"picked":"Wraith Form v2","floor":33.0},{"not_picked":["Backflip","Deflect"],"picked":"Leg Sweep+1","floor":35.0},{"not_picked":["PanicButton","Dramatic Entrance"],"picked":"Blind","floor":37.0},{"not_picked":["Predator","Slice"],"picked":"PiercingWail+1","floor":38}],"player_experience":803121,"relics_obtained":[{"floor":9.0,"key":"Pear"},{"floor":10.0,"key":"Meat on the Bone"},{"floor":13.0,"key":"Whetstone"},{"floor":23.0,"key":"Tiny Chest"},{"floor":26.0,"key":"Potion Belt"},{"floor":27.0,"key":"Paper Crane"}],"event_choices":[{"damage_healed":22.0,"max_hp_gain":0.0,"max_hp_loss":0.0,"gold_gain":0.0,"event_name":"Big Fish","player_choice":"Banana","floor":4.0,"gold_loss":0.0,"damage_taken":0.0},{"damage_healed":0.0,"max_hp_gain":0.0,"max_hp_loss":0.0,"gold_gain":0.0,"event_name":"Forgotten Altar","player_choice":"Smashed Altar","floor":19.0,"gold_loss":0.0,"damage_taken":0.0,"cards_obtained":["Decay"]},{"damage_healed":0.0,"max_hp_gain":0.0,"max_hp_loss":0.0,"gold_gain":0.0,"event_name":"Lab","player_choice":"Got Potions","floor":21.0,"gold_loss":0.0,"damage_taken":0.0},{"cards_removed":["Deadly Poison"],"damage_healed":0.0,"max_hp_gain":0.0,"max_hp_loss":0.0,"gold_gain":0.0,"event_name":"Falling","player_choice":"Removed Skill","floor":36.0,"gold_loss":0.0,"damage_taken":0.0},{"damage_healed":0.0,"max_hp_gain":0.0,"max_hp_loss":0.0,"gold_gain":0.0,"event_name":"SensoryStone","player_choice":"Memory 1","floor":37.0,"gold_loss":0.0,"damage_taken":0.0}],"is_beta":false,"boss_relics":[{"not_picked":["White Beast Statue","Busted Crown"],"picked":"Ectoplasm"},{"not_picked":["Pandora\u0027s Box","Velvet Choker"],"picked":"Runic Pyramid"}],"items_purged_floors":[],"is_endless":false,"potions_floor_spawned":[2,6,7,12,14,18,29,30,31,33],"killed_by":"Reptomancer","ascension_level":20}