{"gold_per_floor":[113,113,132,147,157,486,486,496,545,545,610,640,640,655,655,754,754,754,154,154,154,154,154,104,104,104,104,104,104,104,104,104,104,104,104,28,28,28,28,28],"floor_reached":40,"playtime":1650,"items_purged":["Defend_R"],"score":438,"play_id":"b4074109-48f4-470f-bdeb-bd3e694f218f","local_time":"20181203202833","is_ascension_mode":false,"campfire_choices":[{"data":"Armaments","floor":7.0,"key":"SMITH"},{"data":"Armaments","floor":10.0,"key":"SMITH"},{"data":"Uppercut","floor":13.0,"key":"SMITH"},{"data":"Iron Wave","floor":15.0,"key":"SMITH"},{"data":"Whirlwind","floor":23,"key":"SMITH"},{"data":"Armaments","floor":25,"key":"SMITH"},{"floor":32,"key":"REST"}],"neow_cost":"NONE","seed_source_timestamp":0,"circlet_count":0,"master_deck":["Strike_R","Strike_R","Strike_R","Strike_R","Strike_R+1","Defend_R","Defend_R","Bash+1","Uppercut+1","Uppercut+1","Perfected Strike+1","Armaments+1","Armaments+1","Iron Wave+1","Pommel Strike","Barricade","Clothesline","Headbutt","Whirlwind+1","Armaments+1","Flex","Heavy Blade","Spot Weakness+1","Thunderclap+1","Demon Form","Heavy Blade+1","Searing Blow","Intimidate","Heavy Blade"],"special_seed":0,"relics":["Burning Blood","Old Coin","Smiling Mask","Sundial","Ectoplasm","OrangePellets","Lantern","Art of War","Orichalcum","Whetstone","Anchor","White Beast Statue","Ginger"],"potions_floor_usage":[28,33,38],"damage_taken":[{"damage":3.0,"enemies":"Small Slimes","floor":1.0,"turns":3.0},{"damage":4.0,"enemies":"Cultist","floor":3.0,"turns":3.0},{"damage":6.0,"enemies":"Jaw Worm","floor":4.0,"turns":3.0},{"damage":9.0,"enemies":"Exordium Wildlife","floor":5.0,"turns":4.0},{"damage":24.0,"enemies":"Gremlin Nob","floor":6.0,"turns":4.0},{"damage":0.0,"enemies":"Red Slaver","floor":8.0,"turns":4.0},{"damage":26.0,"enemies":"Lagavulin","floor":12.0,"turns":7.0},{"damage":0.0,"enemies":"Blue Slaver","floor":14.0,"turns":3.0},{"damage":31.0,"enemies":"The Guardian","floor":16.0,"turns":12.0},{"damage":6,"enemies":"Chosen","floor":18,"turns":4},{"damage":15,"enemies":"Spheric Guardian","floor":22,"turns":4},{"damage":11,"enemies":"Shelled Parasite and Fungi","floor":27,"turns":5},{"damage":21,"enemies":"Book of Stabbing","floor":28,"turns":5},{"damage":14,"enemies":"Cultist and Chosen","floor":29,"turns":5},{"damage":10,"enemies":"Centurion and Healer","floor":30,"turns":5},{"damage":20,"enemies":"Gremlin Leader","floor":31,"turns":4},{"damage":32,"enemies":"Collector","floor":33,"turns":6},{"damage":4,"enemies":"3 Shapes","floor":35,"turns":3},{"damage":8,"enemies":"Mind Bloom Boss Battle","floor":37,"turns":9},{"damage":3,"enemies":"Orb Walker","floor":38,"turns":3},{"damage":4,"enemies":"4 Shapes","floor":39,"turns":4},{"damage":85,"enemies":"Nemesis","floor":40,"turns":7}],"seed_played":"6779289675552499927","potions_obtained":[{"floor":1.0,"key":"Strength Potion"},{"floor":3.0,"key":"Dexterity Potion"},{"floor":6.0,"key":"LiquidBronze"},{"floor":29,"key":"PowerPotion"},{"floor":33,"key":"FearPotion"},{"floor":38,"key":"Fire Potion"}],"is_trial":false,"path_per_floor":["M","?","M","M","M","E","R","M","T","R","?","E","R","M","R","B",null,"M","$","?","?","M","R","?","R","T","M","E","M","M","E","R","B",null,"M","$","?","M","M","E"],"character_chosen":"IRONCLAD","items_purchased":["OrangePellets","Lantern","Art of War","Headbutt","Searing Blow"],"campfire_rested":1,"item_purchase_floors":[19,19,19,19,36],"current_hp_per_floor":[80,80,80,80,77,59,59,65,65,65,65,45,45,51,51,26,80,80,80,80,80,71,71,71,71,71,66,51,43,39,25,49,23,80,80,80,78,80,80,0],"gold":28,"neow_bonus":"UPGRADE_CARD","is_prod":false,"is_daily":false,"chose_seed":false,"campfire_upgraded":6,"win_rate":0.0,"timestamp":1543886913,"path_taken":["M","?","?","M","M","E","R","M","T","R","?","E","R","M","R","BOSS","M","$","?","?","?","R","?","R","T","M","E","M","?","E","R","BOSS","M","$","?","M","M","E"],"build_version":"2018-11-15","purchased_purges":1,"victory":false,"max_hp_per_floor":[80,80,80,80,80,80,80,80,80,80,80,80,80,80,80,80,80,80,80,80,80,80,80,80,80,80,80,80,80,80,80,80,80,80,80,80,80,80,80,80],"card_choices":[{"not_picked":["Headbutt","True Grit"],"picked":"Uppercut","floor":1.0},{"not_picked":["Anger","Bloodletting"],"picked":"Uppercut","floor":3.0},{"not_picked":["Body Slam","Entrench","True Grit"],"picked":"SKIP","floor":4.0},{"not_picked":["Feel No Pain","Intimidate"],"picked":"Perfected Strike","floor":5.0},{"not_picked":["Thunderclap","Anger"],"picked":"Armaments","floor":6.0},{"not_picked":["Cleave","Seeing Red"],"picked":"Armaments","floor":8.0},{"not_picked":["Intimidate","Cleave"],"picked":"Iron Wave","floor":12.0},{"not_picked":["Headbutt","Hemokinesis"],"picked":"Pommel Strike","floor":14.0},{"not_picked":["Immolate","Fiend Fire"],"picked":"Barricade","floor":16.0},{"not_picked":["Thunderclap","Power Through"],"picked":"Clothesline","floor":18},{"not_picked":["Iron Wave+1","Armaments","Cleave"],"picked":"SKIP","floor":22},{"not_picked":["Thunderclap+1","Heavy Blade"],"picked":"Flex","floor":27},{"not_picked":["Armaments","Impervious"],"picked":"Heavy Blade","floor":28},{"not_picked":["Flex","Infernal Blade"],"picked":"Spot Weakness+1","floor":29},{"not_picked":["Warcry+1","Cleave","Headbutt"],"picked":"SKIP","floor":30},{"not_picked":["Impervious","Combust+1"],"picked":"Thunderclap+1","floor":31},{"not_picked":["Fiend Fire","Offering"],"picked":"Demon Form","floor":33},{"not_picked":["Inflame","Infernal Blade+1"],"picked":"Heavy Blade+1","floor":35},{"not_picked":["Burning Pact+1","True Grit+1"],"picked":"Intimidate","floor":37},{"not_picked":["Iron Wave+1","Cleave+1","Second Wind"],"picked":"SKIP","floor":38},{"not_picked":["Cleave","Sword Boomerang"],"picked":"Heavy Blade","floor":39}],"player_experience":480964,"relics_obtained":[{"floor":6.0,"key":"Old Coin"},{"floor":9.0,"key":"Smiling Mask"},{"floor":12.0,"key":"Sundial"},{"floor":26,"key":"Orichalcum"},{"floor":28,"key":"Whetstone"},{"floor":31,"key":"Anchor"},{"floor":37,"key":"Ginger"}],"event_choices":[{"damage_healed":0.0,"max_hp_gain":0.0,"max_hp_loss":0.0,"gold_gain":0.0,"event_name":"Accursed Blacksmith","player_choice":"Forge","floor":2.0,"gold_loss":0.0,"damage_taken":0.0,"cards_upgraded":["Uppercut"]},{"damage_healed":0.0,"max_hp_gain":0.0,"max_hp_loss":0.0,"gold_gain":65.0,"event_name":"Golden Wing","player_choice":"Gained Gold","floor":11.0,"gold_loss":0.0,"damage_taken":0.0},{"damage_healed":0,"gold_gain":0,"player_choice":"Read","damage_taken":0,"max_hp_gain":0,"max_hp_loss":0,"event_name":"The Library","floor":20,"gold_loss":0,"cards_obtained":["Whirlwind"]},{"damage_healed":0,"gold_gain":0,"cards_transformed":["Defend_R"],"player_choice":"Transformed","damage_taken":0,"max_hp_gain":0,"max_hp_loss":0,"event_name":"Transmorgrifier","floor":21,"gold_loss":0,"cards_obtained":["Armaments"]},{"damage_healed":0,"gold_gain":0,"player_choice":"Bet on Murderer","damage_taken":0,"max_hp_gain":0,"max_hp_loss":0,"event_name":"The Joust","floor":24,"gold_loss":50},{"damage_healed":0,"gold_gain":0,"player_choice":"Fight","damage_taken":0,"max_hp_gain":0,"max_hp_loss":0,"event_name":"MindBloom","floor":37,"gold_loss":0}],"is_beta":false,"boss_relics":[{"not_picked":["Philosopher\u0027s Stone","Velvet Choker"],"picked":"Ectoplasm"},{"not_picked":["Runic Pyramid","Lizard Tail"],"picked":"White Beast Statue"}],"items_purged_floors":[19],"is_endless":false,"potions_floor_spawned":[1,3,6,8,14,18,29,30,33,35,37,38,39],"killed_by":"Nemesis","ascension_level":0}