{"gold_per_floor":[109,187,187,210,49,49,68,68,68,106,71,71,71,91,91,184,184,199,32,46,69,69],"floor_reached":22,"playtime":537,"items_purged":[],"score":368,"play_id":"017a8eae-68db-4bd1-8e30-f1d802066411","local_time":"20190611205157","is_ascension_mode":true,"campfire_choices":[{"floor":6,"key":"DIG"},{"floor":8,"key":"DIG"},{"floor":13,"key":"DIG"},{"floor":15,"key":"REST"}],"neow_cost":"PERCENT_DAMAGE","seed_source_timestamp":182317843399400,"circlet_count":0,"master_deck":["AscendersBane","Strike_B","Strike_B","Strike_B","Strike_B","Defend_B","Defend_B","Defend_B","Defend_B","Zap","Dualcast","Steam","Streamline","Buffer","Melter","Coolheaded","Machine Learning","Streamline+1","Echo Form","Melter+1","Leap"],"relics":["Cracked Core","Shovel","Dodecahedron","Golden Idol","Symbiotic Virus","Oddly Smooth Stone","Pantograph","Gambling Chip","Molten Egg 2","Singing Bowl","Coffee Dripper","Lantern"],"potions_floor_usage":[10,20,20],"damage_taken":[{"damage":1,"enemies":"Cultist","floor":1,"turns":3},{"damage":4,"enemies":"Jaw Worm","floor":4,"turns":4},{"damage":6,"enemies":"2 Louse","floor":7,"turns":2},{"damage":32,"enemies":"Gremlin Nob","floor":10,"turns":5},{"damage":2,"enemies":"Blue Slaver","floor":14,"turns":4},{"damage":38,"enemies":"Hexaghost","floor":16,"turns":9},{"damage":0,"enemies":"Spheric Guardian","floor":18,"turns":1},{"damage":30,"enemies":"Shell Parasite","floor":20,"turns":4},{"damage":22,"enemies":"Centurion and Healer","floor":21,"turns":6},{"damage":10,"enemies":"Snecko","floor":22,"turns":4}],"seed_played":"2916301796228059606","potions_obtained":[{"floor":7,"key":"GamblersBrew"},{"floor":10,"key":"SkillPotion"},{"floor":14,"key":"Explosive Potion"},{"floor":16,"key":"Fruit Juice"},{"floor":21,"key":"FearPotion"}],"is_trial":false,"path_per_floor":["M","T","?","M","$","R","M","R","T","E","?","T","R","M","R","B",null,"M","$","M","M","M"],"character_chosen":"DEFECT","items_purchased":["Buffer","Melter","Lantern"],"campfire_rested":1,"item_purchase_floors":[5,5,19],"current_hp_per_floor":[45,45,45,41,41,41,35,35,35,3,19,19,19,17,36,23,54,54,54,31,9,0],"gold":69,"neow_bonus":"ONE_RARE_RELIC","is_prod":false,"is_daily":false,"chose_seed":false,"campfire_upgraded":0,"win_rate":0,"timestamp":1560282717,"path_taken":["M","?","?","?","$","R","M","R","T","E","?","?","R","?","R","BOSS","M","$","M","M","M"],"build_version":"2019-01-23","purchased_purges":0,"victory":false,"max_hp_per_floor":[71,71,64,64,64,64,64,64,64,64,64,64,64,64,64,64,64,64,64,71,71,71],"card_choices":[{"not_picked":["Sweeping Beam","Redo"],"picked":"Steam","floor":1},{"not_picked":["Force Field","Turbo"],"picked":"Streamline","floor":4},{"not_picked":["Sweeping Beam","Compile Driver"],"picked":"Coolheaded","floor":7},{"not_picked":["Steam","Blizzard"],"picked":"Machine Learning","floor":10},{"not_picked":["Steam Power","Darkness"],"picked":"Streamline+1","floor":14},{"not_picked":["Reboot","Multi-Cast"],"picked":"Echo Form","floor":16},{"not_picked":["Go for the Eyes+1","Streamline+1"],"picked":"Melter+1","floor":18},{"not_picked":["Sweeping Beam+1","Ball Lightning+1","Go for the Eyes+1"],"picked":"Singing Bowl","floor":20},{"not_picked":["Streamline+1","Cold Snap+1"],"picked":"Leap","floor":21}],"player_experience":1450208,"relics_obtained":[{"floor":2,"key":"Dodecahedron"},{"floor":6,"key":"Symbiotic Virus"},{"floor":8,"key":"Oddly Smooth Stone"},{"floor":9,"key":"Pantograph"},{"floor":10,"key":"Gambling Chip"},{"floor":12,"key":"Molten Egg 2"},{"floor":13,"key":"Singing Bowl"}],"event_choices":[{"damage_healed":0,"gold_gain":0,"player_choice":"Lose Max HP","damage_taken":0,"relics_obtained":["Golden Idol"],"max_hp_gain":0,"max_hp_loss":7,"event_name":"Golden Idol","floor":3,"gold_loss":0},{"damage_healed":16,"gold_gain":0,"player_choice":"Healed","damage_taken":0,"max_hp_gain":0,"max_hp_loss":0,"event_name":"The Cleric","floor":11,"gold_loss":35}],"is_beta":false,"boss_relics":[{"not_picked":["Velvet Choker","White Beast Statue"],"picked":"Coffee Dripper"}],"items_purged_floors":[],"is_endless":false,"potions_floor_spawned":[7,10,14,16,21],"killed_by":"Snecko","ascension_level":20}