{"gold_per_floor":[114,189,206,161,161,190,190,201,275,285,298,298,311,343,343,441,441,430,217,227,227,238,272,272,282,282,292,207,207,222,232,232,232],"floor_reached":33,"playtime":1395,"items_purged":["Strike_R"],"score":450,"play_id":"aa89c6e6-dcaf-4121-b57b-262b0d336169","local_time":"20190106163444","is_ascension_mode":true,"campfire_choices":[{"data":"Anger","floor":7.0,"key":"SMITH"},{"data":"Armaments","floor":12.0,"key":"SMITH"},{"data":"Inflame","floor":15.0,"key":"SMITH"},{"floor":24.0,"key":"REST"},{"data":"Juggernaut","floor":32,"key":"SMITH"}],"neow_cost":"NONE","seed_source_timestamp":0,"circlet_count":0,"master_deck":["AscendersBane","Strike_R+1","Strike_R+1","Strike_R+1","Strike_R+1","Defend_R+1","Defend_R+1","Defend_R+1","Defend_R+1","Bash","Anger+1","Thunderclap","Armaments+1","Flame Barrier","Dropkick","Inflame+1","Armaments+1","Metallicize","Reaper","Impervious","Heavy Blade","Juggernaut+1","Inflame","Shockwave+1","Combust+1","Shrug It Off+1","Whirlwind"],"special_seed":0,"relics":["Burning Blood","Happy Flower","Potion Belt","Meat on the Bone","Whetstone","Eternal Feather","MutagenicStrength","Gremlin Horn","Ornamental Fan","Matryoshka"],"potions_floor_usage":[30,33],"damage_taken":[{"damage":1.0,"enemies":"Cultist","floor":1.0,"turns":4.0},{"damage":3.0,"enemies":"2 Louse","floor":3.0,"turns":3.0},{"damage":16.0,"enemies":"Gremlin Nob","floor":6.0,"turns":3.0},{"damage":4.0,"enemies":"Small Slimes","floor":8.0,"turns":4.0},{"damage":0.0,"enemies":"3 Louse","floor":10.0,"turns":3.0},{"damage":1.0,"enemies":"Blue Slaver","floor":11.0,"turns":3.0},{"damage":10.0,"enemies":"Red Slaver","floor":13.0,"turns":4.0},{"damage":20.0,"enemies":"3 Sentries","floor":14.0,"turns":7.0},{"damage":19.0,"enemies":"The Guardian","floor":16.0,"turns":10.0},{"damage":26.0,"enemies":"2 Thieves","floor":18.0,"turns":4.0},{"damage":16.0,"enemies":"Shell Parasite","floor":20.0,"turns":8.0},{"damage":13.0,"enemies":"Snecko","floor":22.0,"turns":5.0},{"damage":68.0,"enemies":"Slavers","floor":23.0,"turns":6.0},{"damage":45.0,"enemies":"Centurion and Healer","floor":25.0,"turns":12.0},{"damage":45.0,"enemies":"Snake Plant","floor":27.0,"turns":6.0},{"damage":22,"enemies":"Cultist and Chosen","floor":30,"turns":7},{"damage":18,"enemies":"Snecko","floor":31,"turns":7},{"damage":80,"enemies":"Champ","floor":33,"turns":11}],"seed_played":"4452396487934180534","potions_obtained":[{"floor":3.0,"key":"AttackPotion"},{"floor":6.0,"key":"SkillPotion"},{"floor":13.0,"key":"SkillPotion"},{"floor":14.0,"key":"FearPotion"},{"floor":16.0,"key":"BloodPotion"},{"floor":18.0,"key":"BloodPotion"},{"floor":23.0,"key":"Explosive Potion"}],"is_trial":false,"path_per_floor":["M","?","M","$","?","E","R","M","T","M","M","R","M","E","R","B",null,"M","$","M","?","M","E","R","M","T","M","?","?","M","M","R","B"],"character_chosen":"IRONCLAD","items_purchased":["Armaments","Juggernaut"],"campfire_rested":1,"item_purchase_floors":[4,19],"current_hp_per_floor":[77,66,69,69,69,59,59,61,61,67,72,72,68,54,54,48,72,65,65,55,55,60,31,67,53,53,32,32,32,43,47,62,0],"gold":232,"neow_bonus":"RANDOM_COMMON_RELIC","is_prod":false,"is_daily":false,"chose_seed":false,"campfire_upgraded":4,"win_rate":0,"timestamp":1546810484,"path_taken":["M","?","M","$","?","E","R","M","T","M","?","R","M","E","R","BOSS","M","$","M","?","M","E","R","M","T","M","?","?","M","M","R","BOSS"],"build_version":"2019-01-03v4","purchased_purges":1,"victory":false,"max_hp_per_floor":[80,80,80,80,80,80,80,80,80,80,80,80,80,80,80,80,80,80,80,80,80,80,80,80,80,80,80,80,80,80,80,80,80],"card_choices":[{"not_picked":["True Grit","Infernal Blade"],"picked":"Anger","floor":1.0},{"not_picked":["Warcry","Power Through"],"picked":"Thunderclap","floor":3.0},{"not_picked":["Clothesline","Feel No Pain"],"picked":"Flame Barrier","floor":6.0},{"not_picked":["Power Through","Clothesline"],"picked":"Dropkick","floor":8.0},{"not_picked":["Pommel Strike","Clash"],"picked":"Inflame","floor":10.0},{"not_picked":["Body Slam","Power Through"],"picked":"Armaments","floor":11.0},{"not_picked":["Body Slam","Wild Strike"],"picked":"Metallicize","floor":13.0},{"not_picked":["Thunderclap","Pommel Strike"],"picked":"Reaper","floor":14.0},{"not_picked":["Berserk","Bludgeon"],"picked":"Impervious","floor":16.0},{"not_picked":["Intimidate","True Grit"],"picked":"Heavy Blade","floor":18.0},{"not_picked":["Sever Soul","Carnage","Hemokinesis"],"picked":"SKIP","floor":20.0},{"not_picked":["True Grit","Warcry"],"picked":"Inflame","floor":22.0},{"not_picked":["Bloodletting+1","Corruption"],"picked":"Shockwave+1","floor":23.0},{"not_picked":["Thunderclap","Intimidate"],"picked":"Combust+1","floor":25.0},{"not_picked":["Clash","Havoc"],"picked":"Shrug It Off+1","floor":27.0},{"not_picked":["Havoc","Body Slam","Headbutt"],"picked":"SKIP","floor":30},{"not_picked":["Thunderclap","Flex"],"picked":"Whirlwind","floor":31}],"player_experience":548356,"relics_obtained":[{"floor":6.0,"key":"Potion Belt"},{"floor":9.0,"key":"Meat on the Bone"},{"floor":14.0,"key":"Whetstone"},{"floor":23.0,"key":"Gremlin Horn"},{"floor":26.0,"key":"Ornamental Fan"}],"event_choices":[{"damage_healed":0.0,"max_hp_gain":0.0,"max_hp_loss":0.0,"gold_gain":75.0,"event_name":"World of Goop","player_choice":"Gather Gold","floor":2.0,"gold_loss":0.0,"damage_taken":11.0},{"damage_healed":0.0,"max_hp_gain":0.0,"max_hp_loss":0.0,"gold_gain":0.0,"event_name":"Upgrade Shrine","player_choice":"Upgraded","floor":5.0,"gold_loss":0.0,"damage_taken":0.0,"cards_upgraded":["Armaments"]},{"damage_healed":0.0,"max_hp_gain":0.0,"max_hp_loss":0.0,"gold_gain":0.0,"event_name":"Drug Dealer","player_choice":"Inject Mutagens","floor":21.0,"gold_loss":0.0,"damage_taken":0.0,"relics_obtained":["MutagenicStrength"]},{"damage_healed":0.0,"max_hp_gain":0.0,"max_hp_loss":0.0,"gold_gain":0.0,"event_name":"Addict","player_choice":"Obtained Relic","floor":28.0,"gold_loss":85.0,"damage_taken":0.0,"relics_obtained":["Matryoshka"]},{"damage_healed":0.0,"max_hp_gain":0.0,"max_hp_loss":0.0,"gold_gain":0.0,"event_name":"Back to Basics","player_choice":"Simplicity","floor":29.0,"gold_loss":0.0,"damage_taken":0.0,"cards_upgraded":["Strike_R","Strike_R","Defend_R","Defend_R","Defend_R","Defend_R"]}],"is_beta":false,"boss_relics":[{"not_picked":["Runic Pyramid","Pandora\u0027s Box"],"picked":"Eternal Feather"}],"items_purged_floors":[19],"is_endless":false,"potions_floor_spawned":[3,6,13,14,16,18,23],"killed_by":"Champ","ascension_level":12}