{"gold_per_floor":[114,126,126,144,144,144,176,190,261,261,261,276,291,317,317,391,391,401,416,15,15,15,45,45,61,87,87,118,20,31,93,93,172,172,191,241,253,253],"floor_reached":38,"playtime":1214,"items_purged":[],"score":938,"play_id":"e3d35f2c-f002-412a-a7b5-d7e732675f26","local_time":"20190611115708","is_ascension_mode":true,"campfire_choices":[{"data":"Carnage","floor":6.0,"key":"SMITH"},{"data":"Strike_R","floor":10.0,"key":"PURGE"},{"data":"Strike_R","floor":15.0,"key":"PURGE"},{"floor":24.0,"key":"REST"},{"floor":27.0,"key":"REST"},{"data":"Barricade","floor":32.0,"key":"SMITH"}],"neow_cost":"NONE","seed_source_timestamp":0,"circlet_count":0,"master_deck":["AscendersBane","Strike_R","Defend_R","Defend_R","Defend_R","Defend_R","Bash","Trip+1","Carnage+1","Headbutt","Twin Strike","Barricade+1","Seeing Red","Carnage","Battle Trance","Clothesline","Infernal Blade","Spot Weakness","Double Tap","Shrug It Off","Inflame","Shrug It Off+1","Enlightenment+1","Twin Strike","Dual Wield+1","Warcry+1","Panacea+1","Inflame+1","Disarm+1","Immolate","Seeing Red+1"],"special_seed":0,"relics":["Burning Blood","Peace Pipe","Blue Candle","Strawberry","Philosopher\u0027s Stone","Toxic Egg 2","MutagenicStrength","Charon\u0027s Ashes","Regal Pillow","Bag of Preparation","Tiny Chest","Fusion Hammer"],"potions_floor_usage":[],"damage_taken":[{"damage":9.0,"enemies":"Jaw Worm","floor":1.0,"turns":4.0},{"damage":1.0,"enemies":"Cultist","floor":2.0,"turns":3.0},{"damage":0.0,"enemies":"2 Louse","floor":4.0,"turns":2.0},{"damage":25.0,"enemies":"Lagavulin","floor":7.0,"turns":5.0},{"damage":6.0,"enemies":"Exordium Thugs","floor":8.0,"turns":3.0},{"damage":1.0,"enemies":"Exordium Wildlife","floor":12.0,"turns":3.0},{"damage":9.0,"enemies":"Red Slaver","floor":13.0,"turns":2.0},{"damage":0.0,"enemies":"Gremlin Nob","floor":14.0,"turns":2.0},{"damage":17.0,"enemies":"Slime Boss","floor":16.0,"turns":6.0},{"damage":22.0,"enemies":"Shell Parasite","floor":18.0,"turns":2.0},{"damage":0.0,"enemies":"3 Byrds","floor":19.0,"turns":2.0},{"damage":40.0,"enemies":"Slavers","floor":23.0,"turns":5.0},{"damage":21.0,"enemies":"Snake Plant","floor":25.0,"turns":3.0},{"damage":11.0,"enemies":"Gremlin Leader","floor":28.0,"turns":4.0},{"damage":2.0,"enemies":"3 Cultists","floor":30.0,"turns":3.0},{"damage":35.0,"enemies":"Slavers","floor":31.0,"turns":6.0},{"damage":30.0,"enemies":"Champ","floor":33.0,"turns":13.0},{"damage":7.0,"enemies":"Orb Walker","floor":35.0,"turns":3.0},{"damage":18.0,"enemies":"3 Shapes","floor":37.0,"turns":3.0},{"damage":0,"enemies":"Writhing Mass","floor":38,"turns":1}],"seed_played":"7781504802369966609","potions_obtained":[{"floor":1.0,"key":"SteroidPotion"},{"floor":4.0,"key":"SpeedPotion"},{"floor":7.0,"key":"Explosive Potion"},{"floor":18.0,"key":"SteroidPotion"},{"floor":23.0,"key":"Block Potion"},{"floor":28.0,"key":"EssenceOfSteel"},{"floor":30.0,"key":"Swift Potion"},{"floor":35.0,"key":"GamblersBrew"},{"floor":37.0,"key":"LiquidBronze"}],"is_trial":false,"path_per_floor":["M","M","?","M","?","R","E","M","T","R","?","M","M","E","R","B",null,"M","M","$","?","?","E","R","M","T","R","E","$","M","E","R","B",null,"M","?","M","M"],"character_chosen":"IRONCLAD","items_purchased":["Toxic Egg 2","Shrug It Off+1","Enlightenment+1","Panacea+1"],"campfire_rested":2,"item_purchase_floors":[20,20,20,29],"current_hp_per_floor":[65,70,63,69,69,69,50,50,50,50,50,55,52,65,65,54,75,59,65,65,65,65,31,55,40,40,79,74,74,78,49,49,25,68,67,59,47,47],"gold":253,"neow_bonus":"RANDOM_COLORLESS","is_prod":false,"is_daily":false,"chose_seed":false,"campfire_upgraded":2,"win_rate":0,"timestamp":1560250628,"path_taken":["M","M","?","M","?","R","E","?","T","R","?","?","M","E","R","BOSS","M","M","$","?","?","E","R","?","T","R","E","?","M","E","R","BOSS","M","?","M","M"],"build_version":"2019-01-23","purchased_purges":0,"victory":false,"max_hp_per_floor":[75,75,75,75,75,75,75,75,75,75,75,75,75,82,82,82,82,82,82,82,82,82,82,82,82,82,82,82,82,82,82,82,82,82,82,82,82,82],"card_choices":[{"not_picked":["Sentinel","Warcry"],"picked":"Carnage","floor":1.0},{"not_picked":["Sword Boomerang","Thunderclap"],"picked":"Headbutt","floor":2.0},{"not_picked":["Wild Strike","Reckless Charge"],"picked":"Twin Strike","floor":4.0},{"not_picked":["Heavy Blade","Seeing Red"],"picked":"Carnage","floor":7.0},{"not_picked":["Flex","Pommel Strike"],"picked":"Battle Trance","floor":8.0},{"not_picked":["Reckless Charge","Clash"],"picked":"Clothesline","floor":12.0},{"not_picked":["Havoc","Warcry"],"picked":"Infernal Blade","floor":13.0},{"not_picked":["Bludgeon","Rage"],"picked":"Spot Weakness","floor":14.0},{"not_picked":["Barricade","Immolate"],"picked":"Double Tap","floor":16.0},{"not_picked":["Infernal Blade","Combust"],"picked":"Shrug It Off","floor":18.0},{"not_picked":["Power Through","Body Slam"],"picked":"Inflame","floor":19.0},{"not_picked":["Headbutt","Searing Blow+1"],"picked":"Dual Wield+1","floor":23.0},{"not_picked":["Cleave","Clash"],"picked":"Warcry+1","floor":25.0},{"not_picked":["Wild Strike","Anger","Clothesline"],"picked":"SKIP","floor":28.0},{"not_picked":["Headbutt","Warcry+1"],"picked":"Inflame+1","floor":30.0},{"not_picked":["Juggernaut","Havoc+1"],"picked":"Disarm+1","floor":31.0},{"not_picked":["Bludgeon","Juggernaut"],"picked":"Immolate","floor":33.0},{"not_picked":["Perfected Strike","Sever Soul","Twin Strike"],"picked":"SKIP","floor":35.0},{"not_picked":["Wild Strike+1","Searing Blow"],"picked":"Seeing Red+1","floor":37.0}],"player_experience":1443825,"relics_obtained":[{"floor":7.0,"key":"Peace Pipe"},{"floor":9.0,"key":"Blue Candle"},{"floor":14.0,"key":"Strawberry"},{"floor":23.0,"key":"Charon\u0027s Ashes"},{"floor":26.0,"key":"Regal Pillow"},{"floor":28.0,"key":"Bag of Preparation"},{"floor":31.0,"key":"Tiny Chest"}],"event_choices":[{"cards_removed":["Strike_R"],"damage_healed":0.0,"max_hp_gain":0.0,"max_hp_loss":0.0,"gold_gain":0.0,"event_name":"Golden Wing","player_choice":"Card Removal","floor":3.0,"gold_loss":0.0,"damage_taken":7.0},{"damage_healed":0.0,"max_hp_gain":0.0,"max_hp_loss":0.0,"gold_gain":0.0,"event_name":"Match and Keep!","player_choice":"2 cards matched","floor":5.0,"gold_loss":0.0,"damage_taken":0.0,"cards_obtained":["Barricade","Seeing Red"]},{"damage_healed":0.0,"max_hp_gain":0.0,"max_hp_loss":0.0,"gold_gain":0.0,"event_name":"Upgrade Shrine","player_choice":"Upgraded","floor":11.0,"gold_loss":0.0,"damage_taken":0.0,"cards_upgraded":["Trip"]},{"damage_healed":0.0,"max_hp_gain":0.0,"max_hp_loss":0.0,"gold_gain":0.0,"event_name":"Drug Dealer","player_choice":"Inject Mutagens","floor":21.0,"gold_loss":0.0,"damage_taken":0.0,"relics_obtained":["MutagenicStrength"]},{"damage_healed":0.0,"max_hp_gain":0.0,"max_hp_loss":0.0,"gold_gain":0.0,"cards_transformed":["Strike_R"],"event_name":"Transmorgrifier","player_choice":"Transformed","floor":22.0,"gold_loss":0.0,"damage_taken":0.0,"cards_obtained":["Twin Strike"]},{"damage_healed":0.0,"max_hp_gain":0.0,"max_hp_loss":0.0,"gold_gain":50.0,"event_name":"FaceTrader","player_choice":"Touch","floor":36.0,"gold_loss":0.0,"damage_taken":8.0}],"is_beta":false,"boss_relics":[{"not_picked":["Eternal Feather","Runic Pyramid"],"picked":"Philosopher\u0027s Stone"},{"not_picked":["Runic Cube","Pandora\u0027s Box"],"picked":"Fusion Hammer"}],"items_purged_floors":[],"is_endless":false,"potions_floor_spawned":[1,4,7,12,18,23,28,30,35,37],"killed_by":"Writhing Mass","ascension_level":20}