{"gold_per_floor":[109,109,120,120,120,151,63,63,63,89,108,4,22,47,47,118,118,137,237,162,180,180,180,210,210,210,137,184,213,237,263,275,360,372,403,415,446,84,104,104,133,150,150,66,91,101,101,118,118,118,118],"floor_reached":52,"playtime":3482,"items_purged":["Strike_G"],"score":2119,"play_id":"5ba6701a-86e0-4342-8ba8-17bb425e9359","local_time":"20181202010205","is_ascension_mode":true,"campfire_choices":[{"data":"Noxious Fumes","floor":8.0,"key":"SMITH"},{"floor":15.0,"key":"DIG"},{"floor":23.0,"key":"DIG"},{"floor":25.0,"key":"DIG"},{"floor":32.0,"key":"DIG"},{"data":"Caltrops","floor":40,"key":"SMITH"},{"floor":47,"key":"DIG"},{"floor":49,"key":"DIG"}],"neow_cost":"NONE","seed_source_timestamp":35803974514340,"circlet_count":0,"master_deck":["AscendersBane","Defend_G","Defend_G","Defend_G","Defend_G","Defend_G","Strike_G","Strike_G","Survivor","Neutralize+1","Poisoned Stab","Leg Sweep","Noxious Fumes+1","Backstab","Leg Sweep","Quick Slash","Poisoned Stab","Quick Slash","Wraith Form v2+1","Malaise","Well Laid Plans","Backstab+1","Blur+1","Catalyst","Corpse Explosion","Dodge and Roll","Caltrops+1","Infinite Blades","PiercingWail"],"special_seed":0,"relics":["Ring of the Snake","NeowsBlessing","Bird Faced Urn","Gremlin Horn","Thread and Needle","Shovel","Ninja Scroll","Busted Crown","Ice Cream","Letter Opener","Bag of Marbles","StoneCalendar","Kunai","MawBank","Sundial","Happy Flower","Paper Crane","Lizard Tail","Mummified Hand","Bag of Preparation","Pear","Dream Catcher","Mercury Hourglass","Ornamental Fan"],"potions_floor_usage":[41,51,51],"damage_taken":[{"damage":0.0,"enemies":"Cultist","floor":1.0,"turns":1.0},{"damage":0.0,"enemies":"Small Slimes","floor":3.0,"turns":1.0},{"damage":0.0,"enemies":"Gremlin Nob","floor":6.0,"turns":1.0},{"damage":20.0,"enemies":"Lagavulin","floor":10.0,"turns":7.0},{"damage":0.0,"enemies":"Jaw Worm","floor":11.0,"turns":3.0},{"damage":0.0,"enemies":"Large Slime","floor":13.0,"turns":6.0},{"damage":3.0,"enemies":"3 Sentries","floor":14.0,"turns":7.0},{"damage":37.0,"enemies":"Hexaghost","floor":16.0,"turns":10.0},{"damage":0.0,"enemies":"Chosen","floor":18.0,"turns":7.0},{"damage":8.0,"enemies":"Colosseum Slavers","floor":19.0,"turns":5.0},{"damage":22.0,"enemies":"Colosseum Nobs","floor":19.0,"turns":6.0},{"damage":0.0,"enemies":"3 Byrds","floor":21.0,"turns":4.0},{"damage":0.0,"enemies":"Shelled Parasite and Fungi","floor":22.0,"turns":1.0},{"damage":1.0,"enemies":"Slavers","floor":24.0,"turns":6.0},{"damage":0.0,"enemies":"Book of Stabbing","floor":28.0,"turns":7.0},{"damage":0.0,"enemies":"Chosen and Byrds","floor":29.0,"turns":7.0},{"damage":0.0,"enemies":"Snecko","floor":30.0,"turns":5.0},{"damage":0.0,"enemies":"Centurion and Healer","floor":31.0,"turns":5.0},{"damage":16.0,"enemies":"Collector","floor":33.0,"turns":12.0},{"damage":0.0,"enemies":"3 Shapes","floor":35.0,"turns":4.0},{"damage":0.0,"enemies":"3 Darklings","floor":37.0,"turns":1.0},{"damage":0.0,"enemies":"4 Shapes","floor":39.0,"turns":5.0},{"damage":0,"enemies":"Reptomancer","floor":41,"turns":5},{"damage":0,"enemies":"Writhing Mass","floor":42,"turns":7},{"damage":0,"enemies":"Nemesis","floor":45,"turns":9},{"damage":13,"enemies":"Maw","floor":46,"turns":8},{"damage":0,"enemies":"4 Shapes","floor":48,"turns":5},{"damage":3,"enemies":"Time Eater","floor":50,"turns":18},{"damage":13,"enemies":"Donu and Deca","floor":51,"turns":10}],"seed_played":"-8889613895633271890","potions_obtained":[{"floor":1.0,"key":"Strength Potion"},{"floor":3.0,"key":"SneckoOil"},{"floor":13.0,"key":"Strength Potion"},{"floor":16.0,"key":"SmokeBomb"},{"floor":24.0,"key":"EssenceOfSteel"},{"floor":29.0,"key":"Block Potion"},{"floor":33.0,"key":"AttackPotion"},{"floor":42,"key":"Dexterity Potion"}],"is_trial":false,"path_per_floor":["M","?","M","?","?","E","$","R","T","E","M","$","M","E","R","B",null,"M","?","?","M","M","R","E","R","T","?","E","M","M","M","R","B",null,"M","?","M","$","M","R","E","M","T","$","E","M","R","M","R","B","B",null],"character_chosen":"THE_SILENT","items_purchased":["Backstab","Poisoned Stab","Mummified Hand","Caltrops","Infinite Blades"],"campfire_rested":0,"item_purchase_floors":[7,12,38,38,44],"current_hp_per_floor":[59,59,59,52,52,52,52,52,52,34,36,36,38,37,37,2,50,52,34,34,38,38,38,41,41,41,41,45,49,51,55,55,45,61,65,65,65,65,66,66,66,66,76,76,76,65,65,73,73,76,69],"gold":118,"neow_bonus":"THREE_ENEMY_KILL","is_prod":false,"is_daily":false,"chose_seed":false,"campfire_upgraded":2,"win_rate":0,"timestamp":1543730525,"path_taken":["M","?","M","?","?","E","$","R","T","E","M","?","M","E","R","BOSS","M","?","?","M","M","R","E","R","T","?","E","?","M","M","R","BOSS","M","?","M","$","?","R","E","M","T","$","E","M","R","M","R","BOSS","BOSS"],"build_version":"2018-11-15","purchased_purges":1,"victory":true,"max_hp_per_floor":[66,66,66,66,66,66,66,66,66,66,66,66,66,66,66,66,66,66,66,66,66,66,66,66,66,66,66,66,66,66,66,66,66,66,66,66,66,66,66,66,66,66,76,76,76,76,76,76,76,76,76],"card_choices":[{"not_picked":["Calculated Gamble","Well Laid Plans"],"picked":"Poisoned Stab","floor":1.0},{"not_picked":["Setup","Deadly Poison"],"picked":"Leg Sweep","floor":3.0},{"not_picked":["Cloak And Dagger","Sucker Punch"],"picked":"Noxious Fumes","floor":6.0},{"not_picked":["Prepared","Deadly Poison"],"picked":"Leg Sweep","floor":10.0},{"not_picked":["Acrobatics","Eviscerate"],"picked":"Quick Slash","floor":11.0},{"not_picked":["Masterful Stab","Backflip"],"picked":"Quick Slash","floor":13.0},{"not_picked":["PiercingWail","Bane"],"picked":"Wraith Form v2","floor":14.0},{"not_picked":["Adrenaline","Burst"],"picked":"Malaise","floor":16.0},{"not_picked":[],"picked":"Well Laid Plans","floor":18.0},{"not_picked":[],"picked":"Backstab+1","floor":19.0},{"not_picked":[],"picked":"Blur+1","floor":21.0},{"not_picked":["Setup"],"picked":"SKIP","floor":24.0},{"not_picked":[],"picked":"Catalyst","floor":28.0},{"not_picked":["Eviscerate"],"picked":"SKIP","floor":29.0},{"not_picked":["Deflect"],"picked":"SKIP","floor":30.0},{"not_picked":["Acrobatics"],"picked":"SKIP","floor":31.0},{"not_picked":[],"picked":"Corpse Explosion","floor":33.0},{"not_picked":[],"picked":"Dodge and Roll","floor":35.0},{"not_picked":["Deflect"],"picked":"SKIP","floor":37.0},{"not_picked":["Deadly Poison"],"picked":"SKIP","floor":39.0},{"not_picked":["Bullet Time"],"picked":"SKIP","floor":41},{"not_picked":["Outmaneuver"],"picked":"SKIP","floor":42},{"not_picked":["Poisoned Stab+1"],"picked":"SKIP","floor":45},{"not_picked":["Eviscerate"],"picked":"SKIP","floor":46},{"not_picked":[],"picked":"PiercingWail","floor":48}],"player_experience":473155,"relics_obtained":[{"floor":6.0,"key":"Bird Faced Urn"},{"floor":9.0,"key":"Gremlin Horn"},{"floor":10.0,"key":"Thread and Needle"},{"floor":14.0,"key":"Shovel"},{"floor":15.0,"key":"Ninja Scroll"},{"floor":19.0,"key":"Ice Cream"},{"floor":19.0,"key":"Letter Opener"},{"floor":23.0,"key":"Bag of Marbles"},{"floor":24.0,"key":"StoneCalendar"},{"floor":25.0,"key":"Kunai"},{"floor":26.0,"key":"MawBank"},{"floor":28.0,"key":"Happy Flower"},{"floor":32.0,"key":"Paper Crane"},{"floor":41,"key":"Bag of Preparation"},{"floor":43,"key":"Pear"},{"floor":45,"key":"Dream Catcher"},{"floor":47,"key":"Mercury Hourglass"},{"floor":49,"key":"Ornamental Fan"}],"event_choices":[{"damage_healed":0.0,"max_hp_gain":0.0,"max_hp_loss":0.0,"gold_gain":0.0,"event_name":"Shining Light","player_choice":"Ignored","floor":2.0,"gold_loss":0.0,"damage_taken":0.0},{"cards_removed":["Strike_G"],"damage_healed":0.0,"max_hp_gain":0.0,"max_hp_loss":0.0,"gold_gain":0.0,"event_name":"Golden Wing","player_choice":"Card Removal","floor":4.0,"gold_loss":0.0,"damage_taken":7.0},{"damage_healed":0.0,"max_hp_gain":0.0,"max_hp_loss":0.0,"gold_gain":0.0,"event_name":"Living Wall","player_choice":"Grow","floor":5.0,"gold_loss":0.0,"damage_taken":0.0,"cards_upgraded":["Neutralize"]},{"damage_healed":0.0,"max_hp_gain":0.0,"max_hp_loss":0.0,"gold_gain":0.0,"event_name":"Colosseum","player_choice":"Fight","floor":19.0,"gold_loss":0.0,"damage_taken":0.0},{"damage_healed":0.0,"max_hp_gain":0.0,"max_hp_loss":0.0,"gold_gain":0.0,"event_name":"Colosseum","player_choice":"Fought Nobs","floor":19.0,"gold_loss":0.0,"damage_taken":0.0},{"cards_removed":["Strike_G"],"damage_healed":0.0,"max_hp_gain":0.0,"max_hp_loss":0.0,"gold_gain":0.0,"event_name":"Beggar","player_choice":"Gave Gold","floor":20.0,"gold_loss":75.0,"damage_taken":0.0},{"damage_healed":0.0,"max_hp_gain":0.0,"max_hp_loss":0.0,"gold_gain":0.0,"event_name":"Addict","player_choice":"Obtained Relic","floor":27.0,"gold_loss":85.0,"damage_taken":0.0,"relics_obtained":["Sundial"]},{"damage_healed":0.0,"max_hp_gain":0.0,"max_hp_loss":0.0,"gold_gain":0.0,"event_name":"Upgrade Shrine","player_choice":"Upgraded","floor":36.0,"gold_loss":0.0,"damage_taken":0.0,"cards_upgraded":["Wraith Form v2"]}],"is_beta":false,"boss_relics":[{"not_picked":["Philosopher\u0027s Stone","Cursed Key"],"picked":"Busted Crown"},{"not_picked":["Velvet Choker","Fusion Hammer"],"picked":"Lizard Tail"}],"items_purged_floors":[12],"is_endless":false,"potions_floor_spawned":[1,3,13,14,16,22,24,29,33,37,42,45,46],"ascension_level":20}