{"path_per_floor":["M","M","?","M","M","R","E","$","T","M","M","M","M","M","R"],"character_chosen":"IRONCLAD","items_purchased":[],"gold_per_floor":[109,122,122,135,147,147,176,101,101,117,127,137,151,164,164],"floor_reached":16,"campfire_rested":1,"playtime":977,"current_hp_per_floor":[70,76,76,73,69,69,45,45,45,49,35,19,25,25,49],"items_purged":["Regret"],"gold":164,"play_id":"872ca713-e86d-4715-8107-be6a3753d7af","is_prod":false,"is_daily":false,"is_ascension_mode":false,"campfire_upgraded":1,"path_taken":["M","?","?","M","?","R","E","$","T","M","M","M","M","M","R","BOSS"],"build_version":"2018-01-25-PROD3","purchased_purges":1,"victory":false,"master_deck":["Strike_R","Strike_R","Strike_R","Strike_R","Strike_R","Defend_R","Defend_R","Defend_R","Defend_R","Bash+1","Body Slam","Searing Blow+1","Seeing Red","Rampage","Rupture","Hemokinesis","Flex","Infernal Blade","Whirlwind"],"max_hp_per_floor":[80,80,80,80,80,80,80,80,80,80,80,80,80,80,80],"relics":["Burning Blood","Matryoshka","Omamori","Vajra","Frozen Eye"],"card_choices":[{"not_picked":["Perfected Strike","Headbutt"],"picked":"Body Slam"},{"not_picked":["Flex","Dropkick"],"picked":"Searing Blow"},{"not_picked":["Wild Strike","Power Through"],"picked":"Seeing Red"},{"not_picked":["Warcry","Clothesline"],"picked":"Rampage"},{"not_picked":["Body Slam","Perfected Strike"],"picked":"Rupture"},{"not_picked":["Blood for Blood","Thunderclap"],"picked":"Hemokinesis"},{"not_picked":["Corruption","Body Slam"],"picked":"Flex"},{"not_picked":["Immolate","Heavy Blade"],"picked":"Infernal Blade"},{"not_picked":["Uppercut","Infernal Blade"],"picked":"Whirlwind"}],"player_experience":39378,"potions_floor_usage":[7,11,14,16,16],"damage_taken":[{"damage":16,"enemies":"Blue Slaver","floor":1,"turns":5},{"damage":0,"enemies":"2 Louse","floor":2,"turns":2},{"damage":9,"enemies":"Cultist","floor":4,"turns":3},{"damage":10,"enemies":"Exordium Wildlife","floor":5,"turns":4},{"damage":30,"enemies":"Gremlin Nob","floor":7,"turns":4},{"damage":2,"enemies":"3 Louse","floor":10,"turns":3},{"damage":20,"enemies":"Exordium Thugs","floor":11,"turns":3},{"damage":22,"enemies":"Gremlin Gang","floor":12,"turns":5},{"damage":0,"enemies":"3 Louse","floor":13,"turns":3},{"damage":6,"enemies":"Large Slime","floor":14,"turns":5},{"damage":51,"enemies":"Hexaghost","floor":16,"turns":9}],"event_choices":[{"event_name":"Big Fish","player_choice":"Box","floor":3,"damage_taken":0}],"boss_relics":[],"potions_floor_spawned":[4,5,7,11,13],"seed_played":"-1089078741518882689","killed_by":"Hexaghost","ascension_level":0,"is_trial":false}