{"gold_per_floor":[116,132,60,80,155,184,199,227,227,192,224,224,241,258,258,361,361,373,383,185,201,217,217],"floor_reached":23,"playtime":1224,"items_purged":[],"score":333,"play_id":"ab2fcd63-1991-43d9-bfdd-bba7cf61845e","local_time":"20180722134043","is_ascension_mode":true,"campfire_choices":[{"data":"Zap","floor":12,"key":"SMITH"},{"data":"Defragment","floor":15,"key":"SMITH"}],"neow_cost":"NONE","seed_source_timestamp":1270544024890744,"circlet_count":0,"master_deck":["Strike_B","Strike_B","Strike_B","Defend_B","Defend_B","Defend_B","Zap+1","Dualcast","AscendersBane","Self Repair","Conserve Battery","Electrodynamics","Go for the Eyes","Steam+1","Ball Lightning","Coolheaded+1","Hologram+1","Defragment+1","Creative AI","Gash","Echo Form","Capacitor+1","Glacier+1"],"relics":["Cracked Core","Regal Pillow","Toxic Egg 2","Ice Cream","Mercury Hourglass","Symbiotic Virus","Empty Cage","ClockworkSouvenir"],"potions_floor_usage":[8],"damage_taken":[{"damage":2,"enemies":"2 Louse","floor":1,"turns":3},{"damage":10,"enemies":"Small Slimes","floor":2,"turns":3},{"damage":1,"enemies":"Cultist","floor":4,"turns":4},{"damage":5,"enemies":"3 Sentries","floor":6,"turns":3},{"damage":14,"enemies":"Exordium Wildlife","floor":7,"turns":6},{"damage":15,"enemies":"Lagavulin","floor":8,"turns":9},{"damage":4,"enemies":"3 Sentries","floor":11,"turns":3},{"damage":7,"enemies":"Exordium Thugs","floor":13,"turns":3},{"damage":0,"enemies":"2 Fungi Beasts","floor":14,"turns":2},{"damage":34,"enemies":"Hexaghost","floor":16,"turns":9},{"damage":8,"enemies":"Shell Parasite","floor":18,"turns":5},{"damage":22,"enemies":"2 Thieves","floor":19,"turns":2},{"damage":24,"enemies":"Snake Plant","floor":21,"turns":6},{"damage":20,"enemies":"3 Cultists","floor":22,"turns":4},{"damage":23,"enemies":"Book of Stabbing","floor":23,"turns":3}],"seed_played":"-184852493633984089","potions_obtained":[{"floor":2,"key":"Poison Potion"},{"floor":7,"key":"Regen Potion"},{"floor":8,"key":"Ancient Potion"}],"is_trial":false,"path_per_floor":["M","M","$","M","?","E","M","E","T","?","E","R","M","M","R","B",null,"M","M","$","M","M"],"character_chosen":"DEFECT","items_purchased":["Electrodynamics","ClockworkSouvenir"],"campfire_rested":0,"item_purchase_floors":[3,20],"current_hp_per_floor":[66,63,63,69,58,60,53,57,57,75,75,75,75,75,75,48,68,67,52,52,42,22,0],"gold":217,"neow_bonus":"RANDOM_COMMON_RELIC","is_prod":false,"is_daily":false,"chose_seed":false,"campfire_upgraded":2,"win_rate":0,"timestamp":1532281243,"path_taken":["M","M","$","M","?","E","?","E","T","?","E","R","M","M","R","BOSS","M","M","$","M","M","E"],"build_version":"2018-07-19v2","purchased_purges":0,"victory":false,"max_hp_per_floor":[75,75,75,75,75,75,75,75,75,75,75,75,75,75,75,75,75,75,75,75,75,75,75],"card_choices":[{"not_picked":["Stack","Gash"],"picked":"Self Repair","floor":1},{"not_picked":["Rip and Tear","Hologram"],"picked":"Conserve Battery","floor":2},{"not_picked":["Force Field","Sweeping Beam","Redo"],"picked":"SKIP","floor":4},{"not_picked":["Hello World","Tempest"],"picked":"Go for the Eyes","floor":6},{"not_picked":["Compile Driver","Scrape"],"picked":"Steam+1","floor":7},{"not_picked":["Sweeping Beam","Reinforced Body+1"],"picked":"Ball Lightning","floor":8},{"not_picked":["Compile Driver","Genetic Algorithm+1"],"picked":"Coolheaded+1","floor":11},{"not_picked":["Gash","Sweeping Beam"],"picked":"Hologram+1","floor":13},{"not_picked":["Heatsinks","Biased Cognition"],"picked":"Defragment","floor":14},{"not_picked":["Fission+1","Core Surge"],"picked":"Creative AI","floor":16},{"not_picked":["Rebound","White Noise+1"],"picked":"Gash","floor":18},{"not_picked":["Barrage","Auto Shields+1"],"picked":"Echo Form","floor":19},{"not_picked":["Stack+1","Hologram+1"],"picked":"Capacitor+1","floor":21},{"not_picked":["Beam Cell+1","Stack+1"],"picked":"Glacier+1","floor":22}],"player_experience":156568,"relics_obtained":[{"floor":6,"key":"Toxic Egg 2"},{"floor":8,"key":"Ice Cream"},{"floor":9,"key":"Mercury Hourglass"},{"floor":11,"key":"Symbiotic Virus"}],"event_choices":[{"event_name":"World of Goop","player_choice":"Gather Gold","floor":5,"damage_taken":0},{"event_name":"The Cleric","player_choice":"Healed","floor":10,"damage_taken":0}],"is_beta":false,"boss_relics":[{"not_picked":["Lizard Tail","Fusion Hammer"],"picked":"Empty Cage"}],"items_purged_floors":[],"is_endless":false,"potions_floor_spawned":[2,7,8,13,16,21,22],"killed_by":"Book of Stabbing","ascension_level":11}