{"gold_per_floor":[99,99,99,99,69,69,69,69,69,69,69,33,33,33,33,33,33,33,33,33,33,33,33,33,0,0,0],"floor_reached":27,"playtime":1242,"items_purged":[],"score":243,"play_id":"bfee8239-7669-4863-8574-474e74269ed5","local_time":"20180707175729","is_ascension_mode":false,"campfire_choices":[{"floor":8,"key":"REST"},{"floor":15,"key":"REST"},{"data":"Armaments","floor":23,"key":"SMITH"}],"neow_cost":"NONE","seed_source_timestamp":5897928388979596,"circlet_count":0,"master_deck":["Strike_R","Strike_R","Strike_R","Defend_R","Defend_R+1","Defend_R","Defend_R","Bash","Anger","Rampage","Iron Wave","Combust","Flex","Armaments+1","Shrug It Off","Twin Strike","Thunderclap","Juggernaut","Pommel Strike","Fire Breathing","Body Slam","Shrug It Off"],"relics":["Ectoplasm","Bottled Lightning","Champion Belt","Thread and Needle","Tiny Chest","Tiny House","Strawberry","Old Coin","Centennial Puzzle"],"potions_floor_usage":[],"damage_taken":[{"damage":0,"enemies":"Small Slimes","floor":1,"turns":3},{"damage":6,"enemies":"Jaw Worm","floor":2,"turns":3},{"damage":0,"enemies":"Cultist","floor":4,"turns":2},{"damage":3,"enemies":"Exordium Thugs","floor":5,"turns":3},{"damage":21,"enemies":"Lagavulin","floor":6,"turns":5},{"damage":9,"enemies":"Gremlin Nob","floor":10,"turns":4},{"damage":2,"enemies":"Gremlin Gang","floor":11,"turns":4},{"damage":2,"enemies":"3 Louse","floor":13,"turns":3},{"damage":0,"enemies":"Blue Slaver","floor":14,"turns":3},{"damage":26,"enemies":"The Guardian","floor":16,"turns":11},{"damage":3,"enemies":"3 Byrds","floor":18,"turns":3},{"damage":43,"enemies":"Slavers","floor":24,"turns":5},{"damage":10,"enemies":"2 Thieves","floor":25,"turns":4},{"damage":39,"enemies":"Gremlin Leader","floor":27,"turns":6}],"seed_played":"5262414254941012804","potions_obtained":[{"floor":1,"key":"SteroidPotion"},{"floor":6,"key":"LiquidBronze"},{"floor":10,"key":"SteroidPotion"}],"is_trial":false,"path_per_floor":["M","M","?","M","M","E","?","R","T","E","M","?","M","M","R","B",null,"M","?","?","T","?","R","E","M","T"],"character_chosen":"IRONCLAD","items_purchased":[],"campfire_rested":2,"item_purchase_floors":[],"current_hp_per_floor":[80,74,74,74,71,50,50,74,74,65,63,63,61,61,80,54,85,82,82,82,89,89,89,46,36,36,0],"gold":0,"neow_bonus":"BOSS_RELIC","is_prod":false,"is_daily":false,"chose_seed":false,"campfire_upgraded":1,"win_rate":0.0,"timestamp":1531000649,"path_taken":["M","M","?","M","M","E","?","R","T","E","M","?","?","M","R","BOSS","M","?","?","?","?","R","E","?","T","E"],"build_version":"2018-07-05","purchased_purges":0,"victory":false,"max_hp_per_floor":[80,80,80,80,80,80,80,80,80,80,80,80,80,80,80,80,85,85,85,85,92,92,92,92,92,92,92],"card_choices":[{"not_picked":["Corruption","Battle Trance"],"picked":"Anger","floor":1},{"not_picked":["Heavy Blade","Clash"],"picked":"Rampage","floor":2},{"not_picked":["True Grit","Cleave"],"picked":"Combust","floor":4},{"not_picked":["Clash","Sword Boomerang"],"picked":"Flex","floor":5},{"not_picked":["Intimidate","Berserk"],"picked":"Armaments","floor":6},{"not_picked":["Burning Pact","Armaments"],"picked":"Shrug It Off","floor":10},{"not_picked":["Reaper","Iron Wave"],"picked":"Twin Strike","floor":11},{"not_picked":["Cleave","Clash"],"picked":"Thunderclap","floor":13},{"not_picked":["Sever Soul","True Grit","Disarm"],"picked":"SKIP","floor":14},{"not_picked":["Berserk","Dark Embrace"],"picked":"Juggernaut","floor":16},{"not_picked":["Clash","True Grit"],"picked":"Pommel Strike","floor":17},{"not_picked":["Cleave","Headbutt"],"picked":"Fire Breathing","floor":18},{"not_picked":["Blood for Blood","Hemokinesis+1"],"picked":"Body Slam","floor":24},{"not_picked":["Armaments","Hemokinesis+1"],"picked":"Shrug It Off","floor":25}],"player_experience":87052,"relics_obtained":[{"floor":6,"key":"Bottled Lightning"},{"floor":9,"key":"Thread and Needle"},{"floor":10,"key":"Tiny Chest"},{"floor":21,"key":"Strawberry"},{"floor":24,"key":"Old Coin"},{"floor":26,"key":"Centennial Puzzle"}],"event_choices":[{"event_name":"Living Wall","player_choice":"Change","floor":3,"damage_taken":0},{"event_name":"Dead Adventurer","player_choice":"Searched \u00272\u0027 times","floor":7,"damage_taken":0},{"event_name":"World of Goop","player_choice":"Left","floor":12,"damage_taken":0},{"event_name":"Vampires","player_choice":"Ignored","floor":19,"damage_taken":0},{"event_name":"Bonfire Elementals","player_choice":"BASIC","floor":20,"damage_taken":0},{"event_name":"Cursed Tome","player_choice":"Ignored","floor":22,"damage_taken":0}],"boss_relics":[{"not_picked":["Snecko Eye","Mark of Pain"],"picked":"Tiny House"}],"items_purged_floors":[],"is_endless":false,"potions_floor_spawned":[1,6,10,11,14,25],"killed_by":"Gremlin Leader","ascension_level":0}