{"gold_per_floor":[114,114,133,144,144,144,155,34,34,34,67,67,99,114,114,216,216,199,199,213,113,113,113,124,155,182,182,182,33,51,51,51,153,153,165,265,277,110,126,126,158,158,158,158,177,191,218,234,234,234],"floor_reached":51,"playtime":3462,"items_purged":["Strike_B","Strike_B","Defend_B"],"score":810,"play_id":"9fc69c8c-7007-4292-9831-085d55d8d8dd","local_time":"20190707000122","is_ascension_mode":false,"campfire_choices":[{"data":"Zap","floor":6,"key":"SMITH"},{"data":"Reinforced Body","floor":10,"key":"SMITH"},{"data":"Dualcast","floor":15,"key":"SMITH"},{"data":"Buffer","floor":23,"key":"SMITH"},{"data":"Loop","floor":28,"key":"SMITH"},{"data":"Coolheaded","floor":32,"key":"SMITH"},{"data":"Consume","floor":40,"key":"SMITH"},{"floor":44,"key":"REST"},{"data":"Hologram","floor":49,"key":"SMITH"}],"neow_cost":"NONE","seed_source_timestamp":5075842361315,"circlet_count":0,"master_deck":["Defend_B","Defend_B","Zap+1","Dualcast+1","Reinforced Body+1","Capacitor+1","Coolheaded+1","Cold Snap","Gash","Cold Snap","Coolheaded+1","Chill","Buffer+1","Gash","Loop+1","Gash","Biased Cognition","Consume+1","Hologram+1","Defragment","Panacea","Defragment+1","Coolheaded","Defragment+1","All For One+1"],"special_seed":0,"relics":["Cracked Core","Incense Burner","Bottled Tornado","Potion Belt","Happy Flower","Empty Cage","Juzu Bracelet","PreservedInsect","Nuclear Battery","FossilizedHelix","Pantograph","Molten Egg 2","Pear"],"potions_floor_usage":[16,25,39,46,50],"damage_taken":[{"damage":6.0,"enemies":"Jaw Worm","floor":1.0,"turns":3.0},{"damage":1,"enemies":"Cultist","floor":3,"turns":4},{"damage":0,"enemies":"2 Louse","floor":4,"turns":3},{"damage":5,"enemies":"Lots of Slimes","floor":7,"turns":4},{"damage":5,"enemies":"3 Sentries","floor":11,"turns":10},{"damage":5,"enemies":"Lagavulin","floor":13,"turns":8},{"damage":3,"enemies":"Looter","floor":14,"turns":4},{"damage":21,"enemies":"Slime Boss","floor":16,"turns":18},{"damage":2,"enemies":"2 Thieves","floor":18,"turns":4},{"damage":8,"enemies":"3 Byrds","floor":20,"turns":8},{"damage":10,"enemies":"Centurion and Healer","floor":24,"turns":10},{"damage":6,"enemies":"Book of Stabbing","floor":25,"turns":7},{"damage":6,"enemies":"Chosen and Byrds","floor":30,"turns":7},{"damage":1,"enemies":"Automaton","floor":33,"turns":10},{"damage":6,"enemies":"Orb Walker","floor":35,"turns":4},{"damage":0,"enemies":"Mind Bloom Boss Battle","floor":36,"turns":9},{"damage":10,"enemies":"3 Darklings","floor":37,"turns":7},{"damage":0,"enemies":"Jaw Worm Horde","floor":39,"turns":7},{"damage":22,"enemies":"Reptomancer","floor":41,"turns":11},{"damage":0,"enemies":"4 Shapes","floor":45,"turns":6},{"damage":13,"enemies":"Sphere and 2 Shapes","floor":46,"turns":8},{"damage":0,"enemies":"Giant Head","floor":47,"turns":9},{"damage":0,"enemies":"3 Darklings","floor":48,"turns":7},{"damage":0,"enemies":"Donu and Deca","floor":50,"turns":10}],"seed_played":"2747184593400919231","potions_obtained":[{"floor":1.0,"key":"Ancient Potion"},{"floor":3,"key":"Block Potion"},{"floor":16,"key":"AttackPotion"},{"floor":20,"key":"Fire Potion"},{"floor":24,"key":"Regen Potion"},{"floor":33,"key":"PowerPotion"},{"floor":35,"key":"SkillPotion"},{"floor":37,"key":"Swift Potion"},{"floor":47,"key":"SteroidPotion"},{"floor":48,"key":"Poison Potion"}],"is_trial":false,"path_per_floor":["M","?","M","M","?","R","M","$","T","R","E","?","E","M","R","B",null,"M","$","M","$","?","R","M","E","T","?","R","$","M","?","R","B",null,"M","?","M","$","M","R","E","?","T","R","M","M","E","M","R","B",null],"character_chosen":"DEFECT","items_purchased":["Gash","Gash","Defragment","Panacea"],"campfire_rested":1,"item_purchase_floors":[8,29,38,38],"current_hp_per_floor":[76,76,75,75,57,57,52,52,52,52,47,47,42,39,39,18,82,80,80,72,72,72,72,62,56,56,56,56,56,50,50,50,49,82,76,76,66,66,66,66,44,44,44,68,68,70,80,80,80,92],"gold":234,"neow_bonus":"TEN_PERCENT_HP_BONUS","is_prod":false,"is_daily":false,"chose_seed":false,"campfire_upgraded":8,"win_rate":0.0,"timestamp":1562450482,"path_taken":["M","?","?","M","?","R","M","$","T","R","E","?","E","M","R","BOSS","M","?","M","$","?","R","M","E","T","?","R","$","M","?","R","BOSS","M","?","M","$","M","R","E","?","T","R","M","M","E","M","R","BOSS"],"build_version":"2019-07-05","purchased_purges":3,"victory":true,"max_hp_per_floor":[82,82,82,82,82,82,82,82,82,82,82,82,82,82,82,82,82,82,82,82,82,82,82,82,82,82,82,82,82,82,82,82,82,82,82,82,82,82,82,82,82,82,82,82,82,82,92,92,92,92],"card_choices":[{"not_picked":["Rip and Tear","Redo"],"picked":"Reinforced Body","floor":1.0},{"not_picked":["Chaos","Stack"],"picked":"Capacitor","floor":3},{"not_picked":["Stack","Ball Lightning"],"picked":"Coolheaded","floor":4},{"not_picked":["Beam Cell","Doom and Gloom"],"picked":"Cold Snap","floor":7},{"not_picked":["Redo","Steam"],"picked":"Cold Snap","floor":11},{"not_picked":["Reinforced Body","Double Energy"],"picked":"Coolheaded","floor":13},{"not_picked":["Steam","Streamline"],"picked":"Chill","floor":14},{"not_picked":["Rainbow","Amplify"],"picked":"Buffer","floor":16},{"not_picked":["Compile Driver","Reprogram"],"picked":"Gash","floor":18},{"not_picked":["Leap","Stack+1","Beam Cell"],"picked":"SKIP","floor":20},{"not_picked":["Steam","Skim","Tempest"],"picked":"SKIP","floor":24},{"not_picked":["Storm+1","Cold Snap"],"picked":"Loop","floor":25},{"not_picked":["Barrage+1","Force Field","Stack"],"picked":"SKIP","floor":30},{"not_picked":["Barrage+1","Force Field","Stack"],"picked":"SKIP","floor":30},{"not_picked":["Thunder Strike","Multi-Cast"],"picked":"Biased Cognition","floor":33},{"not_picked":["Lockon+1","Heatsinks+1"],"picked":"Consume","floor":35},{"not_picked":["Stack","Heatsinks"],"picked":"Hologram","floor":36},{"not_picked":["Conserve Battery+1","Stack+1","Leap"],"picked":"SKIP","floor":37},{"not_picked":["Redo","Genetic Algorithm"],"picked":"Defragment+1","floor":39},{"not_picked":["BootSequence","Darkness","Beam Cell"],"picked":"SKIP","floor":41},{"not_picked":["Conserve Battery","Hologram+1"],"picked":"Coolheaded","floor":45},{"not_picked":["Conserve Battery+1","Melter+1"],"picked":"Defragment+1","floor":46},{"not_picked":["Biased Cognition","Double Energy"],"picked":"All For One+1","floor":47},{"not_picked":["Stack+1","Sweeping Beam+1","Beam Cell+1"],"picked":"SKIP","floor":48}],"player_experience":3683,"relics_obtained":[{"floor":9,"key":"Bottled Tornado"},{"floor":11,"key":"Potion Belt"},{"floor":13,"key":"Happy Flower"},{"floor":25,"key":"Juzu Bracelet"},{"floor":26,"key":"PreservedInsect"},{"floor":36,"key":"FossilizedHelix"},{"floor":41,"key":"Pantograph"},{"floor":43,"key":"Molten Egg 2"},{"floor":47,"key":"Pear"}],"event_choices":[{"damage_healed":0.0,"max_hp_gain":0.0,"max_hp_loss":0.0,"gold_gain":0.0,"event_name":"Match and Keep!","player_choice":"0 cards matched","floor":2.0,"gold_loss":0.0,"damage_taken":0.0,"cards_obtained":[]},{"damage_healed":0,"gold_gain":0,"player_choice":"Success","damage_taken":18,"relics_obtained":["Incense Burner"],"max_hp_gain":0,"max_hp_loss":0,"event_name":"Scrap Ooze","floor":5,"gold_loss":0},{"damage_healed":0,"gold_gain":0,"player_choice":"Upgraded","damage_taken":0,"max_hp_gain":0,"max_hp_loss":0,"event_name":"Upgrade Shrine","floor":12,"gold_loss":0,"cards_upgraded":["Capacitor"]},{"damage_healed":0,"gold_gain":0,"player_choice":"Upgraded","damage_taken":0,"max_hp_gain":0,"max_hp_loss":0,"event_name":"Upgrade Shrine","floor":22,"gold_loss":0,"cards_upgraded":["Coolheaded"]},{"cards_removed":["Strike_B"],"damage_healed":0,"gold_gain":0,"player_choice":"Elegance","damage_taken":0,"max_hp_gain":0,"max_hp_loss":0,"event_name":"Back to Basics","floor":27,"gold_loss":0},{"damage_healed":0,"gold_gain":0,"player_choice":"Ignored","damage_taken":0,"max_hp_gain":0,"max_hp_loss":0,"event_name":"NoteForYourself","floor":31,"gold_loss":0},{"damage_healed":0,"gold_gain":0,"player_choice":"Fight","damage_taken":0,"max_hp_gain":0,"max_hp_loss":0,"event_name":"MindBloom","floor":36,"gold_loss":0},{"damage_healed":0,"gold_gain":0,"player_choice":"Memory 1","damage_taken":0,"max_hp_gain":0,"max_hp_loss":0,"event_name":"SensoryStone","floor":42,"gold_loss":0}],"is_beta":false,"boss_relics":[{"not_picked":["Coffee Dripper","White Beast Statue"],"picked":"Empty Cage"},{"not_picked":["Lizard Tail","Velvet Choker"],"picked":"Nuclear Battery"}],"items_purged_floors":[8,21,29],"is_endless":false,"potions_floor_spawned":[1,3,16,20,24,33,35,37,47,48],"ascension_level":0}