{"gold_per_floor":[116,116,127,142,142,142,175,175,223,65,65,92,112,125,125,202,202,218,218,233,133,133],"floor_reached":22,"playtime":859,"items_purged":["Strike_B","Strike_B"],"score":388,"play_id":"513babb2-0a2a-4530-97ff-31d1780fe148","local_time":"20190317173025","is_ascension_mode":true,"campfire_choices":[{"data":"Zap","floor":6,"key":"SMITH"},{"data":"White Noise","floor":8,"key":"SMITH"},{"floor":15,"key":"REST"}],"neow_cost":"NONE","seed_source_timestamp":7442309718943769,"circlet_count":0,"master_deck":["AscendersBane","Strike_B","Defend_B","Defend_B","Defend_B","Defend_B","Zap+1","Dualcast","Ball Lightning","BootSequence","Cold Snap","White Noise+1","Hologram+1","Leap","Meteor Strike","Creative AI"],"relics":["Cracked Core","NeowsBlessing","Regal Pillow","Oddly Smooth Stone","Matryoshka","Inserter"],"potions_floor_usage":[7],"damage_taken":[{"damage":0,"enemies":"2 Louse","floor":1,"turns":1},{"damage":0,"enemies":"Cultist","floor":3,"turns":1},{"damage":0,"enemies":"Jaw Worm","floor":4,"turns":1},{"damage":16,"enemies":"3 Sentries","floor":7,"turns":7},{"damage":46,"enemies":"Gremlin Nob","floor":12,"turns":4},{"damage":0,"enemies":"Large Slime","floor":13,"turns":3},{"damage":4,"enemies":"Exordium Thugs","floor":14,"turns":4},{"damage":28,"enemies":"The Guardian","floor":16,"turns":14},{"damage":14,"enemies":"Chosen","floor":18,"turns":7},{"damage":32,"enemies":"Spheric Guardian","floor":20,"turns":10},{"damage":48,"enemies":"Cultist and Chosen","floor":22,"turns":5}],"seed_played":"7866120495813530019","potions_obtained":[{"floor":4,"key":"Regen Potion"},{"floor":13,"key":"FairyPotion"},{"floor":14,"key":"Weak Potion"}],"is_trial":false,"path_per_floor":["M","?","M","M","?","R","E","R","T","$","?","E","M","M","R","B",null,"M","$","M","$","M"],"character_chosen":"DEFECT","items_purchased":["Hologram","Leap"],"campfire_rested":1,"item_purchase_floors":[10,10],"current_hp_per_floor":[64,64,64,64,69,69,67,67,67,67,67,21,21,17,54,26,64,50,50,18,18,0],"gold":133,"neow_bonus":"THREE_ENEMY_KILL","is_prod":false,"is_daily":false,"chose_seed":false,"campfire_upgraded":2,"win_rate":0,"timestamp":1552858225,"path_taken":["M","?","?","M","?","R","E","R","T","$","?","E","M","M","R","BOSS","M","$","M","$","M"],"build_version":"2019-01-23","purchased_purges":2,"victory":false,"max_hp_per_floor":[71,71,71,71,76,76,76,76,76,76,76,76,76,76,76,76,76,76,76,76,76,76],"card_choices":[{"not_picked":["Capacitor","Stack"],"picked":"Ball Lightning","floor":1},{"not_picked":["Rebound","Storm"],"picked":"BootSequence","floor":3},{"not_picked":["Genetic Algorithm","Sweeping Beam"],"picked":"Cold Snap","floor":4},{"not_picked":["Force Field","Sweeping Beam"],"picked":"White Noise","floor":7},{"not_picked":["Stack","Barrage"],"picked":"Meteor Strike","floor":12},{"not_picked":["Steam Power","Barrage","Tempest"],"picked":"SKIP","floor":13},{"not_picked":["Recycle","BootSequence","Rebound"],"picked":"SKIP","floor":14},{"not_picked":["Biased Cognition","Multi-Cast"],"picked":"Creative AI","floor":16},{"not_picked":["Redo","Scrape","Beam Cell"],"picked":"SKIP","floor":18},{"not_picked":["Genetic Algorithm","Doom and Gloom+1","Steam"],"picked":"SKIP","floor":20}],"player_experience":593069,"relics_obtained":[{"floor":7,"key":"Regal Pillow"},{"floor":9,"key":"Oddly Smooth Stone"},{"floor":12,"key":"Matryoshka"}],"event_choices":[{"cards_removed":["Strike_B"],"damage_healed":0,"gold_gain":0,"player_choice":"Card Removal","damage_taken":0,"max_hp_gain":0,"max_hp_loss":0,"event_name":"Wheel of Change","floor":2,"gold_loss":0},{"damage_healed":0,"gold_gain":0,"player_choice":"Donut","damage_taken":0,"max_hp_gain":5,"max_hp_loss":0,"event_name":"Big Fish","floor":5,"gold_loss":0},{"damage_healed":0,"gold_gain":0,"player_choice":"Upgraded","damage_taken":0,"max_hp_gain":0,"max_hp_loss":0,"event_name":"Upgrade Shrine","floor":11,"gold_loss":0,"cards_upgraded":["Hologram"]}],"is_beta":false,"boss_relics":[{"not_picked":["Velvet Choker","Ectoplasm"],"picked":"Inserter"}],"items_purged_floors":[10,21],"is_endless":false,"potions_floor_spawned":[4,13,14,18],"killed_by":"Cultist and Chosen","ascension_level":20}