{"gold_per_floor":[111,61,78,78,78,107,127,153,207,207,223,223,261,284,284,403,403,428,528,453,453],"floor_reached":21,"playtime":846,"items_purged":[],"score":278,"play_id":"276cd8d9-1ef7-4faa-8592-210f057c2c1b","local_time":"20180715220521","is_ascension_mode":true,"campfire_choices":[{"floor":12.0,"key":"REST"},{"floor":15.0,"key":"REST"}],"neow_cost":"NONE","seed_source_timestamp":0,"circlet_count":0,"master_deck":["Strike_B","Strike_B","Strike_B","Defend_B","Defend_B","Defend_B","Defend_B","Zap","Dualcast","Gash","Defragment","Conserve Battery","Buffer","Self Repair","Cold Snap","Loop","Seek","Gash","Leap+1"],"special_seed":0,"relics":["Cracked Core","NeowsBlessing","Smiling Mask","Bag of Marbles","Strawberry","Golden Idol","Lantern","White Beast Statue"],"potions_floor_usage":[21,21],"damage_taken":[{"damage":0.0,"enemies":"Small Slimes","floor":1.0,"turns":1.0},{"damage":0.0,"enemies":"2 Louse","floor":3.0,"turns":1.0},{"damage":0.0,"enemies":"Lagavulin","floor":6.0,"turns":1.0},{"damage":0.0,"enemies":"Cultist","floor":7.0,"turns":3.0},{"damage":31.0,"enemies":"Gremlin Nob","floor":8.0,"turns":4.0},{"damage":8.0,"enemies":"Blue Slaver","floor":11.0,"turns":4.0},{"damage":30.0,"enemies":"3 Sentries","floor":13.0,"turns":10.0},{"damage":7.0,"enemies":"2 Fungi Beasts","floor":14.0,"turns":3.0},{"damage":23.0,"enemies":"Hexaghost","floor":16.0,"turns":13.0},{"damage":11.0,"enemies":"Chosen","floor":18.0,"turns":8.0},{"damage":23.0,"enemies":"2 Thieves","floor":20.0,"turns":5.0},{"damage":82,"enemies":"Chosen and Byrds","floor":21,"turns":8}],"seed_played":"-8368763776444125408","potions_obtained":[{"floor":6.0,"key":"SteroidPotion"},{"floor":8.0,"key":"SteroidPotion"},{"floor":13.0,"key":"Weak Potion"},{"floor":18.0,"key":"GamblersBrew"},{"floor":20.0,"key":"Dexterity Potion"}],"is_trial":false,"path_per_floor":["M","?","M","$","?","E","M","E","T","?","M","R","E","M","R","B",null,"M","?","M"],"character_chosen":"DEFECT","items_purchased":[],"campfire_rested":2,"item_purchase_floors":[],"current_hp_per_floor":[75,75,75,75,80,80,80,49,56,35,27,53,30,30,56,40,75,71,71,55,0],"gold":453,"neow_bonus":"THREE_ENEMY_KILL","is_prod":false,"is_daily":false,"chose_seed":false,"campfire_upgraded":0,"win_rate":0,"timestamp":1531706721,"path_taken":["M","?","M","$","?","E","M","E","T","?","M","R","E","M","R","BOSS","M","?","M","M"],"build_version":"2018-07-12","purchased_purges":0,"victory":false,"max_hp_per_floor":[75,75,75,75,80,80,80,80,87,87,87,87,87,87,87,87,87,87,87,87,87],"card_choices":[{"not_picked":["Barrage","Redo"],"picked":"Gash","floor":1.0},{"not_picked":["Rip and Tear","Coolheaded"],"picked":"Defragment","floor":3.0},{"not_picked":["Double Energy","Streamline","Creative AI"],"picked":"SKIP","floor":6.0},{"not_picked":["Auto Shields","Rebound"],"picked":"Conserve Battery","floor":7.0},{"not_picked":["Hologram","Static Discharge"],"picked":"Buffer","floor":8.0},{"not_picked":["Leap","Ball Lightning"],"picked":"Self Repair","floor":11.0},{"not_picked":["White Noise","Stack"],"picked":"Cold Snap","floor":13.0},{"not_picked":["Redo","Double Energy"],"picked":"Loop","floor":14.0},{"not_picked":["Core Surge","Meteor Strike"],"picked":"Seek","floor":16.0},{"not_picked":["Cold Snap","Sweeping Beam+1"],"picked":"Gash","floor":18.0},{"not_picked":["Sweeping Beam","Gash+1"],"picked":"Leap+1","floor":20.0}],"player_experience":125337,"relics_obtained":[{"floor":6.0,"key":"Smiling Mask"},{"floor":8.0,"key":"Bag of Marbles"},{"floor":9.0,"key":"Strawberry"},{"floor":13.0,"key":"Lantern"}],"event_choices":[{"event_name":"The Cleric","player_choice":"Card Removal","floor":2.0,"damage_taken":0.0},{"event_name":"Big Fish","player_choice":"Donut","floor":5.0,"damage_taken":0.0},{"event_name":"Golden Idol","player_choice":"Take Damage","floor":10.0,"damage_taken":0.0},{"event_name":"Golden Shrine","player_choice":"Pray","floor":19.0,"damage_taken":0.0}],"boss_relics":[{"not_picked":["Ectoplasm","Coffee Dripper"],"picked":"White Beast Statue"}],"items_purged_floors":[],"is_endless":false,"potions_floor_spawned":[6,8,13,18,20],"killed_by":"Chosen and Byrds","ascension_level":5}