{"gold_per_floor":[114,114,130,142,160,160,160,185,185,217,217,272,272,164,164,241,241,254,267,174,174,208,208,208,243,243,256,266,266,285,299,299,299],"floor_reached":33,"playtime":1327,"items_purged":["Strike_R","Strike_R"],"score":550,"play_id":"a8ac24c2-4aab-4cdd-9cb9-5d210f8d666d","local_time":"20190311204611","is_ascension_mode":true,"campfire_choices":[{"data":"Bash","floor":6.0,"key":"SMITH"},{"floor":11.0,"key":"REST"},{"floor":13.0,"key":"REST"},{"data":"Intimidate","floor":15.0,"key":"SMITH"},{"data":"Fiend Fire","floor":23.0,"key":"SMITH"},{"floor":29,"key":"REST"},{"floor":32,"key":"REST"}],"neow_cost":"PERCENT_DAMAGE","seed_source_timestamp":34213039431700,"circlet_count":0,"master_deck":["AscendersBane","Strike_R","Strike_R+1","Defend_R","Defend_R","Defend_R","Defend_R","Bash+1","Cleave","Clothesline","True Grit","Pommel Strike","Whirlwind+1","Intimidate+1","True Grit","Shrug It Off","Fiend Fire+1","Dropkick","Feed","Metallicize+1","Battle Trance"],"special_seed":0,"relics":["Burning Blood","Smiling Mask","Whetstone","Matryoshka","Bottled Lightning","Runic Pyramid","Red Mask","Paper Frog","Ancient Tea Set","Frozen Egg 2"],"potions_floor_usage":[25,25,28],"damage_taken":[{"damage":21.0,"enemies":"Jaw Worm","floor":1.0,"turns":5.0},{"damage":1.0,"enemies":"Cultist","floor":3.0,"turns":3.0},{"damage":8.0,"enemies":"2 Louse","floor":4.0,"turns":3.0},{"damage":9.0,"enemies":"Exordium Wildlife","floor":5.0,"turns":3.0},{"damage":24.0,"enemies":"Gremlin Nob","floor":8.0,"turns":4.0},{"damage":30.0,"enemies":"3 Sentries","floor":10.0,"turns":5.0},{"damage":30.0,"enemies":"3 Sentries","floor":12.0,"turns":5.0},{"damage":66.0,"enemies":"The Guardian","floor":16.0,"turns":15.0},{"damage":0.0,"enemies":"3 Byrds","floor":18.0,"turns":4.0},{"damage":14.0,"enemies":"Spheric Guardian","floor":19.0,"turns":4.0},{"damage":36.0,"enemies":"Masked Bandits","floor":22.0,"turns":4.0},{"damage":53,"enemies":"Slavers","floor":25,"turns":6},{"damage":0,"enemies":"Centurion and Healer","floor":27,"turns":6},{"damage":9,"enemies":"Chosen and Byrds","floor":28,"turns":4},{"damage":0,"enemies":"Snecko","floor":30,"turns":3},{"damage":40,"enemies":"Centurion and Healer","floor":31,"turns":7},{"damage":15,"enemies":"Champ","floor":33,"turns":6}],"seed_played":"-2413888066730857919","potions_obtained":[{"floor":1.0,"key":"BloodPotion"},{"floor":8.0,"key":"EssenceOfSteel"},{"floor":16.0,"key":"Fire Potion"},{"floor":18.0,"key":"EssenceOfSteel"},{"floor":22.0,"key":"Strength Potion"},{"floor":27,"key":"Explosive Potion"},{"floor":28,"key":"Strength Potion"}],"is_trial":false,"path_per_floor":["M","?","M","M","M","R","?","E","T","E","R","?","R","$","R","B",null,"M","M","$","?","?","R","?","E","T","M","M","R","M","M","R","B"],"character_chosen":"IRONCLAD","items_purchased":["Shrug It Off","Dropkick"],"campfire_rested":4,"item_purchase_floors":[14,20],"current_hp_per_floor":[49,49,54,52,49,49,78,60,60,36,62,38,64,64,64,12,70,76,68,68,86,56,56,56,9,9,15,12,38,44,10,36,21],"gold":299,"neow_bonus":"TWENTY_PERCENT_HP_BONUS","is_prod":false,"is_daily":false,"chose_seed":false,"campfire_upgraded":3,"win_rate":0,"timestamp":1552337171,"path_taken":["M","?","M","?","M","R","?","E","T","E","R","?","R","$","R","BOSS","M","M","$","?","?","R","?","E","T","?","M","R","M","?","R","BOSS"],"build_version":"2019-01-23","purchased_purges":2,"victory":false,"max_hp_per_floor":[89,89,89,89,89,89,89,89,89,89,89,89,89,89,89,89,89,89,89,89,89,89,89,89,89,89,89,89,89,89,89,89,89],"card_choices":[{"not_picked":["Bloodletting","Rage"],"picked":"Cleave","floor":1.0},{"not_picked":["Reckless Charge","Shrug It Off"],"picked":"Clothesline","floor":3.0},{"not_picked":["Armaments","Rage"],"picked":"True Grit","floor":4.0},{"not_picked":["Infernal Blade","Perfected Strike"],"picked":"Pommel Strike","floor":5.0},{"not_picked":["Clash","Wild Strike"],"picked":"Whirlwind","floor":8.0},{"not_picked":["Blood for Blood","Bloodletting"],"picked":"Intimidate","floor":10.0},{"not_picked":["Power Through","Bloodletting"],"picked":"True Grit","floor":12.0},{"not_picked":["Exhume","Demon Form"],"picked":"Fiend Fire","floor":16.0},{"not_picked":["Intimidate","Iron Wave","Headbutt"],"picked":"SKIP","floor":18.0},{"not_picked":["Sword Boomerang","Flex","Cleave"],"picked":"SKIP","floor":19.0},{"not_picked":["Intimidate","Sword Boomerang"],"picked":"Feed","floor":25},{"not_picked":["Iron Wave","Headbutt","Infernal Blade+1"],"picked":"SKIP","floor":27},{"not_picked":["Reckless Charge","Sword Boomerang"],"picked":"Metallicize+1","floor":28},{"not_picked":["Shrug It Off","Clash","True Grit"],"picked":"SKIP","floor":30},{"not_picked":["Flame Barrier","Dual Wield"],"picked":"Battle Trance","floor":31}],"player_experience":1271568,"relics_obtained":[{"floor":8.0,"key":"Smiling Mask"},{"floor":9.0,"key":"Whetstone"},{"floor":10.0,"key":"Matryoshka"},{"floor":12.0,"key":"Bottled Lightning"},{"floor":22.0,"key":"Red Mask"},{"floor":25,"key":"Paper Frog"},{"floor":26,"key":"Ancient Tea Set"},{"floor":26,"key":"Frozen Egg 2"}],"event_choices":[{"cards_removed":["Strike_R"],"damage_healed":0.0,"max_hp_gain":0.0,"max_hp_loss":0.0,"gold_gain":0.0,"event_name":"Bonfire Elementals","player_choice":"Offered Basic","floor":2.0,"gold_loss":0.0,"damage_taken":0.0},{"damage_healed":29.0,"max_hp_gain":0.0,"max_hp_loss":0.0,"gold_gain":0.0,"event_name":"Big Fish","player_choice":"Banana","floor":7.0,"gold_loss":0.0,"damage_taken":0.0},{"damage_healed":0.0,"max_hp_gain":0.0,"max_hp_loss":0.0,"gold_gain":30.0,"event_name":"Dead Adventurer","player_choice":"Searched \u00272\u0027 times","floor":12.0,"gold_loss":0.0,"damage_taken":0.0},{"damage_healed":18.0,"max_hp_gain":0.0,"max_hp_loss":0.0,"gold_gain":0.0,"event_name":"The Library","player_choice":"Heal","floor":21.0,"gold_loss":0.0,"damage_taken":0.0},{"damage_healed":0.0,"max_hp_gain":0.0,"max_hp_loss":0.0,"gold_gain":0.0,"event_name":"Masked Bandits","player_choice":"Fought Bandits","floor":22.0,"gold_loss":0.0,"damage_taken":0.0},{"damage_healed":0.0,"max_hp_gain":0.0,"max_hp_loss":0.0,"gold_gain":0.0,"event_name":"N\u0027loth","player_choice":"Ignored","floor":24.0,"gold_loss":0.0,"damage_taken":0.0}],"is_beta":false,"boss_relics":[{"not_picked":["Coffee Dripper","Orrery"],"picked":"Runic Pyramid"}],"items_purged_floors":[14,20],"is_endless":false,"potions_floor_spawned":[1,8,10,16,18,22,27,28],"killed_by":"Champ","ascension_level":20}