{"gold_per_floor":[117,136,102,120,134,167,113,113,113,128,145,180,180,198,198,301,301,321,321,333,90,109,109,123,133,183,197,212,212],"floor_reached":29,"playtime":1403,"items_purged":[],"score":316,"play_id":"ddd6b4e8-4f76-4e74-b574-35795cbd4cdc","local_time":"20180719193007","is_ascension_mode":true,"campfire_choices":[{"floor":8.0,"key":"REST"},{"floor":13,"key":"REST"},{"data":"Defragment","floor":15,"key":"SMITH"},{"floor":23,"key":"REST"}],"neow_cost":"","seed_source_timestamp":1032165073427740,"circlet_count":0,"master_deck":["Strike_B","Strike_B","Strike_B","Strike_B","Defend_B","Defend_B","Defend_B","Defend_B","Zap","Dualcast","Leap","Gash","Coolheaded","Gash","Gash","FTL","Self Repair","Stack","Defragment+1","Conserve Battery","Leap","Hologram","Capacitor","Biased Cognition","Cold Snap+1","Go for the Eyes+1","Consume"],"special_seed":0,"relics":["Cracked Core","Potion Belt","Regal Pillow","Letter Opener","Orrery","Mercury Hourglass","Lantern"],"potions_floor_usage":[12,16,28,28,28,28],"damage_taken":[{"damage":3.0,"enemies":"Small Slimes","floor":1.0,"turns":3.0},{"damage":2.0,"enemies":"Jaw Worm","floor":2.0,"turns":4.0},{"damage":2.0,"enemies":"2 Louse","floor":4.0,"turns":2.0},{"damage":11.0,"enemies":"Lots of Slimes","floor":5.0,"turns":8.0},{"damage":13.0,"enemies":"Lagavulin","floor":6.0,"turns":7.0},{"damage":3.0,"enemies":"Exordium Wildlife","floor":10.0,"turns":3.0},{"damage":5.0,"enemies":"Red Slaver","floor":11.0,"turns":3.0},{"damage":28,"enemies":"Gremlin Nob","floor":12,"turns":5},{"damage":9,"enemies":"2 Fungi Beasts","floor":14,"turns":2},{"damage":23,"enemies":"Hexaghost","floor":16,"turns":12},{"damage":0,"enemies":"Chosen","floor":18,"turns":8},{"damage":9,"enemies":"Spheric Guardian","floor":20,"turns":5},{"damage":54,"enemies":"3 Cultists","floor":22,"turns":6},{"damage":7,"enemies":"Snecko","floor":24,"turns":6},{"damage":30,"enemies":"Centurion and Healer","floor":25,"turns":12},{"damage":21,"enemies":"Slaver and Parasite","floor":27,"turns":8},{"damage":5,"enemies":"Snecko","floor":28,"turns":6},{"damage":15,"enemies":"Sentry and Sphere","floor":29,"turns":2}],"seed_played":"4437972067228670145","potions_obtained":[{"floor":2.0,"key":"FocusPotion"},{"floor":6.0,"key":"GamblersBrew"},{"floor":10.0,"key":"FocusPotion"},{"floor":11.0,"key":"Block Potion"},{"floor":18,"key":"Swift Potion"},{"floor":24,"key":"PowerPotion"},{"floor":25,"key":"PowerPotion"},{"floor":27,"key":"SpeedPotion"},{"floor":28,"key":"Block Potion"}],"is_trial":false,"path_per_floor":["M","M","?","M","M","E","$","R","T","M","M","E","R","M","R","B",null,"M","?","M","$","M","R","M","M","T","M","M"],"character_chosen":"DEFECT","items_purchased":["Gash","Mercury Hourglass"],"campfire_rested":3,"item_purchase_floors":[7,21],"current_hp_per_floor":[65,63,63,61,50,37,37,59,59,56,51,30,67,58,58,42,67,74,60,58,58,11,50,50,27,27,13,15,0],"gold":212,"neow_bonus":"","is_prod":false,"is_daily":false,"chose_seed":false,"campfire_upgraded":1,"win_rate":0,"timestamp":1532043007,"path_taken":["M","M","?","M","M","E","$","R","T","M","M","E","R","M","R","BOSS","M","?","M","$","M","R","M","M","T","M","M","?"],"build_version":"2018-07-12","purchased_purges":0,"victory":false,"max_hp_per_floor":[75,75,75,75,75,75,75,75,75,75,75,75,75,75,75,75,75,75,80,80,80,80,80,80,80,80,80,80,80],"card_choices":[{"not_picked":["Hologram","Scrape"],"picked":"Leap","floor":1.0},{"not_picked":["Streamline","Sweeping Beam"],"picked":"Gash","floor":2.0},{"not_picked":["Doom and Gloom","Leap"],"picked":"Coolheaded","floor":4.0},{"not_picked":["Chaos","Redo","Rebound"],"picked":"SKIP","floor":5.0},{"not_picked":["Auto Shields","Cold Snap"],"picked":"Gash","floor":6.0},{"not_picked":["Steam","Aggregate"],"picked":"FTL","floor":10.0},{"not_picked":["Cold Snap","Reprogram"],"picked":"Self Repair","floor":11.0},{"not_picked":["Barrage","Reprogram"],"picked":"Stack","floor":12},{"not_picked":["Beam Cell","Coolheaded"],"picked":"Defragment","floor":14},{"not_picked":["Turbo","Streamline"],"picked":"Conserve Battery","floor":17},{"not_picked":["Undo","Barrage"],"picked":"Leap","floor":17},{"not_picked":["Turbo","Barrage"],"picked":"Hologram","floor":17},{"not_picked":["Undo","Compile Driver"],"picked":"Capacitor","floor":18},{"not_picked":["Static Discharge","Streamline"],"picked":"Biased Cognition","floor":20},{"not_picked":["Steam","Streamline"],"picked":"Cold Snap+1","floor":22},{"not_picked":["Self Repair","Beam Cell"],"picked":"Go for the Eyes+1","floor":24},{"not_picked":["Rebound","Sweeping Beam+1","Static Discharge+1"],"picked":"SKIP","floor":25},{"not_picked":["Barrage+1","Compile Driver","Skim"],"picked":"SKIP","floor":27},{"not_picked":["Compile Driver+1","Leap"],"picked":"Consume","floor":28}],"player_experience":130878,"relics_obtained":[{"floor":6.0,"key":"Potion Belt"},{"floor":9.0,"key":"Regal Pillow"},{"floor":12,"key":"Letter Opener"},{"floor":26,"key":"Lantern"}],"event_choices":[{"event_name":"World of Goop","player_choice":"Left","floor":3.0,"damage_taken":0.0},{"event_name":"Forgotten Altar","player_choice":"Shed Blood","floor":19,"damage_taken":0}],"boss_relics":[{"not_picked":["Calling Bell","Snecko Eye"],"picked":"Orrery"}],"items_purged_floors":[],"is_endless":false,"potions_floor_spawned":[2,6,10,11,18,24,25,27,28],"killed_by":"Sentry and Sphere","ascension_level":6}