{"gold_per_floor":[114,114,114,128,139,139,157,183,206,206,217,234,234,234,234,339,339,356,356,356,88,88,88,88,122,122,141,160,160,171,201,201,201],"floor_reached":33,"playtime":1175,"items_purged":["Writhe"],"score":413,"play_id":"58638aca-e665-43b9-b73a-584988f0205f","local_time":"20190708145021","is_ascension_mode":true,"campfire_choices":[{"data":"Metallicize","floor":6,"key":"SMITH"},{"data":"Spot Weakness","floor":13,"key":"SMITH"},{"floor":15,"key":"REST"},{"data":"Disarm","floor":23,"key":"SMITH"},{"floor":32,"key":"REST"}],"neow_cost":"NONE","seed_source_timestamp":54701260063037,"circlet_count":0,"master_deck":["Strike_R+1","Strike_R+1","Strike_R+1","Strike_R+1","Strike_R+1","Defend_R+1","Defend_R+1","Defend_R+1","Defend_R+1","Bash+1","Exhume","Thunderclap","Metallicize+1","Disarm+1","Cleave","Iron Wave","Anger","Spot Weakness+1","Reaper","Armaments+1","Apotheosis+1","Decay","Evolve+1","Battle Trance+1","Flame Barrier+1"],"relics":["Burning Blood","Dodecahedron","FossilizedHelix","War Paint","Velvet Choker","Toxic Egg 2","Vajra","Nloth\u0027s Gift","Lantern"],"potions_floor_usage":[8,16,25,27,33,33],"damage_taken":[{"damage":6,"enemies":"Cultist","floor":1,"turns":4},{"damage":2,"enemies":"Jaw Worm","floor":4,"turns":3},{"damage":6,"enemies":"2 Louse","floor":5,"turns":4},{"damage":14,"enemies":"Lots of Slimes","floor":7,"turns":4},{"damage":34,"enemies":"Gremlin Nob","floor":8,"turns":5},{"damage":0,"enemies":"2 Fungi Beasts","floor":11,"turns":4},{"damage":6,"enemies":"3 Louse","floor":12,"turns":4},{"damage":28,"enemies":"Hexaghost","floor":16,"turns":8},{"damage":12,"enemies":"Shell Parasite","floor":18,"turns":6},{"damage":14,"enemies":"Book of Stabbing","floor":25,"turns":5},{"damage":11,"enemies":"3 Byrds","floor":27,"turns":5},{"damage":2,"enemies":"Snake Plant","floor":28,"turns":4},{"damage":0,"enemies":"Cultist and Chosen","floor":30,"turns":6},{"damage":33,"enemies":"Gremlin Leader","floor":31,"turns":5},{"damage":104,"enemies":"Automaton","floor":33,"turns":10}],"seed_played":"8862923206049573752","potions_obtained":[{"floor":5,"key":"Poison Potion"},{"floor":11,"key":"Explosive Potion"},{"floor":12,"key":"LiquidBronze"},{"floor":16,"key":"AttackPotion"},{"floor":18,"key":"FearPotion"},{"floor":31,"key":"SkillPotion"}],"is_trial":false,"path_per_floor":["M","?","T","M","M","R","M","E","T","?","M","M","R","$","R","B",null,"M","?","?","$","?","R","?","E","T","M","M","?","M","E","R","B"],"character_chosen":"IRONCLAD","items_purchased":["Apotheosis+1"],"campfire_rested":2,"item_purchase_floors":[21],"current_hp_per_floor":[72,72,72,76,76,76,68,40,40,40,46,46,46,46,70,48,72,80,80,80,80,80,80,80,72,72,73,77,77,80,53,77,0],"gold":201,"neow_bonus":"ONE_RANDOM_RARE_CARD","is_prod":false,"is_daily":false,"chose_seed":false,"campfire_upgraded":3,"win_rate":0,"timestamp":1562568621,"path_taken":["M","?","?","M","?","R","M","E","T","?","M","M","R","$","R","BOSS","M","?","?","$","?","R","?","E","T","M","M","?","?","E","R","BOSS"],"build_version":"2019-07-05","purchased_purges":1,"victory":false,"max_hp_per_floor":[80,80,80,80,80,80,80,80,80,80,80,80,80,80,80,80,80,80,80,80,80,80,80,80,80,80,80,80,80,80,80,80,80],"card_choices":[{"not_picked":["Havoc","True Grit"],"picked":"Thunderclap","floor":1},{"not_picked":["Fire Breathing","Clash"],"picked":"Metallicize","floor":4},{"not_picked":["Anger","Iron Wave"],"picked":"Disarm","floor":5},{"not_picked":["Second Wind","Fiend Fire"],"picked":"Cleave","floor":7},{"not_picked":["Metallicize","Blood for Blood"],"picked":"Iron Wave","floor":8},{"not_picked":["Clash","Warcry"],"picked":"Anger","floor":11},{"not_picked":["Twin Strike","Thunderclap"],"picked":"Spot Weakness","floor":12},{"not_picked":["Double Tap","Bludgeon"],"picked":"Reaper","floor":16},{"not_picked":["Shrug It Off","True Grit"],"picked":"Armaments+1","floor":18},{"not_picked":["Armaments+1","Dark Embrace","Reckless Charge"],"picked":"SKIP","floor":25},{"not_picked":["Sword Boomerang","Combust","Pommel Strike"],"picked":"SKIP","floor":27},{"not_picked":["Blood for Blood","Armaments+1"],"picked":"Evolve+1","floor":28},{"not_picked":["Infernal Blade+1","Burning Pact+1"],"picked":"Battle Trance+1","floor":30},{"not_picked":["Thunderclap","Ghostly Armor+1"],"picked":"Flame Barrier+1","floor":31}],"player_experience":1028882,"relics_obtained":[{"floor":3,"key":"Dodecahedron"},{"floor":8,"key":"FossilizedHelix"},{"floor":9,"key":"War Paint"},{"floor":25,"key":"Vajra"},{"floor":26,"key":"Bottled Tornado"},{"floor":31,"key":"Lantern"}],"event_choices":[{"damage_healed":0,"gold_gain":0,"player_choice":"Grow","damage_taken":0,"max_hp_gain":0,"max_hp_loss":0,"event_name":"Living Wall","floor":2,"gold_loss":0,"cards_upgraded":["Bash"]},{"damage_healed":0,"gold_gain":0,"player_choice":"Ignored","damage_taken":0,"max_hp_gain":0,"max_hp_loss":0,"event_name":"Liars Game","floor":10,"gold_loss":0},{"damage_healed":0,"gold_gain":0,"player_choice":"Simplicity","damage_taken":0,"max_hp_gain":0,"max_hp_loss":0,"event_name":"Back to Basics","floor":19,"gold_loss":0,"cards_upgraded":["Strike_R","Strike_R","Strike_R","Strike_R","Strike_R","Defend_R","Defend_R"]},{"damage_healed":0,"gold_gain":0,"player_choice":"Opened","damage_taken":0,"relics_obtained":["Toxic Egg 2"],"max_hp_gain":0,"max_hp_loss":0,"event_name":"The Mausoleum","floor":20,"gold_loss":0,"cards_obtained":["Writhe"]},{"damage_healed":0,"gold_gain":0,"player_choice":"Smashed Altar","damage_taken":0,"max_hp_gain":0,"max_hp_loss":0,"event_name":"Forgotten Altar","floor":22,"gold_loss":0,"cards_obtained":["Decay"]},{"damage_healed":0,"gold_gain":0,"player_choice":"Ignored","damage_taken":0,"max_hp_gain":0,"max_hp_loss":0,"event_name":"Ghosts","floor":24,"gold_loss":0},{"damage_healed":0,"gold_gain":0,"player_choice":"Traded Relic","damage_taken":0,"relics_obtained":["Nloth\u0027s Gift"],"max_hp_gain":0,"max_hp_loss":0,"event_name":"N\u0027loth","floor":29,"relics_lost":["Bottled Tornado"],"gold_loss":0}],"is_beta":false,"boss_relics":[{"not_picked":["Pandora\u0027s Box","Lizard Tail"],"picked":"Velvet Choker"}],"items_purged_floors":[21],"is_endless":false,"potions_floor_spawned":[5,11,12,16,18,31],"killed_by":"Automaton","ascension_level":9}