{"gold_per_floor":[109,67,86,116,116,142,142,142,168,205,242,254],"floor_reached":12,"playtime":208,"items_purged":[],"score":218,"play_id":"d402be35-29bc-4bf5-9b8c-48fd227ac63a","local_time":"20190515193646","is_ascension_mode":true,"campfire_choices":[{"floor":8,"key":"REST"}],"neow_cost":"NONE","seed_source_timestamp":1582300120518383,"circlet_count":0,"master_deck":["AscendersBane","Defend_G","Defend_G","Defend_G","Defend_G","Defend_G","Strike_G","Strike_G","Strike_G","Strike_G","Strike_G","Survivor","Neutralize","Dagger Throw","Backstab","Dagger Spray","Quick Slash","Caltrops"],"relics":["Ring of the Snake","NeowsBlessing","Tiny Chest","Regal Pillow","MawBank","Omamori","Strawberry"],"potions_floor_usage":[10],"damage_taken":[{"damage":0,"enemies":"2 Louse","floor":1,"turns":1},{"damage":0,"enemies":"Jaw Worm","floor":3,"turns":1},{"damage":0,"enemies":"Gremlin Nob","floor":6,"turns":1},{"damage":30,"enemies":"3 Sentries","floor":10,"turns":10},{"damage":35,"enemies":"Lagavulin","floor":12,"turns":8}],"seed_played":"-2965197706685386115","potions_obtained":[{"floor":1,"key":"GhostInAJar"}],"is_trial":false,"path_per_floor":["M","$","M","?","?","E","T","R","T","E","T","E"],"character_chosen":"THE_SILENT","items_purchased":["Backstab"],"campfire_rested":1,"item_purchase_floors":[2],"current_hp_per_floor":[59,59,59,24,24,24,24,58,58,28,35,0],"gold":254,"neow_bonus":"THREE_ENEMY_KILL","is_prod":false,"is_daily":false,"chose_seed":false,"campfire_upgraded":0,"win_rate":0,"timestamp":1557963406,"path_taken":["M","$","M","?","?","E","?","R","T","E","?","E"],"build_version":"2019-01-23","purchased_purges":0,"victory":false,"max_hp_per_floor":[66,66,66,66,66,66,66,66,66,66,73,73],"card_choices":[{"not_picked":["Dodge and Roll","Endless Agony"],"picked":"Dagger Throw","floor":1},{"not_picked":["Choke","Sucker Punch"],"picked":"Dagger Spray","floor":3},{"not_picked":["Masterful Stab","Setup"],"picked":"Quick Slash","floor":6},{"not_picked":["Acrobatics","Infinite Blades"],"picked":"Caltrops","floor":10}],"player_experience":687450,"relics_obtained":[{"floor":6,"key":"Regal Pillow"},{"floor":9,"key":"MawBank"},{"floor":10,"key":"Omamori"},{"floor":11,"key":"Strawberry"}],"event_choices":[{"damage_healed":0,"gold_gain":0,"player_choice":"Success","damage_taken":35,"relics_obtained":["Tiny Chest"],"max_hp_gain":0,"max_hp_loss":0,"event_name":"Scrap Ooze","floor":4,"gold_loss":0},{"damage_healed":0,"gold_gain":0,"player_choice":"Ignored","damage_taken":0,"max_hp_gain":0,"max_hp_loss":0,"event_name":"Liars Game","floor":5,"gold_loss":0}],"is_beta":false,"boss_relics":[],"items_purged_floors":[],"is_endless":false,"potions_floor_spawned":[1],"killed_by":"Lagavulin","ascension_level":20}