{"gold_per_floor":[366,108,108,88,99,99,113,113,136,136,49,76,76,89,89,89],"floor_reached":16,"playtime":447,"items_purged":["Strike_B"],"score":196,"play_id":"0363014a-9671-4a08-82a0-857ee7048afd","local_time":"20190324162430","is_ascension_mode":true,"campfire_choices":[{"data":"Zap","floor":6,"key":"SMITH"},{"data":"Go for the Eyes","floor":8,"key":"SMITH"},{"data":"Genetic Algorithm","floor":10,"key":"SMITH"},{"data":"Echo Form","floor":15,"key":"SMITH"}],"neow_cost":"PERCENT_DAMAGE","seed_source_timestamp":8043352688290027,"circlet_count":0,"master_deck":["AscendersBane","Strike_B","Strike_B","Defend_B","Defend_B","Defend_B","Defend_B","Zap+1","Dualcast","Cold Snap","Genetic Algorithm+1","Go for the Eyes+1","Echo Form+1","Ball Lightning","Redo","Auto Shields"],"relics":["Cracked Core","DataDisk","Smiling Mask","Emotion Chip"],"potions_floor_usage":[12,12],"damage_taken":[{"damage":7,"enemies":"Cultist","floor":1,"turns":4},{"damage":2,"enemies":"Jaw Worm","floor":5,"turns":4},{"damage":0,"enemies":"2 Louse","floor":7,"turns":2},{"damage":14,"enemies":"3 Sentries","floor":12,"turns":8},{"damage":16,"enemies":"Gremlin Gang","floor":14,"turns":4},{"damage":32,"enemies":"Hexaghost","floor":16,"turns":11}],"seed_played":"-5761972467262646798","potions_obtained":[{"floor":4,"key":"Energy Potion"},{"floor":5,"key":"SpeedPotion"}],"is_trial":false,"path_per_floor":["M","$","?","?","M","R","M","R","T","R","$","E","?","M","R","B"],"character_chosen":"DEFECT","items_purchased":["DataDisk","Cold Snap","Echo Form"],"campfire_rested":0,"item_purchase_floors":[2,2,11],"current_hp_per_floor":[39,39,62,62,60,60,60,60,60,60,60,46,46,30,30,0],"gold":89,"neow_bonus":"TWO_FIFTY_GOLD","is_prod":false,"is_daily":false,"chose_seed":false,"campfire_upgraded":4,"win_rate":0,"timestamp":1553459070,"path_taken":["M","$","?","?","M","R","?","R","T","R","?","E","?","?","R","BOSS"],"build_version":"2019-01-23","purchased_purges":1,"victory":false,"max_hp_per_floor":[71,71,71,71,71,71,71,71,71,71,71,71,71,71,71,71],"card_choices":[{"not_picked":["Stack","Barrage","Auto Shields"],"picked":"SKIP","floor":1},{"not_picked":["Steam Power","Melter"],"picked":"Genetic Algorithm","floor":5},{"not_picked":["Coolheaded","Gash"],"picked":"Go for the Eyes","floor":7},{"not_picked":["Sweeping Beam","Streamline"],"picked":"Ball Lightning","floor":12},{"not_picked":["Rebound","Sweeping Beam"],"picked":"Auto Shields","floor":14}],"player_experience":601025,"relics_obtained":[{"floor":9,"key":"Smiling Mask"},{"floor":12,"key":"Emotion Chip"}],"event_choices":[{"damage_healed":23,"gold_gain":0,"player_choice":"Banana","damage_taken":0,"max_hp_gain":0,"max_hp_loss":0,"event_name":"Big Fish","floor":3,"gold_loss":0},{"damage_healed":0,"gold_gain":0,"player_choice":"Bought 1 Potion","damage_taken":0,"max_hp_gain":0,"max_hp_loss":0,"event_name":"The Woman in Blue","floor":4,"gold_loss":0},{"damage_healed":0,"gold_gain":0,"cards_transformed":["Strike_B"],"player_choice":"Transformed","damage_taken":0,"max_hp_gain":0,"max_hp_loss":0,"event_name":"Transmorgrifier","floor":13,"gold_loss":0,"cards_obtained":["Redo"]}],"is_beta":false,"boss_relics":[],"items_purged_floors":[2],"is_endless":false,"potions_floor_spawned":[5,7],"killed_by":"Hexaghost","ascension_level":20}