{"gold_per_floor":[119,119,139,159,179,179,204,204,204,204,224,259,259,278,278,278],"floor_reached":16,"playtime":356,"items_purged":[],"score":204,"play_id":"13f2d71d-f75a-4bac-8e5c-dead96414e46","local_time":"20190617132406","is_ascension_mode":true,"campfire_choices":[{"data":"Bane","floor":6.0,"key":"SMITH"},{"floor":8.0,"key":"REST"},{"data":"Neutralize","floor":10.0,"key":"SMITH"},{"floor":15,"key":"REST"}],"neow_cost":"TEN_PERCENT_HP_LOSS","seed_source_timestamp":276514497422900,"circlet_count":0,"master_deck":["AscendersBane","Defend_G","Defend_G","Defend_G","Defend_G","Defend_G","Strike_G","Strike_G","Strike_G","Strike_G","Strike_G","Survivor","Neutralize+1","Backflip","Poisoned Stab","Bane+1","Poisoned Stab","Unload","Slice","Catalyst","Footwork"],"special_seed":0,"relics":["Ring of the Snake","Pocketwatch","Odd Mushroom","Torii","Nunchaku","Golden Idol"],"potions_floor_usage":[14],"damage_taken":[{"damage":4.0,"enemies":"Small Slimes","floor":1.0,"turns":4.0},{"damage":10.0,"enemies":"2 Louse","floor":3.0,"turns":3.0},{"damage":6.0,"enemies":"Jaw Worm","floor":4.0,"turns":5.0},{"damage":6.0,"enemies":"Looter","floor":5.0,"turns":3.0},{"damage":8.0,"enemies":"The Mushroom Lair","floor":7.0,"turns":5.0},{"damage":1.0,"enemies":"Exordium Thugs","floor":11.0,"turns":3.0},{"damage":2.0,"enemies":"3 Sentries","floor":12.0,"turns":6.0},{"damage":18,"enemies":"Large Slime","floor":14,"turns":2},{"damage":0,"enemies":"Hexaghost","floor":16,"turns":1}],"seed_played":"-4723145477825975865","potions_obtained":[{"floor":1.0,"key":"PowerPotion"},{"floor":7.0,"key":"SteroidPotion"},{"floor":11.0,"key":"Poison Potion"}],"is_trial":false,"path_per_floor":["M","?","M","M","M","R","?","R","T","R","M","E","?","M","R","B"],"character_chosen":"THE_SILENT","items_purchased":[],"campfire_rested":2,"item_purchase_floors":[],"current_hp_per_floor":[55,55,45,39,33,33,25,43,43,43,42,40,19,1,19,19],"gold":278,"neow_bonus":"ONE_RARE_RELIC","is_prod":false,"is_daily":false,"chose_seed":false,"campfire_upgraded":2,"win_rate":0,"timestamp":1560774246,"path_taken":["M","?","M","M","M","R","?","R","T","R","M","E","?","M","R","BOSS"],"build_version":"2019-01-23","purchased_purges":0,"victory":false,"max_hp_per_floor":[60,60,60,60,60,60,60,60,60,60,60,60,60,60,60,60],"card_choices":[{"not_picked":["Eviscerate","Prepared"],"picked":"Backflip","floor":1.0},{"not_picked":["Dagger Throw","Bane"],"picked":"Poisoned Stab","floor":3.0},{"not_picked":["Flying Knee","Acrobatics"],"picked":"Bane","floor":4.0},{"not_picked":["Outmaneuver","Setup"],"picked":"Poisoned Stab","floor":5.0},{"not_picked":["Poisoned Stab","Backflip"],"picked":"Unload","floor":7.0},{"not_picked":["Venomology","Riddle With Holes"],"picked":"Slice","floor":11.0},{"not_picked":["Flechettes","Underhanded Strike"],"picked":"Catalyst","floor":12.0},{"not_picked":["Slice","Dodge and Roll"],"picked":"Footwork","floor":14}],"player_experience":1472087,"relics_obtained":[{"floor":7.0,"key":"Odd Mushroom"},{"floor":9.0,"key":"Torii"},{"floor":12.0,"key":"Nunchaku"}],"event_choices":[{"damage_healed":0.0,"max_hp_gain":0.0,"max_hp_loss":0.0,"gold_gain":0.0,"event_name":"Liars Game","player_choice":"Ignored","floor":2.0,"gold_loss":0.0,"damage_taken":0.0},{"damage_healed":0.0,"max_hp_gain":0.0,"max_hp_loss":0.0,"gold_gain":0.0,"event_name":"Mushrooms","player_choice":"Fought Mushrooms","floor":7.0,"gold_loss":0.0,"damage_taken":0.0},{"damage_healed":0,"gold_gain":0,"player_choice":"Take Damage","damage_taken":21,"relics_obtained":["Golden Idol"],"max_hp_gain":0,"max_hp_loss":0,"event_name":"Golden Idol","floor":13,"gold_loss":0}],"is_beta":false,"boss_relics":[],"items_purged_floors":[],"is_endless":false,"potions_floor_spawned":[1,7,11],"killed_by":"Hexaghost","ascension_level":20}