{"gold_per_floor":[119,69,31,31,46,46,56,85,135,160,160,110,142,158,158,257,257,274,274,287,298,54,54],"floor_reached":23,"playtime":713,"items_purged":["Defend_R","Strike_R"],"score":230,"play_id":"5a92d60d-1905-4096-98af-759755453959","local_time":"20190115121217","is_ascension_mode":true,"campfire_choices":[{"data":"Dual Wield","floor":6,"key":"SMITH"},{"floor":11,"key":"REST"},{"floor":15,"key":"REST"}],"neow_cost":"NONE","seed_source_timestamp":470887055223362,"circlet_count":0,"master_deck":["Strike_R","Strike_R","Strike_R","Defend_R","Defend_R","Defend_R","Bash+1","Immolate","Clash","Dual Wield+1","Disarm","Shrug It Off","Searing Blow","Impervious","Spot Weakness+1","True Grit+1"],"relics":["Burning Blood","Strawberry","Smiling Mask","Bottled Lightning","Blood Vial","Fusion Hammer","Sling"],"potions_floor_usage":[16,16,16,23],"damage_taken":[{"damage":7,"enemies":"Jaw Worm","floor":1,"turns":3},{"damage":5,"enemies":"Small Slimes","floor":5,"turns":2},{"damage":0,"enemies":"Cultist","floor":7,"turns":2},{"damage":16,"enemies":"Gremlin Nob","floor":8,"turns":4},{"damage":31,"enemies":"Lagavulin","floor":10,"turns":4},{"damage":35,"enemies":"3 Sentries","floor":13,"turns":5},{"damage":11,"enemies":"Large Slime","floor":14,"turns":3},{"damage":21,"enemies":"Hexaghost","floor":16,"turns":8},{"damage":22,"enemies":"3 Byrds","floor":18,"turns":6},{"damage":0,"enemies":"Spheric Guardian","floor":20,"turns":3},{"damage":46,"enemies":"Centurion and Healer","floor":21,"turns":5},{"damage":26,"enemies":"Slavers","floor":23,"turns":3}],"seed_played":"-8018360172683952127","potions_obtained":[{"floor":5,"key":"Weak Potion"},{"floor":8,"key":"Strength Potion"},{"floor":14,"key":"Strength Potion"},{"floor":20,"key":"FearPotion"},{"floor":21,"key":"Explosive Potion"}],"is_trial":false,"path_per_floor":["M","?","$","?","M","R","M","E","T","E","R","$","E","M","R","B",null,"M","?","M","M","$","E"],"character_chosen":"IRONCLAD","items_purchased":["Dual Wield","Sling"],"campfire_rested":2,"item_purchase_floors":[3,22],"current_hp_per_floor":[79,79,79,79,80,80,80,77,77,52,78,78,49,46,72,59,87,71,54,62,24,24,0],"gold":54,"neow_bonus":"ONE_RANDOM_RARE_CARD","is_prod":false,"is_daily":false,"chose_seed":false,"campfire_upgraded":1,"win_rate":0,"timestamp":1547583137,"path_taken":["M","?","$","?","M","R","M","E","T","E","R","$","E","?","R","BOSS","M","?","M","M","$","E"],"build_version":"2019-01-10","purchased_purges":2,"victory":false,"max_hp_per_floor":[80,80,80,80,80,80,80,87,87,87,87,87,87,87,87,87,87,87,92,92,92,92,92],"card_choices":[{"not_picked":["Havoc","Perfected Strike"],"picked":"Clash","floor":1},{"not_picked":["Perfected Strike","Thunderclap","Cleave"],"picked":"SKIP","floor":5},{"not_picked":["Flex","Armaments","Feel No Pain"],"picked":"SKIP","floor":7},{"not_picked":["Flex","Burning Pact"],"picked":"Disarm","floor":8},{"not_picked":["Bloodletting","Sword Boomerang"],"picked":"Shrug It Off","floor":10},{"not_picked":["Twin Strike","True Grit"],"picked":"Searing Blow","floor":13},{"not_picked":["Sword Boomerang","Shockwave","Cleave"],"picked":"SKIP","floor":14},{"not_picked":["Immolate","Dark Embrace"],"picked":"Impervious","floor":16},{"not_picked":["Havoc+1","Perfected Strike"],"picked":"Spot Weakness+1","floor":18},{"not_picked":["Power Through","Heavy Blade"],"picked":"True Grit+1","floor":20},{"not_picked":["Perfected Strike","Seeing Red+1","Wild Strike"],"picked":"SKIP","floor":21}],"player_experience":132412,"relics_obtained":[{"floor":8,"key":"Strawberry"},{"floor":9,"key":"Smiling Mask"},{"floor":10,"key":"Bottled Lightning"},{"floor":13,"key":"Blood Vial"}],"event_choices":[{"cards_removed":["Strike_R"],"damage_healed":0,"gold_gain":0,"player_choice":"Card Removal","damage_taken":0,"max_hp_gain":0,"max_hp_loss":0,"event_name":"The Cleric","floor":2,"gold_loss":50},{"damage_healed":0,"gold_gain":0,"player_choice":"Upgraded","damage_taken":0,"max_hp_gain":0,"max_hp_loss":0,"event_name":"Upgrade Shrine","floor":4,"gold_loss":0,"cards_upgraded":["Bash"]},{"damage_healed":0,"gold_gain":0,"player_choice":"Shed Blood","damage_taken":22,"max_hp_gain":5,"max_hp_loss":0,"event_name":"Forgotten Altar","floor":19,"gold_loss":0}],"is_beta":false,"boss_relics":[{"not_picked":["Runic Cube","Pandora\u0027s Box"],"picked":"Fusion Hammer"}],"items_purged_floors":[12,22],"is_endless":false,"potions_floor_spawned":[5,8,14,20,21],"killed_by":"Slavers","ascension_level":2}