{"gold_per_floor":[114,214,224,239,258,291,312,97,149,149],"floor_reached":10,"playtime":833,"items_purged":[],"score":68,"play_id":"77b6e199-1788-4a77-be4a-54458999089d","local_time":"20190701193834","is_ascension_mode":false,"campfire_choices":[],"neow_cost":"NONE","seed_source_timestamp":375479606820600,"circlet_count":0,"master_deck":["Strike_B","Strike_B","Strike_B","Strike_B","Defend_B","Defend_B","Defend_B","Defend_B","Zap","Dualcast","Chaos","Hologram","Static Discharge","Compile Driver","White Noise","Redo","Buffer","Thunder Strike"],"relics":["Cracked Core","Pantograph","Odd Mushroom","Bronze Scales"],"potions_floor_usage":[7,10],"damage_taken":[{"damage":0,"enemies":"Jaw Worm","floor":1,"turns":5},{"damage":0,"enemies":"Cultist","floor":3,"turns":4},{"damage":8,"enemies":"2 Louse","floor":4,"turns":4},{"damage":20,"enemies":"Exordium Wildlife","floor":5,"turns":4},{"damage":21,"enemies":"3 Sentries","floor":6,"turns":6},{"damage":32,"enemies":"The Mushroom Lair","floor":7,"turns":5},{"damage":3,"enemies":"Lots of Slimes","floor":10,"turns":2}],"seed_played":"5432831219760207654","potions_obtained":[{"floor":3,"key":"SkillPotion"},{"floor":5,"key":"Block Potion"}],"is_trial":false,"path_per_floor":["M","?","M","M","M","E","?","$","T","M"],"character_chosen":"DEFECT","items_purchased":["Buffer","Thunder Strike"],"campfire_rested":0,"item_purchase_floors":[8,8],"current_hp_per_floor":[82,82,82,74,54,33,1,1,1,0],"gold":149,"neow_bonus":"TEN_PERCENT_HP_BONUS","is_prod":false,"is_daily":false,"chose_seed":false,"campfire_upgraded":0,"win_rate":0.0,"timestamp":1561977514,"path_taken":["M","?","M","?","M","E","?","?","T","M"],"build_version":"2019-01-23","purchased_purges":0,"victory":false,"max_hp_per_floor":[82,82,82,82,82,82,82,82,82,82],"card_choices":[{"not_picked":["Sweeping Beam","Ball Lightning"],"picked":"Chaos","floor":1},{"not_picked":["BootSequence","Beam Cell"],"picked":"Hologram","floor":3},{"not_picked":["Gash","Defragment"],"picked":"Static Discharge","floor":4},{"not_picked":["Coolheaded","Barrage"],"picked":"Compile Driver","floor":5},{"not_picked":["Hologram","Compile Driver"],"picked":"White Noise","floor":6},{"not_picked":["Force Field","Cold Snap"],"picked":"Redo","floor":7}],"player_experience":11561,"relics_obtained":[{"floor":6,"key":"Pantograph"},{"floor":7,"key":"Odd Mushroom"},{"floor":9,"key":"Bronze Scales"}],"event_choices":[{"damage_healed":0,"gold_gain":100,"player_choice":"Pray","damage_taken":0,"max_hp_gain":0,"max_hp_loss":0,"event_name":"Golden Shrine","floor":2,"gold_loss":0},{"damage_healed":0,"gold_gain":0,"player_choice":"Fought Mushrooms","damage_taken":0,"max_hp_gain":0,"max_hp_loss":0,"event_name":"Mushrooms","floor":7,"gold_loss":0}],"is_beta":false,"boss_relics":[],"items_purged_floors":[],"is_endless":false,"potions_floor_spawned":[3,5],"killed_by":"Lots of Slimes","ascension_level":0}