{"gold_per_floor":[109,127,127,53,71,101,101,101,125,156,156,174,174],"floor_reached":13,"playtime":294,"items_purged":[],"score":186,"play_id":"bb153dd5-af28-4ba9-b45d-0b91e2a4c3da","local_time":"20190616161549","is_ascension_mode":true,"campfire_choices":[{"data":"Neutralize","floor":8.0,"key":"SMITH"}],"neow_cost":"NONE","seed_source_timestamp":4334378847915078,"circlet_count":0,"master_deck":["AscendersBane","Defend_G","Defend_G","Defend_G","Defend_G","Defend_G","Strike_G","Strike_G","Strike_G","Strike_G","Survivor","Neutralize+1","All Out Attack+1","Sucker Punch","Setup","Dash","Adrenaline","Quick Slash","Deflect"],"special_seed":0,"relics":["Ring of the Snake","NeowsBlessing","Centennial Puzzle","Juzu Bracelet","Ginger"],"potions_floor_usage":[10,13],"damage_taken":[{"damage":0.0,"enemies":"Jaw Worm","floor":1.0,"turns":1.0},{"damage":0.0,"enemies":"Cultist","floor":2.0,"turns":1.0},{"damage":0.0,"enemies":"2 Louse","floor":5.0,"turns":1.0},{"damage":47.0,"enemies":"Gremlin Nob","floor":6.0,"turns":6.0},{"damage":12,"enemies":"3 Sentries","floor":10,"turns":7},{"damage":10,"enemies":"Large Slime","floor":12,"turns":5},{"damage":13,"enemies":"Gremlin Nob","floor":13,"turns":3}],"seed_played":"-8406175348262465449","potions_obtained":[{"floor":2.0,"key":"Explosive Potion"},{"floor":12,"key":"Strength Potion"}],"is_trial":false,"path_per_floor":["M","M","?","$","M","E","?","R","T","E","?","M","E"],"character_chosen":"THE_SILENT","items_purchased":["Dash"],"campfire_rested":0,"item_purchase_floors":[4],"current_hp_per_floor":[59,59,59,59,59,12,34,34,34,22,22,12,0],"gold":174,"neow_bonus":"THREE_ENEMY_KILL","is_prod":false,"is_daily":false,"chose_seed":false,"campfire_upgraded":1,"win_rate":0,"timestamp":1560716149,"path_taken":["M","M","?","$","?","E","?","R","T","E","?","M","E"],"build_version":"2019-01-23","purchased_purges":0,"victory":false,"max_hp_per_floor":[66,66,66,66,66,66,66,66,66,66,66,66,66],"card_choices":[{"not_picked":["Dagger Spray","Bane"],"picked":"All Out Attack","floor":1.0},{"not_picked":["Prepared","Acrobatics"],"picked":"Sucker Punch","floor":2.0},{"not_picked":["Underhanded Strike","Expertise"],"picked":"Adrenaline","floor":5.0},{"not_picked":["PiercingWail","Catalyst"],"picked":"Quick Slash","floor":6.0},{"not_picked":["Slice","Quick Slash"],"picked":"Deflect","floor":10},{"not_picked":["Bane","Expertise","Finisher"],"picked":"SKIP","floor":12}],"player_experience":742774,"relics_obtained":[{"floor":6.0,"key":"Centennial Puzzle"},{"floor":9.0,"key":"Juzu Bracelet"},{"floor":10,"key":"Ginger"}],"event_choices":[{"damage_healed":0.0,"max_hp_gain":0.0,"max_hp_loss":0.0,"gold_gain":0.0,"cards_transformed":["Strike_G"],"event_name":"Transmorgrifier","player_choice":"Transformed","floor":3.0,"gold_loss":0.0,"damage_taken":0.0,"cards_obtained":["Setup"]},{"damage_healed":22.0,"max_hp_gain":0.0,"max_hp_loss":0.0,"gold_gain":0.0,"event_name":"Big Fish","player_choice":"Banana","floor":7.0,"gold_loss":0.0,"damage_taken":0.0},{"damage_healed":0,"gold_gain":0,"player_choice":"Grow","damage_taken":0,"max_hp_gain":0,"max_hp_loss":0,"event_name":"Living Wall","floor":11,"gold_loss":0,"cards_upgraded":["All Out Attack"]}],"is_beta":false,"boss_relics":[],"items_purged_floors":[],"is_endless":false,"potions_floor_spawned":[2,12],"killed_by":"Gremlin Nob","ascension_level":20}