{"path_per_floor":["M","M","M","?","?","R","E","R","T","R","$","?","?","M","R","B",null,"M","M","?","M","$","R","E","R","T","?","R","M","?","M","R"],"character_chosen":"THE_SILENT","items_purchased":["Footwork"],"gold_per_floor":[111,126,137,137,137,137,166,166,166,166,16,0,24,39,39,139,139,150,164,164,184,84,84,110,110,110,35,35,45,45,60,60],"floor_reached":33,"campfire_rested":7,"playtime":3399,"current_hp_per_floor":[85,80,75,75,75,75,21,48,48,75,75,75,68,61,88,66,91,87,59,59,59,59,86,28,55,55,55,82,47,47,47,74],"items_purged":["Normality","Injury"],"gold":60,"play_id":"aa429c06-9b0b-419a-a6bd-8dbcd31dac81","is_prod":false,"is_daily":false,"is_ascension_mode":false,"campfire_upgraded":1,"path_taken":["M","M","?","?","?","R","E","R","T","R","$","?","?","M","R","BOSS","M","M","?","M","$","R","E","R","T","?","R","M","?","M","R","BOSS"],"build_version":"2018-01-29-BETA1","purchased_purges":2,"victory":false,"master_deck":["Defend_G+1","Defend_G+1","Defend_G+1","Defend_G+1","Defend_G+1","Strike_G+1","Strike_G+1","Strike_G+1","Strike_G+1","Strike_G+1","Survivor","Neutralize+1","Backflip","Flying Knee","Choke","Flying Knee","Footwork","Prepared","Outmaneuver","Die Die Die","Prepared+1","Predator","Distraction","Flechettes+1","Dagger Throw"],"max_hp_per_floor":[91,91,91,91,91,91,91,91,91,91,91,91,91,91,91,91,91,91,91,91,91,91,91,91,91,91,91,91,91,91,91,91],"relics":["Calling Bell","Mango","Matryoshka","Strawberry","Ninja Scroll","Bottled Flame","Thread and Needle","Odd Mushroom","Question Card","Pantograph","Bag of Preparation","Juzu Bracelet"],"card_choices":[{"not_picked":["Caltrops","Infinite Blades"],"picked":"Backflip"},{"not_picked":["Dodge and Roll","Well Laid Plans"],"picked":"Flying Knee"},{"not_picked":["Endless Agony","Malaise"],"picked":"Choke"},{"not_picked":["All Out Attack","Backflip"],"picked":"Flying Knee"},{"not_picked":["Poisoned Stab","Outmaneuver"],"picked":"Prepared"},{"not_picked":["Quick Slash","Infinite Blades"],"picked":"Outmaneuver"},{"not_picked":["A Thousand Cuts","Phantasmal Killer"],"picked":"Die Die Die"},{"not_picked":["Dagger Throw","Deflect","Calculated Gamble"],"picked":"Prepared"},{"not_picked":["Dodge and Roll","Skewer","Dagger Spray"],"picked":"Predator"},{"not_picked":["Dagger Throw","Riddle With Holes","Noxious Fumes"],"picked":"Distraction"},{"not_picked":["Endless Agony","Sucker Punch","Deflect"],"picked":"Flechettes"},{"not_picked":["Bane","Acrobatics","Envenom"],"picked":"Dagger Throw"}],"player_experience":16442,"potions_floor_usage":[7,7,21,24],"damage_taken":[{"damage":6,"enemies":"Blue Slaver","floor":1,"turns":8},{"damage":5,"enemies":"2 Louse","floor":2,"turns":4},{"damage":5,"enemies":"Small Slimes","floor":3,"turns":4},{"damage":54,"enemies":"Lagavulin","floor":7,"turns":13},{"damage":7,"enemies":"The Mushroom Lair","floor":13,"turns":5},{"damage":7,"enemies":"3 Louse","floor":14,"turns":3},{"damage":22,"enemies":"The Guardian","floor":16,"turns":18},{"damage":4,"enemies":"Chosen","floor":18,"turns":8},{"damage":28,"enemies":"Spheric Guardian","floor":19,"turns":8},{"damage":0,"enemies":"Chosen and Byrds","floor":21,"turns":7},{"damage":58,"enemies":"Book of Stabbing","floor":24,"turns":10},{"damage":35,"enemies":"Cultist and Chosen","floor":29,"turns":8},{"damage":0,"enemies":"Snake Plant","floor":31,"turns":7},{"damage":97,"enemies":"Automaton","floor":33,"turns":10}],"event_choices":[{"event_name":"Living Wall","player_choice":"Change","floor":4,"damage_taken":0},{"event_name":"Liars Game","player_choice":"disagreed","floor":5,"damage_taken":0},{"event_name":"World of Goop","player_choice":"Left","floor":12,"damage_taken":0},{"event_name":"Mushrooms","player_choice":"Fought Mushrooms","floor":13,"damage_taken":0},{"event_name":"Addict","player_choice":"Ignored","floor":20,"damage_taken":0},{"event_name":"Beggar","player_choice":"Gave Gold","floor":27,"damage_taken":0},{"event_name":"Back to Basics","player_choice":"Simplicity","floor":30,"damage_taken":0}],"boss_relics":[{"not_picked":["Runic Pyramid","Runic Dome"],"picked":"Question Card"}],"potions_floor_spawned":[1,2,18,19],"seed_played":"5270477267932907798","killed_by":"Automaton","ascension_level":0,"is_trial":false}