{"gold_per_floor":[217,217,234,234,309,309,335,335,335,349,349,362,392,402,402,481,481,491,416,516,516],"floor_reached":21,"playtime":681,"items_purged":[],"score":334,"play_id":"c2c8970b-3494-4506-8323-87c6da8ea864","local_time":"20190420165217","is_ascension_mode":true,"campfire_choices":[{"data":"Neutralize","floor":6.0,"key":"SMITH"},{"floor":11.0,"key":"REST"},{"floor":15,"key":"REST"}],"neow_cost":"NONE","seed_source_timestamp":10376948009200094,"circlet_count":0,"master_deck":["AscendersBane","Defend_G","Defend_G","Defend_G","Defend_G","Defend_G","Strike_G","Strike_G","Strike_G","Strike_G","Survivor","Neutralize+1","Dodge and Roll","Poisoned Stab+1","Flying Knee","Sucker Punch","Flying Knee","Poisoned Stab","Corpse Explosion","Poisoned Stab"],"special_seed":0,"relics":["Ring of the Snake","Odd Mushroom","Incense Burner","Regal Pillow","Eternal Feather","Ginger","Question Card"],"potions_floor_usage":[20,20],"damage_taken":[{"damage":1.0,"enemies":"2 Louse","floor":1.0,"turns":4.0},{"damage":7.0,"enemies":"Small Slimes","floor":3.0,"turns":4.0},{"damage":29.0,"enemies":"The Mushroom Lair","floor":7.0,"turns":6.0},{"damage":0.0,"enemies":"Cultist","floor":10.0,"turns":3.0},{"damage":14.0,"enemies":"Large Slime","floor":12.0,"turns":6.0},{"damage":3,"enemies":"Blue Slaver","floor":14,"turns":5},{"damage":29,"enemies":"The Guardian","floor":16,"turns":13},{"damage":0,"enemies":"Chosen","floor":18,"turns":5},{"damage":25,"enemies":"Colosseum Slavers","floor":20,"turns":3},{"damage":13,"enemies":"Colosseum Nobs","floor":20,"turns":4},{"damage":17,"enemies":"Spheric Guardian","floor":21,"turns":7}],"seed_played":"-8771310510019909681","potions_obtained":[{"floor":14,"key":"GhostInAJar"},{"floor":16,"key":"Poison Potion"}],"is_trial":false,"path_per_floor":["M","?","M","$","?","R","?","?","T","M","R","M","?","M","R","B",null,"M","?","?","M"],"character_chosen":"THE_SILENT","items_purchased":[],"campfire_rested":2,"item_purchase_floors":[],"current_hp_per_floor":[58,58,51,51,40,40,11,11,11,11,30,16,16,13,47,18,54,54,54,16,0],"gold":516,"neow_bonus":"HUNDRED_GOLD","is_prod":false,"is_daily":false,"chose_seed":false,"campfire_upgraded":1,"win_rate":0,"timestamp":1555793537,"path_taken":["M","?","M","$","?","R","?","?","T","M","R","?","?","M","R","BOSS","M","?","?","M"],"build_version":"2019-01-23","purchased_purges":0,"victory":false,"max_hp_per_floor":[66,66,66,66,66,66,66,66,66,66,66,66,66,66,66,66,66,66,66,66,66],"card_choices":[{"not_picked":["Backflip","Prepared"],"picked":"Dodge and Roll","floor":1.0},{"not_picked":["Backflip","Die Die Die"],"picked":"Poisoned Stab","floor":3.0},{"not_picked":["Blade Dance","Prepared"],"picked":"Flying Knee","floor":7.0},{"not_picked":["Slice","Dagger Spray"],"picked":"Sucker Punch","floor":10.0},{"not_picked":["Deflect","Expertise"],"picked":"Flying Knee","floor":12.0},{"not_picked":["Blade Dance","Dagger Spray"],"picked":"Poisoned Stab","floor":14},{"not_picked":["Glass Knife","Unload"],"picked":"Corpse Explosion","floor":16},{"not_picked":["Acrobatics","Prepared","Dagger Throw"],"picked":"SKIP","floor":18},{"not_picked":["Reflex","Expertise"],"picked":"Poisoned Stab","floor":20}],"player_experience":650403,"relics_obtained":[{"floor":7.0,"key":"Odd Mushroom"},{"floor":9.0,"key":"Incense Burner"},{"floor":20,"key":"Ginger"},{"floor":20,"key":"Question Card"}],"event_choices":[{"damage_healed":0.0,"max_hp_gain":0.0,"max_hp_loss":0.0,"gold_gain":0.0,"event_name":"Golden Idol","player_choice":"Ignored","floor":2.0,"gold_loss":0.0,"damage_taken":0.0},{"damage_healed":0.0,"max_hp_gain":0.0,"max_hp_loss":0.0,"gold_gain":75.0,"event_name":"World of Goop","player_choice":"Gather Gold","floor":5.0,"gold_loss":0.0,"damage_taken":11.0},{"damage_healed":0.0,"max_hp_gain":0.0,"max_hp_loss":0.0,"gold_gain":0.0,"event_name":"Mushrooms","player_choice":"Fought Mushrooms","floor":7.0,"gold_loss":0.0,"damage_taken":0.0},{"damage_healed":0.0,"max_hp_gain":0.0,"max_hp_loss":0.0,"gold_gain":0.0,"event_name":"Upgrade Shrine","player_choice":"Upgraded","floor":8.0,"gold_loss":0.0,"damage_taken":0.0,"cards_upgraded":["Poisoned Stab"]},{"damage_healed":0,"gold_gain":30,"player_choice":"Searched \u00272\u0027 times","damage_taken":0,"relics_obtained":["Regal Pillow"],"max_hp_gain":0,"max_hp_loss":0,"event_name":"Dead Adventurer","floor":13,"gold_loss":0},{"cards_removed":["Strike_G"],"damage_healed":0,"gold_gain":0,"player_choice":"Gave Gold","damage_taken":0,"max_hp_gain":0,"max_hp_loss":0,"event_name":"Beggar","floor":19,"gold_loss":75},{"damage_healed":0,"gold_gain":0,"player_choice":"Fight","damage_taken":0,"max_hp_gain":0,"max_hp_loss":0,"event_name":"Colosseum","floor":20,"gold_loss":0},{"damage_healed":0,"gold_gain":0,"player_choice":"Fought Nobs","damage_taken":0,"max_hp_gain":0,"max_hp_loss":0,"event_name":"Colosseum","floor":20,"gold_loss":0}],"is_beta":false,"boss_relics":[{"not_picked":["Runic Dome","Busted Crown"],"picked":"Eternal Feather"}],"items_purged_floors":[],"is_endless":false,"potions_floor_spawned":[14,16],"killed_by":"Spheric Guardian","ascension_level":20}