{"gold_per_floor":[109,109,128,47,65,95,95,123,135,147,186,217,248,294,306,416,428,456,479,260,260],"floor_reached":21,"playtime":847,"items_purged":["Strike_R"],"score":334,"play_id":"2a49082e-7abc-4236-b941-40e1b32cdc78","local_time":"20190111213500","is_ascension_mode":true,"campfire_choices":[{"data":"Enlightenment","floor":7.0,"key":"SMITH"},{"floor":10.0,"key":"REST"},{"floor":15.0,"key":"REST"}],"neow_cost":"NONE","seed_source_timestamp":1846018027195118,"circlet_count":0,"master_deck":["AscendersBane","Strike_R","Defend_R","Defend_R","Defend_R","Defend_R","Bash","Sword Boomerang","Clothesline+1","Enlightenment+1","Disarm","Reaper+1","Anger+1","Cleave+1","Reaper+1","Shrug It Off","Pommel Strike+1","Feed+1","Power Through+1","Spot Weakness+1","Berserk+1","Whirlwind+1","Twin Strike+1"],"special_seed":0,"relics":["Burning Blood","Ancient Tea Set","Molten Egg 2","Bottled Lightning","MawBank","Question Card","Juzu Bracelet","Art of War","Astrolabe","Happy Flower"],"potions_floor_usage":[21],"damage_taken":[{"damage":5.0,"enemies":"Small Slimes","floor":1.0,"turns":4.0},{"damage":16.0,"enemies":"Cultist","floor":3.0,"turns":4.0},{"damage":7.0,"enemies":"Jaw Worm","floor":5.0,"turns":3.0},{"damage":34.0,"enemies":"Lagavulin","floor":6.0,"turns":9.0},{"damage":28.0,"enemies":"3 Sentries","floor":8.0,"turns":11.0},{"damage":34.0,"enemies":"Gremlin Nob","floor":11.0,"turns":5.0},{"damage":4.0,"enemies":"Exordium Thugs","floor":12.0,"turns":3.0},{"damage":11.0,"enemies":"Blue Slaver","floor":13.0,"turns":4.0},{"damage":23.0,"enemies":"Lagavulin","floor":14.0,"turns":7.0},{"damage":44.0,"enemies":"Slime Boss","floor":16.0,"turns":12.0},{"damage":55.0,"enemies":"3 Byrds","floor":18.0,"turns":7.0},{"damage":27.0,"enemies":"Chosen","floor":19.0,"turns":7.0},{"damage":33,"enemies":"Snecko","floor":21,"turns":5}],"seed_played":"-1931656797551588721","potions_obtained":[{"floor":1.0,"key":"Explosive Potion"},{"floor":6.0,"key":"PowerPotion"},{"floor":11.0,"key":"Explosive Potion"},{"floor":12.0,"key":"SpeedPotion"},{"floor":16.0,"key":"SpeedPotion"},{"floor":18.0,"key":"Ancient Potion"},{"floor":19.0,"key":"Ancient Potion"}],"is_trial":false,"path_per_floor":["M","?","M","$","M","E","R","E","T","R","E","M","M","E","R","B",null,"M","M","$","M"],"character_chosen":"IRONCLAD","items_purchased":["Enlightenment","Happy Flower"],"campfire_rested":2,"item_purchase_floors":[4,20],"current_hp_per_floor":[73,73,63,63,62,34,34,24,24,48,25,27,31,26,50,29,67,39,21,21,0],"gold":260,"neow_bonus":"RANDOM_COMMON_RELIC","is_prod":false,"is_daily":false,"chose_seed":false,"campfire_upgraded":1,"win_rate":0,"timestamp":1547260500,"path_taken":["M","?","M","$","M","E","R","E","T","R","E","M","M","E","R","BOSS","M","M","$","M"],"build_version":"2019-01-10","purchased_purges":1,"victory":false,"max_hp_per_floor":[80,80,80,80,80,80,80,80,80,80,80,80,80,80,80,80,80,84,84,84,84],"card_choices":[{"not_picked":["Inflame","Pommel Strike"],"picked":"Sword Boomerang","floor":1.0},{"not_picked":["Pommel Strike+1","Iron Wave+1"],"picked":"Clothesline+1","floor":3.0},{"not_picked":["Body Slam+1","Rupture"],"picked":"Disarm","floor":5.0},{"not_picked":["Second Wind","Seeing Red"],"picked":"Reaper+1","floor":6.0},{"not_picked":["Clothesline+1","Bludgeon+1"],"picked":"Anger+1","floor":8.0},{"not_picked":["Thunderclap+1","Heavy Blade+1","Headbutt+1"],"picked":"Cleave+1","floor":11.0},{"not_picked":["Body Slam+1","Armaments","Evolve"],"picked":"Reaper+1","floor":12.0},{"not_picked":["Havoc","Sword Boomerang+1","Anger+1"],"picked":"Shrug It Off","floor":13.0},{"not_picked":["Second Wind","Infernal Blade","Disarm"],"picked":"Pommel Strike+1","floor":14.0},{"not_picked":["Limit Break","Impervious","Fiend Fire+1"],"picked":"Feed+1","floor":16.0},{"not_picked":["Intimidate","Sword Boomerang+1","Reckless Charge+1"],"picked":"Whirlwind+1","floor":18.0},{"not_picked":["Flex","Sever Soul+1","Intimidate"],"picked":"Twin Strike+1","floor":19.0}],"player_experience":552538,"relics_obtained":[{"floor":6.0,"key":"Bottled Lightning"},{"floor":8.0,"key":"MawBank"},{"floor":9.0,"key":"Question Card"},{"floor":11.0,"key":"Juzu Bracelet"},{"floor":14.0,"key":"Art of War"}],"event_choices":[{"damage_healed":0.0,"max_hp_gain":0.0,"max_hp_loss":0.0,"gold_gain":0.0,"event_name":"WeMeetAgain","player_choice":"Gave Potion","floor":2.0,"gold_loss":0.0,"damage_taken":0.0,"relics_obtained":["Molten Egg 2"]}],"is_beta":false,"boss_relics":[{"not_picked":["White Beast Statue","Calling Bell"],"picked":"Astrolabe"}],"items_purged_floors":[20],"is_endless":false,"potions_floor_spawned":[1,6,11,12,16,18,19],"killed_by":"Snecko","ascension_level":12}