{"gold_per_floor":[115,134,147,197,92,92,112,144,144,158,176,176,176,186,186,263,263,275,37,0,10,10,10,27,61,61,9,9],"floor_reached":28,"playtime":1032,"items_purged":["Strike_B"],"score":444,"play_id":"a44f55aa-b0cb-47da-bbf4-5e7bd1507803","local_time":"20180831120500","is_ascension_mode":true,"campfire_choices":[{"data":"Zap","floor":6.0,"key":"SMITH"},{"floor":12.0,"key":"REST"},{"data":"Hologram","floor":15.0,"key":"SMITH"},{"data":"Echo Form","floor":23.0,"key":"SMITH"}],"neow_cost":"","seed_source_timestamp":0,"circlet_count":0,"master_deck":["Strike_B","Strike_B","Strike_B","Defend_B","Defend_B","Defend_B","Defend_B","Zap+1","Dualcast","AscendersBane","Hologram+1","Sweeping Beam","Reinforced Body","Ball Lightning","Leap","Glacier+1","Steam","Conserve Battery","Stack","Biased Cognition","Echo Form+1","Sunder","Core Surge","Reinforced Body","Cold Snap"],"special_seed":0,"relics":["Cracked Core","DataDisk","Art of War","Nuclear Battery","Question Card","Omamori"],"potions_floor_usage":[25],"damage_taken":[{"damage":4.0,"enemies":"Small Slimes","floor":1.0,"turns":4.0},{"damage":6.0,"enemies":"Cultist","floor":2.0,"turns":3.0},{"damage":24.0,"enemies":"Jaw Worm","floor":3.0,"turns":4.0},{"damage":7.0,"enemies":"3 Louse","floor":7.0,"turns":4.0},{"damage":12.0,"enemies":"Lagavulin","floor":8.0,"turns":7.0},{"damage":0.0,"enemies":"2 Fungi Beasts","floor":10.0,"turns":3.0},{"damage":0.0,"enemies":"Red Slaver","floor":11.0,"turns":4.0},{"damage":0.0,"enemies":"Large Slime","floor":14.0,"turns":6.0},{"damage":16.0,"enemies":"Hexaghost","floor":16.0,"turns":12.0},{"damage":0.0,"enemies":"Shell Parasite","floor":18.0,"turns":7.0},{"damage":11.0,"enemies":"2 Thieves","floor":21.0,"turns":4.0},{"damage":14.0,"enemies":"Chosen and Byrds","floor":24.0,"turns":5.0},{"damage":18,"enemies":"Slavers","floor":25,"turns":6},{"damage":23,"enemies":"Shelled Parasite and Fungi","floor":28,"turns":2}],"seed_played":"-3180502211342606364","potions_obtained":[{"floor":2.0,"key":"Strength Potion"},{"floor":7.0,"key":"PowerPotion"},{"floor":8.0,"key":"SpeedPotion"},{"floor":14.0,"key":"Regen Potion"},{"floor":21.0,"key":"Poison Potion"},{"floor":25,"key":"SpeedPotion"}],"is_trial":false,"path_per_floor":["M","M","M","?","$","R","M","E","T","M","M","R","?","M","R","B",null,"M","$","?","M","?","R","M","E","T","$"],"character_chosen":"DEFECT","items_purchased":["Ball Lightning","Leap","Core Surge","Cold Snap"],"campfire_rested":1,"item_purchase_floors":[5,5,19,27],"current_hp_per_floor":[60,54,30,30,30,30,23,11,11,11,11,32,32,32,32,31,61,61,61,61,50,50,50,36,18,18,18,0],"gold":9,"neow_bonus":"","is_prod":false,"is_daily":false,"chose_seed":false,"campfire_upgraded":3,"win_rate":0,"timestamp":1535731500,"path_taken":["M","M","M","?","$","R","?","E","T","M","M","R","?","M","R","BOSS","M","$","?","?","?","R","?","E","T","?","?"],"build_version":"2018-08-30","purchased_purges":1,"victory":false,"max_hp_per_floor":[71,71,71,71,71,71,71,71,71,71,71,71,71,71,71,71,71,71,71,71,71,71,71,71,71,71,71,71],"card_choices":[{"not_picked":["Gash","Redo"],"picked":"Hologram","floor":1.0},{"not_picked":["Stack","Consume"],"picked":"Sweeping Beam","floor":2.0},{"not_picked":["Stack","Sweeping Beam"],"picked":"Reinforced Body","floor":3.0},{"not_picked":["Go for the Eyes","Static Discharge"],"picked":"Glacier","floor":7.0},{"not_picked":["Coolheaded","Barrage"],"picked":"Steam","floor":8.0},{"not_picked":["Stack","Scrape"],"picked":"Conserve Battery","floor":10.0},{"not_picked":["Gash","Aggregate"],"picked":"Stack","floor":11.0},{"not_picked":["Go for the Eyes","Beam Cell"],"picked":"Biased Cognition","floor":14.0},{"not_picked":["Amplify","Meteor Strike"],"picked":"Echo Form","floor":16.0},{"not_picked":["Leap+1","Lockon"],"picked":"Sunder","floor":18.0},{"not_picked":["Barrage","Sunder","Streamline+1"],"picked":"SKIP","floor":21.0},{"not_picked":["Sunder","Turbo"],"picked":"Reinforced Body","floor":24.0},{"not_picked":["Gash","Fusion","Tempest"],"picked":"SKIP","floor":25}],"player_experience":290020,"relics_obtained":[{"floor":8.0,"key":"DataDisk"},{"floor":9.0,"key":"Art of War"},{"floor":25,"key":"Question Card"},{"floor":26,"key":"Omamori"}],"event_choices":[{"event_name":"Golden Shrine","player_choice":"Pray","floor":4.0,"damage_taken":0.0},{"event_name":"Upgrade Shrine","player_choice":"Upgraded","floor":13.0,"damage_taken":0.0},{"event_name":"Masked Bandits","player_choice":"Paid Fearfully","floor":20.0,"damage_taken":0.0},{"event_name":"The Mausoleum","player_choice":"No","floor":22.0,"damage_taken":0.0}],"is_beta":false,"boss_relics":[{"not_picked":["Velvet Choker","Orrery"],"picked":"Nuclear Battery"}],"items_purged_floors":[19],"is_endless":false,"potions_floor_spawned":[2,7,8,14,21,25],"killed_by":"Shelled Parasite and Fungi","ascension_level":17}