{"gold_per_floor":[119,119,131,158,177,177,212,230,230,259,273,273,292,292,292,366,366,384,5,5,5,5,5,25,25],"floor_reached":25,"playtime":1928,"items_purged":["Blade Dance"],"score":422,"play_id":"d3c0cac1-cc50-477b-a186-654b97b8787f","local_time":"20190626144928","is_ascension_mode":true,"campfire_choices":[{"data":"Dash","floor":6,"key":"SMITH"},{"data":"Survivor","floor":12,"key":"SMITH"},{"floor":15,"key":"REST"},{"data":"Wraith Form v2","floor":23,"key":"SMITH"}],"neow_cost":"NONE","seed_source_timestamp":191677141165600,"circlet_count":0,"master_deck":["AscendersBane","Survivor+1","Neutralize+1","Backflip","Dagger Spray","Dash+1","Dagger Throw+1","Slice","Skewer+1","Poisoned Stab+1","Deflect","Glass Knife+1","Heel Hook+1","Wraith Form v2+1","Prepared","Blade Dance","Acrobatics","Footwork","A Thousand Cuts","Blur","Cloak And Dagger","Noxious Fumes","Backstab+1","Dagger Spray+1","Ghostly","Ghostly","Ghostly","Footwork+1"],"relics":["Ring of the Snake","NeowsBlessing","Bag of Preparation","Molten Egg 2","Matryoshka","Pandora\u0027s Box","Lantern","Nloth\u0027s Gift"],"potions_floor_usage":[7,10,16,24,25],"damage_taken":[{"damage":0,"enemies":"2 Louse","floor":1,"turns":1},{"damage":0,"enemies":"Cultist","floor":3,"turns":1},{"damage":0,"enemies":"Small Slimes","floor":5,"turns":1},{"damage":5,"enemies":"3 Sentries","floor":7,"turns":7},{"damage":0,"enemies":"Looter","floor":8,"turns":4},{"damage":12,"enemies":"Lagavulin","floor":10,"turns":5},{"damage":0,"enemies":"Large Slime","floor":11,"turns":6},{"damage":0,"enemies":"3 Louse","floor":13,"turns":4},{"damage":4,"enemies":"The Guardian","floor":16,"turns":13},{"damage":9,"enemies":"2 Thieves","floor":18,"turns":4},{"damage":23,"enemies":"Shell Parasite","floor":24,"turns":7},{"damage":27,"enemies":"Gremlin Leader","floor":25,"turns":5}],"seed_played":"6537844095029279924","potions_obtained":[{"floor":3,"key":"SteroidPotion"},{"floor":7,"key":"FearPotion"},{"floor":11,"key":"PowerPotion"},{"floor":16,"key":"Regen Potion"}],"is_trial":false,"path_per_floor":["M","?","M","T","M","R","E","M","T","E","M","R","M","?","R","B",null,"M","$","?","?","?","R","M","E"],"character_chosen":"THE_SILENT","items_purchased":["Backstab+1","Lantern","SteroidPotion"],"campfire_rested":1,"item_purchase_floors":[19,19,19],"current_hp_per_floor":[59,59,59,59,59,59,54,54,54,42,42,42,42,22,41,37,59,50,50,50,33,33,33,23,0],"gold":25,"neow_bonus":"THREE_ENEMY_KILL","is_prod":false,"is_daily":false,"chose_seed":false,"campfire_upgraded":3,"win_rate":0,"timestamp":1561574968,"path_taken":["M","?","?","?","M","R","E","M","T","E","M","R","?","?","R","BOSS","M","$","?","?","?","R","?","E"],"build_version":"2019-01-23","purchased_purges":1,"victory":false,"max_hp_per_floor":[66,66,66,66,66,66,66,66,66,66,66,66,66,66,66,66,66,66,66,66,33,33,33,33,33],"card_choices":[{"not_picked":["Prepared","Outmaneuver"],"picked":"Backflip","floor":1},{"not_picked":["Backflip","Dodge and Roll"],"picked":"Dagger Spray","floor":3},{"not_picked":["Bane","Backstab"],"picked":"Dash","floor":5},{"not_picked":["Acrobatics","Catalyst"],"picked":"Dagger Throw","floor":7},{"not_picked":["Prepared","Reflex"],"picked":"Slice","floor":8},{"not_picked":["Slice+1","Underhanded Strike+1"],"picked":"Skewer+1","floor":10},{"not_picked":["Blade Dance","Underhanded Strike+1"],"picked":"Poisoned Stab+1","floor":11},{"not_picked":["Endless Agony+1","Storm of Steel"],"picked":"Deflect","floor":13},{"not_picked":["Storm of Steel","A Thousand Cuts"],"picked":"Glass Knife+1","floor":16},{"not_picked":["Flechettes+1","Acrobatics"],"picked":"Noxious Fumes","floor":18},{"not_picked":["Poisoned Stab+1","Prepared"],"picked":"Footwork+1","floor":24}],"player_experience":2167736,"relics_obtained":[{"floor":4,"key":"Bag of Preparation"},{"floor":7,"key":"Centennial Puzzle"},{"floor":9,"key":"Molten Egg 2"},{"floor":10,"key":"Matryoshka"}],"event_choices":[{"damage_healed":0,"gold_gain":0,"player_choice":"Upgraded","damage_taken":0,"max_hp_gain":0,"max_hp_loss":0,"event_name":"Upgrade Shrine","floor":2,"gold_loss":0,"cards_upgraded":["Neutralize"]},{"damage_healed":0,"gold_gain":0,"player_choice":"Entered Light","damage_taken":20,"max_hp_gain":0,"max_hp_loss":0,"event_name":"Shining Light","floor":14,"gold_loss":0,"cards_upgraded":["Defend_G","Dagger Throw"]},{"damage_healed":0,"gold_gain":0,"player_choice":"Read","damage_taken":0,"max_hp_gain":0,"max_hp_loss":0,"event_name":"The Library","floor":20,"gold_loss":0,"cards_obtained":["Dagger Spray"]},{"damage_healed":0,"gold_gain":0,"player_choice":"Became a Ghost","damage_taken":0,"max_hp_gain":0,"max_hp_loss":33,"event_name":"Ghosts","floor":21,"gold_loss":0,"cards_obtained":["Ghostly","Ghostly","Ghostly"]},{"damage_healed":0,"gold_gain":0,"player_choice":"Traded Relic","damage_taken":0,"relics_obtained":["Nloth\u0027s Gift"],"max_hp_gain":0,"max_hp_loss":0,"event_name":"N\u0027loth","floor":22,"relics_lost":["Centennial Puzzle"],"gold_loss":0}],"is_beta":false,"boss_relics":[{"not_picked":["Fusion Hammer","Snecko Eye"],"picked":"Pandora\u0027s Box"}],"items_purged_floors":[19],"is_endless":false,"potions_floor_spawned":[3,7,11,16],"killed_by":"Gremlin Leader","ascension_level":20}