{"gold_per_floor":[10,20,20,32,107,107,138,138,138,138,157,28,51,86,86,184,214,214],"floor_reached":18,"playtime":541,"items_purged":[],"score":390,"play_id":"fb59d740-603d-4ce4-9ddd-d1edeff8a557","local_time":"20190618132822","is_ascension_mode":true,"campfire_choices":[{"floor":6.0,"key":"REST"},{"floor":8.0,"key":"REST"},{"floor":15.0,"key":"REST"}],"neow_cost":"NO_GOLD","seed_source_timestamp":362983740239100,"circlet_count":0,"master_deck":["AscendersBane","Defend_G","Defend_G","Defend_G","Defend_G","Strike_G","Strike_G","Strike_G","Strike_G","Survivor","Neutralize","Caltrops","Noxious Fumes","Dagger Spray","Envenom","Deadly Poison","Predator","Escape Plan","Backflip","Quick Slash","Venomology","Writhe","Regret","Regret"],"special_seed":0,"relics":["Ring of the Snake","StoneCalendar","Vajra","Paper Crane","Golden Idol","Regal Pillow","Calling Bell","Tiny Chest","Mummified Hand","Turnip"],"potions_floor_usage":[16],"damage_taken":[{"damage":4.0,"enemies":"Jaw Worm","floor":1.0,"turns":6.0},{"damage":3.0,"enemies":"Small Slimes","floor":2.0,"turns":5.0},{"damage":3.0,"enemies":"Cultist","floor":4.0,"turns":5.0},{"damage":34.0,"enemies":"3 Sentries","floor":7.0,"turns":6.0},{"damage":7.0,"enemies":"Exordium Wildlife","floor":11.0,"turns":4.0},{"damage":0.0,"enemies":"Large Slime","floor":13.0,"turns":3.0},{"damage":0.0,"enemies":"Lagavulin","floor":14.0,"turns":7.0},{"damage":12,"enemies":"Slime Boss","floor":16,"turns":7},{"damage":11,"enemies":"3 Byrds","floor":18,"turns":2}],"seed_played":"4024692886049359232","potions_obtained":[{"floor":4.0,"key":"SteroidPotion"},{"floor":7.0,"key":"Fire Potion"},{"floor":11.0,"key":"SpeedPotion"},{"floor":14.0,"key":"SkillPotion"}],"is_trial":false,"path_per_floor":["M","M","?","M","?","R","E","R","T","?","M","$","M","E","R","B",null,"M"],"character_chosen":"THE_SILENT","items_purchased":["Predator","Escape Plan"],"campfire_rested":3,"item_purchase_floors":[12,12],"current_hp_per_floor":[55,52,34,31,20,39,5,24,24,24,17,17,17,17,50,38,55,44],"gold":214,"neow_bonus":"REMOVE_TWO","is_prod":false,"is_daily":false,"chose_seed":false,"campfire_upgraded":0,"win_rate":0,"timestamp":1560860902,"path_taken":["M","M","?","M","?","R","E","R","T","?","M","$","?","E","R","BOSS","M"],"build_version":"2019-01-23","purchased_purges":0,"victory":false,"max_hp_per_floor":[66,66,66,66,66,66,66,66,66,60,60,60,60,60,60,60,60,60],"card_choices":[{"not_picked":["Acrobatics","Tactician"],"picked":"Caltrops","floor":1.0},{"not_picked":["Cloak And Dagger","Escape Plan"],"picked":"Noxious Fumes","floor":2.0},{"not_picked":["Sucker Punch","Underhanded Strike"],"picked":"Dagger Spray","floor":4.0},{"not_picked":["Dodge and Roll","Flying Knee"],"picked":"Envenom","floor":7.0},{"not_picked":["Blur","Concentrate"],"picked":"Deadly Poison","floor":11.0},{"not_picked":["Flying Knee","Poisoned Stab"],"picked":"Backflip","floor":13.0},{"not_picked":["Distraction","Poisoned Stab"],"picked":"Quick Slash","floor":14.0},{"not_picked":["Burst","Envenom"],"picked":"Venomology","floor":16}],"player_experience":1474474,"relics_obtained":[{"floor":7.0,"key":"Vajra"},{"floor":9.0,"key":"Paper Crane"},{"floor":14.0,"key":"Regal Pillow"},{"floor":17,"key":"Tiny Chest"},{"floor":17,"key":"Mummified Hand"},{"floor":17,"key":"Turnip"}],"event_choices":[{"damage_healed":0.0,"max_hp_gain":0.0,"max_hp_loss":0.0,"gold_gain":0.0,"event_name":"Scrap Ooze","player_choice":"Success","floor":3.0,"gold_loss":0.0,"damage_taken":18.0,"relics_obtained":["StoneCalendar"]},{"damage_healed":0.0,"max_hp_gain":0.0,"max_hp_loss":0.0,"gold_gain":75.0,"event_name":"World of Goop","player_choice":"Gather Gold","floor":5.0,"gold_loss":0.0,"damage_taken":11.0},{"damage_healed":0.0,"max_hp_gain":0.0,"max_hp_loss":6.0,"gold_gain":0.0,"event_name":"Golden Idol","player_choice":"Lose Max HP","floor":10.0,"gold_loss":0.0,"damage_taken":0.0,"relics_obtained":["Golden Idol"]}],"is_beta":false,"boss_relics":[{"not_picked":["WristBlade","Tiny House"],"picked":"Calling Bell"}],"items_purged_floors":[],"is_endless":false,"potions_floor_spawned":[4,7,11,14],"killed_by":"3 Byrds","ascension_level":20}