{"path_per_floor":["M","M","?","$","?","R","E","R","T","M","T","R","M","M","R","B",null,"M","M","?","$","M","R","E","R","T","$","T","M","M","?","R"],"character_chosen":"THE_SILENT","items_purchased":[],"gold_per_floor":[18,30,30,30,30,30,65,65,65,83,83,83,97,112,112,210,210,224,239,154,79,98,98,124,124,124,24,72,91,102,27,27],"floor_reached":33,"campfire_rested":3,"playtime":3813,"current_hp_per_floor":[65,61,61,61,61,61,35,56,56,55,55,70,70,67,67,39,70,63,54,54,54,45,45,24,24,24,24,24,18,16,16,37],"items_purged":["Defend_G","Strike_G"],"gold":27,"play_id":"ed61d09b-78ea-46ac-893a-b9bcb9fd9ee8","is_prod":false,"is_daily":false,"is_ascension_mode":false,"campfire_upgraded":4,"path_taken":["M","M","?","$","?","R","E","R","T","M","?","R","M","M","R","BOSS","M","M","?","$","M","R","E","R","T","?","?","M","M","?","R","BOSS"],"build_version":"2018-01-29-BETA1","purchased_purges":2,"victory":false,"master_deck":["Defend_G","Defend_G","Defend_G","Strike_G","Survivor+1","Neutralize+1","Bouncing Flask+1","Flying Knee","Noxious Fumes+1","Crippling Poison+1","Distraction+1","Adrenaline","Poisoned Stab","Poisoned Stab","Deflect","Deadly Poison+1"],"max_hp_per_floor":[70,70,70,70,70,70,70,70,70,70,70,70,70,70,70,70,70,70,70,70,70,70,70,70,70,70,70,70,70,70,70,70],"relics":["Ring of the Snake","Molten Egg","Mercury Hourglass","Unceasing Top","Runic Pyramid","Ninja Scroll","Bronze Scales","Bottled Flame","Juzu Bracelet"],"card_choices":[{"not_picked":["Dagger Spray","Slice"],"picked":"Bouncing Flask"},{"not_picked":["Dagger Spray","Endless Agony"],"picked":"Flying Knee"},{"not_picked":["Blur","Backflip"],"picked":"Crippling Poison"},{"not_picked":["All Out Attack","Outmaneuver"],"picked":"Distraction"},{"not_picked":["Doppelganger","Phantasmal Killer"],"picked":"Adrenaline"},{"not_picked":["Dagger Spray","PiercingWail"],"picked":"Poisoned Stab"},{"not_picked":["Crippling Poison","Outmaneuver"],"picked":"Poisoned Stab"},{"not_picked":["Dagger Spray","Flying Knee"],"picked":"Deflect"},{"not_picked":["Well Laid Plans","Outmaneuver"],"picked":"Deadly Poison"}],"player_experience":9330,"potions_floor_usage":[16,24,24,30,33],"damage_taken":[{"damage":5,"enemies":"2 Louse","floor":1,"turns":4},{"damage":4,"enemies":"Blue Slaver","floor":2,"turns":6},{"damage":26,"enemies":"3 Sentries","floor":7,"turns":7},{"damage":1,"enemies":"Small Slimes","floor":10,"turns":2},{"damage":0,"enemies":"Looter","floor":13,"turns":4},{"damage":3,"enemies":"Large Slime","floor":14,"turns":5},{"damage":28,"enemies":"Hexaghost","floor":16,"turns":8},{"damage":7,"enemies":"Chosen","floor":18,"turns":5},{"damage":9,"enemies":"Shell Parasite","floor":19,"turns":5},{"damage":9,"enemies":"Centurion and Healer","floor":22,"turns":6},{"damage":21,"enemies":"Gremlin Leader","floor":24,"turns":6},{"damage":6,"enemies":"Chosen and Byrds","floor":29,"turns":4},{"damage":2,"enemies":"3 Cultists","floor":30,"turns":4},{"damage":43,"enemies":"Collector","floor":33,"turns":7}],"event_choices":[{"event_name":"Transmorgrifier","player_choice":"Transform","floor":3,"damage_taken":0},{"event_name":"Accursed Blacksmith","player_choice":"Forge","floor":5,"damage_taken":0},{"event_name":"Addict","player_choice":"Obtained Relic","floor":20,"damage_taken":0},{"event_name":"Beggar","player_choice":"Gave Gold","floor":31,"damage_taken":0}],"boss_relics":[{"not_picked":["White Beast Statue","Eternal Feather"],"picked":"Runic Pyramid"}],"potions_floor_spawned":[7,10,16,19,29],"seed_played":"-8839663232029539260","killed_by":"Collector","ascension_level":0,"is_trial":false}