{"gold_per_floor":[18,18,32,50,65,99,99,133,133,152,182,199,199,199,199,297,297,308,308,40,52,79,109,109,143,143,172,172,172,172,184,184,283,283,295,295,295,295,311,311,336,350,418,438,338,348,448,481,481,481],"floor_reached":50,"playtime":1542,"items_purged":["Strike_R","Strike_R"],"score":683,"play_id":"3198e833-df0b-434b-be7d-69bfd085be81","local_time":"20190203105949","is_ascension_mode":true,"campfire_choices":[{"floor":7,"key":"DIG"},{"floor":13,"key":"REST"},{"floor":15,"key":"REST"},{"floor":24,"key":"REST"},{"floor":28,"key":"REST"},{"floor":32,"key":"REST"},{"floor":40,"key":"RECALL"},{"floor":49,"key":"REST"}],"neow_cost":"NO_GOLD","seed_source_timestamp":490142008735274,"circlet_count":0,"master_deck":["Strike_R","Strike_R","Defend_R","Defend_R","Defend_R","Defend_R","Bash","Clothesline","Whirlwind","Inflame","Inflame","Armaments","Flex","Bludgeon","Inflame+1","RitualDagger","Clothesline+1","Disarm+1","Dropkick+1","Violence"],"relics":["Burning Blood","Shovel","Singing Bowl","Dodecahedron","Champion Belt","Art of War","Sozu","Chemical X","Boot","Letter Opener","Sundial","Mummified Hand","Centennial Puzzle","Busted Crown","Kunai","Blue Candle","Meat on the Bone"],"potions_floor_usage":[10,16,16,27],"damage_taken":[{"damage":5,"enemies":"Small Slimes","floor":1,"turns":5},{"damage":3,"enemies":"Jaw Worm","floor":3,"turns":5},{"damage":5,"enemies":"2 Louse","floor":4,"turns":2},{"damage":5,"enemies":"2 Fungi Beasts","floor":5,"turns":4},{"damage":28,"enemies":"Gremlin Nob","floor":6,"turns":5},{"damage":29,"enemies":"3 Sentries","floor":8,"turns":7},{"damage":7,"enemies":"Blue Slaver","floor":10,"turns":5},{"damage":29,"enemies":"Lagavulin","floor":11,"turns":6},{"damage":19,"enemies":"Exordium Wildlife","floor":12,"turns":4},{"damage":45,"enemies":"The Guardian","floor":16,"turns":10},{"damage":7,"enemies":"3 Byrds","floor":18,"turns":4},{"damage":25,"enemies":"2 Thieves","floor":21,"turns":3},{"damage":40,"enemies":"Book of Stabbing","floor":23,"turns":5},{"damage":34,"enemies":"Slavers","floor":25,"turns":4},{"damage":17,"enemies":"Book of Stabbing","floor":27,"turns":4},{"damage":34,"enemies":"Shelled Parasite and Fungi","floor":31,"turns":5},{"damage":35,"enemies":"Collector","floor":33,"turns":7},{"damage":8,"enemies":"3 Darklings","floor":35,"turns":3},{"damage":15,"enemies":"3 Shapes","floor":39,"turns":1},{"damage":20,"enemies":"Giant Head","floor":41,"turns":6},{"damage":13,"enemies":"Sphere and 2 Shapes","floor":42,"turns":3},{"damage":6,"enemies":"3 Darklings","floor":44,"turns":3},{"damage":7,"enemies":"Jaw Worm Horde","floor":46,"turns":3},{"damage":9,"enemies":"Reptomancer","floor":48,"turns":5},{"damage":117,"enemies":"Awakened One","floor":50,"turns":11}],"seed_played":"7444962743247147468","potions_obtained":[{"floor":1,"key":"Block Potion"},{"floor":6,"key":"LiquidBronze"},{"floor":11,"key":"Poison Potion"},{"floor":16,"key":"LiquidBronze"}],"is_trial":false,"path_per_floor":["M","?","M","M","M","E","R","E","T","M","E","M","R","T","R","B",null,"M","?","$","M","T","E","R","E","T","E","R","?","?","M","R","B",null,"M","?","?","?","M","R","E","M","T","M","$","M","?","E","R","B"],"character_chosen":"IRONCLAD","items_purchased":["Chemical X"],"campfire_rested":6,"item_purchase_floors":[20],"current_hp_per_floor":[96,96,96,96,96,74,74,53,53,52,31,18,48,48,78,39,100,99,93,93,74,74,40,70,44,44,33,63,97,97,71,102,75,106,106,106,103,103,96,96,84,79,79,81,81,82,82,81,115,0],"gold":481,"neow_bonus":"TWENTY_PERCENT_HP_BONUS","is_prod":false,"is_daily":false,"chose_seed":false,"campfire_upgraded":0,"win_rate":0,"timestamp":1549220389,"path_taken":["M","?","M","M","M","E","R","E","T","M","E","M","R","?","R","BOSS","M","?","$","M","?","E","R","E","T","E","R","?","?","?","R","BOSS","M","?","?","?","M","R","E","?","T","M","$","M","?","E","R","BOSS"],"build_version":"2019-01-23","purchased_purges":2,"victory":false,"max_hp_per_floor":[96,96,96,96,96,96,96,98,98,98,100,100,100,100,100,100,100,100,100,100,100,100,100,100,102,102,102,102,102,102,104,104,106,106,108,108,103,103,105,105,107,109,109,111,111,113,113,115,115,115],"card_choices":[{"not_picked":["Corruption","Reckless Charge"],"picked":"Clothesline","floor":1},{"not_picked":["Sword Boomerang","Flame Barrier","Clash"],"picked":"SKIP","floor":3},{"not_picked":["Dropkick","Clothesline"],"picked":"Whirlwind","floor":4},{"not_picked":["Iron Wave","Heavy Blade"],"picked":"Inflame","floor":5},{"not_picked":["Exhume","Pummel"],"picked":"Inflame","floor":6},{"not_picked":["Dual Wield","Clash","Second Wind"],"picked":"Singing Bowl","floor":8},{"not_picked":["Warcry","Thunderclap"],"picked":"Armaments","floor":10},{"not_picked":["Clothesline","True Grit","Sever Soul"],"picked":"Singing Bowl","floor":11},{"not_picked":["Evolve","Sword Boomerang"],"picked":"Flex","floor":12},{"not_picked":["Exhume","Brutality"],"picked":"Bludgeon","floor":16},{"not_picked":["Pommel Strike","Thunderclap"],"picked":"Inflame+1","floor":18},{"not_picked":["Havoc","Infernal Blade"],"picked":"Clothesline+1","floor":21},{"not_picked":["Body Slam","Battle Trance+1"],"picked":"Disarm+1","floor":23},{"not_picked":["Bloodletting","Fire Breathing+1","Combust"],"picked":"Singing Bowl","floor":25},{"not_picked":["Reckless Charge+1","Headbutt+1"],"picked":"Dropkick+1","floor":27},{"not_picked":["Anger","Havoc","Disarm+1"],"picked":"Singing Bowl","floor":31},{"not_picked":["Berserk","Fiend Fire","Immolate"],"picked":"Singing Bowl","floor":33},{"not_picked":["Headbutt+1"],"picked":"Singing Bowl","floor":35},{"not_picked":[],"picked":"Violence","floor":36},{"not_picked":["Flex+1"],"picked":"Singing Bowl","floor":39},{"not_picked":["Perfected Strike+1"],"picked":"Singing Bowl","floor":41},{"not_picked":["Havoc+1"],"picked":"Singing Bowl","floor":42},{"not_picked":["Shrug It Off"],"picked":"Singing Bowl","floor":44},{"not_picked":["Battle Trance+1"],"picked":"Singing Bowl","floor":46},{"not_picked":["Uppercut"],"picked":"Singing Bowl","floor":48}],"player_experience":184244,"relics_obtained":[{"floor":6,"key":"Shovel"},{"floor":7,"key":"Singing Bowl"},{"floor":8,"key":"Dodecahedron"},{"floor":11,"key":"Champion Belt"},{"floor":14,"key":"Art of War"},{"floor":22,"key":"Boot"},{"floor":23,"key":"Letter Opener"},{"floor":25,"key":"Sundial"},{"floor":26,"key":"Mummified Hand"},{"floor":27,"key":"Centennial Puzzle"},{"floor":41,"key":"Kunai"},{"floor":43,"key":"Blue Candle"},{"floor":48,"key":"Meat on the Bone"}],"event_choices":[{"damage_healed":0,"gold_gain":0,"player_choice":"Leave","damage_taken":0,"max_hp_gain":0,"max_hp_loss":0,"event_name":"The Cleric","floor":2,"gold_loss":0},{"damage_healed":0,"gold_gain":0,"player_choice":"Joined the Cult","damage_taken":6,"max_hp_gain":0,"max_hp_loss":0,"event_name":"Nest","floor":19,"gold_loss":0,"cards_obtained":["RitualDagger"]},{"damage_healed":34,"gold_gain":0,"player_choice":"Heal","damage_taken":0,"max_hp_gain":0,"max_hp_loss":0,"event_name":"The Library","floor":29,"gold_loss":0},{"damage_healed":0,"gold_gain":0,"player_choice":"Ignored","damage_taken":0,"max_hp_gain":0,"max_hp_loss":0,"event_name":"Vampires","floor":30,"gold_loss":0},{"damage_healed":0,"gold_gain":0,"player_choice":"Memory 1","damage_taken":0,"max_hp_gain":0,"max_hp_loss":0,"event_name":"SensoryStone","floor":36,"gold_loss":0},{"damage_healed":0,"gold_gain":0,"player_choice":"Max HP","damage_taken":0,"max_hp_gain":0,"max_hp_loss":5,"event_name":"Winding Halls","floor":37,"gold_loss":0},{"cards_removed":["Strike_R"],"damage_healed":0,"gold_gain":0,"player_choice":"Purged","damage_taken":0,"max_hp_gain":0,"max_hp_loss":0,"event_name":"Purifier","floor":38,"gold_loss":0},{"damage_healed":0,"gold_gain":100,"player_choice":"Pray","damage_taken":0,"max_hp_gain":0,"max_hp_loss":0,"event_name":"Golden Shrine","floor":47,"gold_loss":0}],"is_beta":false,"boss_relics":[{"not_picked":["Ectoplasm","Velvet Choker"],"picked":"Sozu"},{"not_picked":["Pandora\u0027s Box","Snecko Eye"],"picked":"Busted Crown"}],"items_purged_floors":[20,45],"is_endless":false,"potions_floor_spawned":[1,6,11,16,18,25,31,41,46,48],"killed_by":"Awakened One","ascension_level":1}