{"gold_per_floor":[117,67,67,67,67,67,80,93,93,93,93,112,128,156,156,256,256,276,290,73,73,89,120,132,132,132,57,70,70,84,84,84,189,189,209,222,222,52,67,67,92,107,130,145,0,19,19,30,30,30],"floor_reached":50,"playtime":2187,"items_purged":[],"score":496,"play_id":"51579fa0-3694-48f3-8bda-0c3dcc608b42","local_time":"20190209110211","is_ascension_mode":false,"campfire_choices":[{"data":"Neutralize","floor":6,"key":"SMITH"},{"data":"After Image","floor":10,"key":"SMITH"},{"floor":15,"key":"REST"},{"floor":25,"key":"REST"},{"floor":29,"key":"REST"},{"floor":32,"key":"REST"},{"floor":40,"key":"REST"},{"floor":49,"key":"REST"}],"neow_cost":"NONE","seed_source_timestamp":1008027251575672,"circlet_count":0,"master_deck":["Defend_G+1","Defend_G+1","Defend_G+1","Defend_G+1","Strike_G+1","Survivor","Neutralize+1","After Image+1","Blade Dance","Terror","Prepared","Blade Dance+1","Deflect","Storm of Steel","Backflip","Cloak And Dagger+1","Infinite Blades","Blade Dance","Expertise+1","Terror+1","Die Die Die+1","Dodge and Roll+1","Apotheosis","Parasite","Eviscerate+1","Prepared","Parasite","Distraction+1","Finisher+1"],"relics":["Ring of the Serpent","Bottled Flame","Shuriken","Mummified Hand","Empty Cage","War Paint","Bottled Lightning","Molten Egg 2","Peace Pipe","Thread and Needle","Dream Catcher","Red Mask"],"potions_floor_usage":[33,41,44,50,50],"damage_taken":[{"damage":2,"enemies":"Cultist","floor":1,"turns":6},{"damage":7,"enemies":"2 Louse","floor":7,"turns":3},{"damage":0,"enemies":"Jaw Worm","floor":8,"turns":3},{"damage":5,"enemies":"3 Louse","floor":12,"turns":4},{"damage":0,"enemies":"Red Slaver","floor":13,"turns":4},{"damage":6,"enemies":"3 Sentries","floor":14,"turns":10},{"damage":16,"enemies":"The Guardian","floor":16,"turns":16},{"damage":12,"enemies":"Spheric Guardian","floor":18,"turns":7},{"damage":0,"enemies":"Shell Parasite","floor":19,"turns":5},{"damage":0,"enemies":"Centurion and Healer","floor":22,"turns":6},{"damage":35,"enemies":"Slavers","floor":23,"turns":8},{"damage":5,"enemies":"3 Cultists","floor":24,"turns":4},{"damage":3,"enemies":"Shelled Parasite and Fungi","floor":28,"turns":6},{"damage":0,"enemies":"Chosen and Byrds","floor":30,"turns":4},{"damage":15,"enemies":"Collector","floor":33,"turns":7},{"damage":33,"enemies":"3 Shapes","floor":35,"turns":4},{"damage":2,"enemies":"Orb Walker","floor":36,"turns":2},{"damage":5,"enemies":"Sphere and 2 Shapes","floor":39,"turns":6},{"damage":18,"enemies":"Reptomancer","floor":41,"turns":8},{"damage":4,"enemies":"Writhing Mass","floor":42,"turns":9},{"damage":0,"enemies":"Transient","floor":44,"turns":5},{"damage":6,"enemies":"Sphere and 2 Shapes","floor":46,"turns":7},{"damage":2,"enemies":"Writhing Mass","floor":48,"turns":8},{"damage":62,"enemies":"Time Eater","floor":50,"turns":7}],"seed_played":"7890631803932721940","potions_obtained":[{"floor":11,"key":"Strength Potion"},{"floor":11,"key":"LiquidBronze"},{"floor":11,"key":"Fire Potion"},{"floor":33,"key":"Explosive Potion"},{"floor":39,"key":"FearPotion"},{"floor":48,"key":"Ancient Potion"}],"is_trial":false,"path_per_floor":["M","?","$","?","T","R","M","M","T","R","?","M","M","E","R","B",null,"M","M","$","?","M","E","M","R","T","?","M","R","M","?","R","B",null,"M","M","?","$","M","R","E","M","T","M","?","M","?","M","R","B"],"character_chosen":"THE_SILENT","items_purchased":["Infinite Blades","War Paint","Apotheosis"],"campfire_rested":6,"item_purchase_floors":[20,20,38],"current_hp_per_floor":[68,68,68,68,68,68,61,61,61,61,61,56,56,50,70,54,70,58,58,58,58,58,23,18,39,39,39,36,57,57,57,70,55,70,37,35,35,35,30,51,33,29,29,29,29,23,23,21,42,0],"gold":30,"neow_bonus":"ONE_RANDOM_RARE_CARD","is_prod":false,"is_daily":false,"chose_seed":false,"campfire_upgraded":2,"win_rate":0,"timestamp":1549738931,"path_taken":["M","?","$","?","?","R","M","M","T","R","?","M","?","E","R","BOSS","M","M","$","?","M","E","?","R","T","?","M","R","M","?","R","BOSS","M","M","?","$","M","R","E","M","T","?","?","M","?","M","R","BOSS"],"build_version":"2019-01-23","purchased_purges":0,"victory":false,"max_hp_per_floor":[70,70,70,70,70,70,70,70,70,70,70,70,70,70,70,70,70,70,70,70,70,70,70,70,70,70,70,70,70,70,70,70,70,70,70,70,70,70,70,70,70,70,70,70,70,70,70,70,70,70],"card_choices":[{"not_picked":["Outmaneuver","Prepared"],"picked":"Blade Dance","floor":1},{"not_picked":["PiercingWail","Poisoned Stab"],"picked":"Terror","floor":7},{"not_picked":["Catalyst","Reflex","Setup"],"picked":"SKIP","floor":8},{"not_picked":["Crippling Poison","All Out Attack"],"picked":"Prepared","floor":12},{"not_picked":["Outmaneuver","Quick Slash"],"picked":"Blade Dance","floor":13},{"not_picked":["Skewer","Concentrate"],"picked":"Deflect","floor":14},{"not_picked":["Wraith Form v2","Night Terror"],"picked":"Storm of Steel","floor":16},{"not_picked":["Quick Slash","PiercingWail"],"picked":"Backflip","floor":18},{"not_picked":["Deadly Poison","Backflip"],"picked":"Cloak And Dagger","floor":19},{"not_picked":["Backstab+1","Sucker Punch"],"picked":"Blade Dance","floor":22},{"not_picked":["Expertise+1","Quick Slash","Dagger Spray"],"picked":"SKIP","floor":23},{"not_picked":["Quick Slash","Dagger Spray"],"picked":"Expertise+1","floor":23},{"not_picked":["Slice","Dagger Throw+1","Die Die Die"],"picked":"SKIP","floor":24},{"not_picked":["PiercingWail","Poisoned Stab+1"],"picked":"Terror+1","floor":28},{"not_picked":["Dagger Spray+1","Blur","All Out Attack+1"],"picked":"SKIP","floor":30},{"not_picked":["Corpse Explosion","Malaise"],"picked":"Die Die Die+1","floor":33},{"not_picked":["PiercingWail+1","Underhanded Strike+1","Dagger Throw+1"],"picked":"SKIP","floor":35},{"not_picked":["Dagger Spray+1","Riddle With Holes+1"],"picked":"Dodge and Roll+1","floor":36},{"not_picked":["Eviscerate+1","Bane+1","Sucker Punch+1"],"picked":"SKIP","floor":39},{"not_picked":["Dagger Throw+1","Outmaneuver+1","Flying Knee+1"],"picked":"SKIP","floor":41},{"not_picked":["Finisher+1","Reflex+1","Bane+1"],"picked":"SKIP","floor":42},{"not_picked":["Backflip","Outmaneuver","Acrobatics"],"picked":"SKIP","floor":44},{"not_picked":["Acrobatics","All Out Attack+1","Quick Slash+1"],"picked":"SKIP","floor":46},{"not_picked":["Dodge and Roll","Envenom"],"picked":"Distraction+1","floor":48},{"not_picked":["Cloak And Dagger+1","Caltrops"],"picked":"Finisher+1","floor":49}],"player_experience":197642,"relics_obtained":[{"floor":5,"key":"Bottled Flame"},{"floor":9,"key":"Shuriken"},{"floor":14,"key":"Mummified Hand"},{"floor":23,"key":"Bottled Lightning"},{"floor":26,"key":"Molten Egg 2"},{"floor":41,"key":"Thread and Needle"},{"floor":43,"key":"Dream Catcher"}],"event_choices":[{"cards_removed":["Strike_G"],"damage_healed":0,"gold_gain":0,"player_choice":"Card Removal","damage_taken":0,"max_hp_gain":0,"max_hp_loss":0,"event_name":"The Cleric","floor":2,"gold_loss":50},{"damage_healed":0,"gold_gain":0,"player_choice":"Ignored","damage_taken":0,"max_hp_gain":0,"max_hp_loss":0,"event_name":"Liars Game","floor":4,"gold_loss":0},{"damage_healed":0,"gold_gain":0,"player_choice":"Got Potions","damage_taken":0,"max_hp_gain":0,"max_hp_loss":0,"event_name":"Lab","floor":11,"gold_loss":0},{"cards_removed":["Strike_G"],"damage_healed":0,"gold_gain":0,"player_choice":"Offered Basic","damage_taken":0,"max_hp_gain":0,"max_hp_loss":0,"event_name":"Bonfire Elementals","floor":21,"gold_loss":0},{"cards_removed":["Strike_G"],"damage_healed":0,"gold_gain":0,"player_choice":"Gave Gold","damage_taken":0,"max_hp_gain":0,"max_hp_loss":0,"event_name":"Beggar","floor":27,"gold_loss":75},{"damage_healed":0,"gold_gain":0,"player_choice":"Simplicity","damage_taken":0,"max_hp_gain":0,"max_hp_loss":0,"event_name":"Back to Basics","floor":31,"gold_loss":0,"cards_upgraded":["Defend_G","Defend_G","Defend_G","Defend_G","Strike_G"]},{"damage_healed":0,"gold_gain":0,"player_choice":"Gave Potion","damage_taken":0,"relics_obtained":["Peace Pipe"],"max_hp_gain":0,"max_hp_loss":0,"event_name":"WeMeetAgain","floor":37,"gold_loss":0},{"damage_healed":0,"gold_gain":0,"player_choice":"Paid","damage_taken":0,"relics_obtained":["Red Mask"],"max_hp_gain":0,"max_hp_loss":0,"event_name":"Tomb of Lord Red Mask","floor":45,"gold_loss":145},{"damage_healed":0,"gold_gain":0,"player_choice":"2 cards matched","damage_taken":0,"max_hp_gain":0,"max_hp_loss":0,"event_name":"Match and Keep!","floor":47,"gold_loss":0,"cards_obtained":["Eviscerate","Prepared"]}],"is_beta":false,"boss_relics":[{"not_picked":["Tiny House","Eternal Feather"],"picked":"Empty Cage"},{"not_picked":["HoveringKite","Pandora\u0027s Box"],"picked":"Ring of the Serpent"}],"items_purged_floors":[],"is_endless":false,"potions_floor_spawned":[12,13,14,16,19,24,30,33,36,39,48],"killed_by":"Time Eater","ascension_level":0}