{"gold_per_floor":[109,17,17,36,48,73,91,91,91,109,109,120,120,120,120,120],"floor_reached":16,"playtime":373,"items_purged":[],"score":204,"play_id":"5fde7687-cfa3-44d3-8791-968e08418682","local_time":"20190510222531","is_ascension_mode":true,"campfire_choices":[{"floor":8.0,"key":"REST"},{"data":"Neutralize","floor":11.0,"key":"SMITH"},{"floor":13.0,"key":"REST"},{"data":"Leg Sweep","floor":15.0,"key":"SMITH"}],"neow_cost":"NONE","seed_source_timestamp":0,"circlet_count":0,"master_deck":["AscendersBane","Defend_G","Defend_G","Defend_G","Defend_G","Defend_G","Strike_G","Strike_G","Strike_G","Strike_G","Strike_G","Survivor","Neutralize+1","Dagger Spray+1","Backstab","Flying Knee","Quick Slash","Corpse Explosion","Leg Sweep+1","Dodge and Roll"],"special_seed":0,"relics":["Ring of the Snake","Sundial","Bottled Flame","Gremlin Horn"],"potions_floor_usage":[16,16],"damage_taken":[{"damage":4.0,"enemies":"Small Slimes","floor":1.0,"turns":4.0},{"damage":1.0,"enemies":"Cultist","floor":4.0,"turns":4.0},{"damage":0.0,"enemies":"2 Louse","floor":5.0,"turns":3.0},{"damage":47.0,"enemies":"Gremlin Nob","floor":6.0,"turns":5.0},{"damage":0.0,"enemies":"Looter","floor":7.0,"turns":2.0},{"damage":0.0,"enemies":"Red Slaver","floor":10.0,"turns":3.0},{"damage":0.0,"enemies":"2 Fungi Beasts","floor":12.0,"turns":2.0},{"damage":58,"enemies":"Slime Boss","floor":16,"turns":8}],"seed_played":"6159052354775283136","potions_obtained":[{"floor":0.0,"key":"EntropicBrew"},{"floor":0.0,"key":"EssenceOfSteel"},{"floor":6.0,"key":"SpeedPotion"},{"floor":7.0,"key":"SpeedPotion"},{"floor":10.0,"key":"SteroidPotion"}],"is_trial":false,"path_per_floor":["M","?","$","M","M","E","M","R","T","M","R","M","R","?","R","B"],"character_chosen":"THE_SILENT","items_purchased":[],"campfire_rested":2,"item_purchase_floors":[],"current_hp_per_floor":[55,55,55,54,54,7,7,26,26,26,26,26,45,45,45,0],"gold":120,"neow_bonus":"THREE_SMALL_POTIONS","is_prod":false,"is_daily":false,"chose_seed":false,"campfire_upgraded":2,"win_rate":0,"timestamp":1557541531,"path_taken":["M","?","?","?","M","E","M","R","T","M","R","?","R","?","R","BOSS"],"build_version":"2019-01-23","purchased_purges":0,"victory":false,"max_hp_per_floor":[66,66,66,66,66,66,66,66,66,66,66,66,66,66,66,66],"card_choices":[{"not_picked":["Reflex","Outmaneuver"],"picked":"Dagger Spray","floor":1.0},{"not_picked":["Acrobatics","Poisoned Stab"],"picked":"Backstab","floor":4.0},{"not_picked":["Deflect","Dagger Throw"],"picked":"Flying Knee","floor":5.0},{"not_picked":["Accuracy","Backflip"],"picked":"Quick Slash","floor":6.0},{"not_picked":["Flying Knee","Cloak And Dagger"],"picked":"Corpse Explosion","floor":7.0},{"not_picked":["Outmaneuver","Acrobatics"],"picked":"Leg Sweep","floor":10.0},{"not_picked":["PiercingWail","Deadly Poison"],"picked":"Dodge and Roll","floor":12.0}],"player_experience":681764,"relics_obtained":[{"floor":6.0,"key":"Bottled Flame"},{"floor":9.0,"key":"Gremlin Horn"}],"event_choices":[{"damage_healed":0.0,"max_hp_gain":0.0,"max_hp_loss":0.0,"gold_gain":0.0,"event_name":"WeMeetAgain","player_choice":"Paid Gold","floor":2.0,"gold_loss":92.0,"damage_taken":0.0,"relics_obtained":["Sundial"]},{"damage_healed":0.0,"max_hp_gain":0.0,"max_hp_loss":0.0,"gold_gain":0.0,"event_name":"Living Wall","player_choice":"Grow","floor":14.0,"gold_loss":0.0,"damage_taken":0.0,"cards_upgraded":["Dagger Spray"]}],"is_beta":false,"boss_relics":[],"items_purged_floors":[],"is_endless":false,"potions_floor_spawned":[1,6,7,10],"killed_by":"Slime Boss","ascension_level":20}