{"gold_per_floor":[116,5,5,21,96,122,36,49,49,49],"floor_reached":10,"playtime":252,"items_purged":["Strike_G"],"score":69,"play_id":"d7076bbc-2d86-47ce-9ee4-a0f94f21c10a","local_time":"20190204093504","is_ascension_mode":true,"campfire_choices":[],"neow_cost":"NONE","seed_source_timestamp":572745719304603,"circlet_count":0,"master_deck":["Defend_G","Defend_G","Defend_G","Defend_G","Strike_G","Strike_G","Strike_G","Strike_G","Survivor","Neutralize+1","Acrobatics","Caltrops","Poisoned Stab","Backflip","Trip","Predator"],"relics":["Ring of the Snake","Ice Cream","Turnip"],"potions_floor_usage":[],"damage_taken":[{"damage":0,"enemies":"2 Louse","floor":1,"turns":3},{"damage":0,"enemies":"Jaw Worm","floor":4,"turns":5},{"damage":46,"enemies":"Lagavulin","floor":6,"turns":10},{"damage":0,"enemies":"Cultist","floor":8,"turns":3},{"damage":7,"enemies":"Gremlin Nob","floor":10,"turns":2}],"seed_played":"-4383506463231805201","potions_obtained":[{"floor":4,"key":"Ancient Potion"}],"is_trial":false,"path_per_floor":["M","$","?","M","?","E","$","M","T","E"],"character_chosen":"THE_SILENT","items_purchased":["Caltrops","Trip"],"campfire_rested":0,"item_purchase_floors":[2,7],"current_hp_per_floor":[70,70,63,63,52,6,6,6,6,0],"gold":49,"neow_bonus":"UPGRADE_CARD","is_prod":false,"is_daily":false,"chose_seed":false,"campfire_upgraded":0,"win_rate":0,"timestamp":1549301704,"path_taken":["M","$","?","M","?","E","$","M","T","E"],"build_version":"2019-01-23","purchased_purges":1,"victory":false,"max_hp_per_floor":[70,70,70,70,70,70,70,70,70,70],"card_choices":[{"not_picked":["Outmaneuver","Concentrate"],"picked":"Acrobatics","floor":1},{"not_picked":["All Out Attack","Concentrate"],"picked":"Poisoned Stab","floor":4},{"not_picked":["Prepared","Dagger Throw"],"picked":"Backflip","floor":6},{"not_picked":["Grand Finale","PiercingWail"],"picked":"Predator","floor":8}],"player_experience":187673,"relics_obtained":[{"floor":6,"key":"Ice Cream"},{"floor":9,"key":"Turnip"}],"event_choices":[{"cards_removed":["Defend_G"],"damage_healed":0,"gold_gain":0,"player_choice":"Card Removal","damage_taken":7,"max_hp_gain":0,"max_hp_loss":0,"event_name":"Golden Wing","floor":3,"gold_loss":0},{"damage_healed":0,"gold_gain":75,"player_choice":"Gather Gold","damage_taken":11,"max_hp_gain":0,"max_hp_loss":0,"event_name":"World of Goop","floor":5,"gold_loss":0}],"is_beta":false,"boss_relics":[],"items_purged_floors":[2],"is_endless":false,"potions_floor_spawned":[4],"killed_by":"Gremlin Nob","ascension_level":1}