{"gold_per_floor":[114,114,114,128,128,155,172,172,197,226,226,135,135,155,155,231,231,242,151,169,169,185,185,211,211],"floor_reached":25,"playtime":533,"items_purged":["Strike_B","Normality"],"score":468,"play_id":"a667c344-85df-4925-8686-61abac70bb96","local_time":"20190316003451","is_ascension_mode":true,"campfire_choices":[{"data":"Zap","floor":8,"key":"SMITH"},{"floor":11,"key":"REST"},{"data":"Defragment","floor":13,"key":"SMITH"},{"data":"Hologram","floor":15,"key":"SMITH"},{"floor":23,"key":"REST"}],"neow_cost":"NONE","seed_source_timestamp":7295325766357855,"circlet_count":0,"master_deck":["AscendersBane","Strike_B","Strike_B","Strike_B+1","Defend_B","Defend_B","Defend_B","Defend_B","Zap+1","Dualcast","Go for the Eyes","Loop+1","Ball Lightning","Hologram+1","Self Repair","Defragment+1","Core Surge","Decay","Normality","Leap","Capacitor","Conserve Battery+1","Glacier"],"relics":["Cracked Core","NeowsBlessing","Smiling Mask","Vajra","DataDisk","Calling Bell","Omamori","Letter Opener","Emotion Chip","Orichalcum"],"potions_floor_usage":[10,10,10,16,25],"damage_taken":[{"damage":0,"enemies":"Jaw Worm","floor":1,"turns":1},{"damage":0,"enemies":"2 Louse","floor":4,"turns":1},{"damage":0,"enemies":"Gremlin Nob","floor":6,"turns":1},{"damage":0,"enemies":"Cultist","floor":7,"turns":3},{"damage":37,"enemies":"3 Sentries","floor":10,"turns":8},{"damage":3,"enemies":"Exordium Thugs","floor":14,"turns":3},{"damage":6,"enemies":"Hexaghost","floor":16,"turns":6},{"damage":9,"enemies":"Chosen","floor":18,"turns":3},{"damage":16,"enemies":"Spheric Guardian","floor":20,"turns":4},{"damage":40,"enemies":"Cultist and Chosen","floor":22,"turns":6},{"damage":34,"enemies":"Gremlin Leader","floor":25,"turns":2}],"seed_played":"6929285076998555776","potions_obtained":[{"floor":4,"key":"EntropicBrew"},{"floor":6,"key":"LiquidBronze"},{"floor":16,"key":"Strength Potion"},{"floor":22,"key":"LiquidBronze"}],"is_trial":false,"path_per_floor":["M","$","?","M","?","E","M","R","T","E","R","$","R","M","R","B",null,"M","$","M","?","M","R","T","E"],"character_chosen":"DEFECT","items_purchased":["Defragment","Capacitor"],"campfire_rested":2,"item_purchase_floors":[12,19],"current_hp_per_floor":[64,64,64,64,43,43,43,43,43,6,27,27,27,31,31,32,61,59,59,43,43,10,31,31,0],"gold":211,"neow_bonus":"THREE_ENEMY_KILL","is_prod":false,"is_daily":false,"chose_seed":false,"campfire_upgraded":3,"win_rate":0,"timestamp":1552710891,"path_taken":["M","$","?","M","?","E","M","R","T","E","R","$","R","M","R","BOSS","M","$","M","?","?","R","?","E"],"build_version":"2019-01-23","purchased_purges":2,"victory":false,"max_hp_per_floor":[71,71,71,71,71,71,71,71,71,71,71,71,71,71,71,71,71,71,71,71,71,71,71,71,71],"card_choices":[{"not_picked":["Undo","Beam Cell"],"picked":"Go for the Eyes","floor":1},{"not_picked":["Gash","Hello World"],"picked":"Loop","floor":4},{"not_picked":["Reprogram","Steam"],"picked":"Ball Lightning","floor":6},{"not_picked":["Beam Cell","Steam"],"picked":"Hologram","floor":7},{"not_picked":["Streamline","Beam Cell"],"picked":"Self Repair","floor":10},{"not_picked":["Go for the Eyes","Doom and Gloom","Chaos"],"picked":"SKIP","floor":14},{"not_picked":["Rainbow","Reboot"],"picked":"Core Surge","floor":16},{"not_picked":["Go for the Eyes","Rebound"],"picked":"Leap","floor":18},{"not_picked":["Undo","FTL"],"picked":"Conserve Battery+1","floor":20},{"not_picked":["Capacitor","Cold Snap"],"picked":"Glacier","floor":22}],"player_experience":584056,"relics_obtained":[{"floor":6,"key":"Smiling Mask"},{"floor":9,"key":"Vajra"},{"floor":10,"key":"DataDisk"},{"floor":17,"key":"Omamori"},{"floor":17,"key":"Letter Opener"},{"floor":17,"key":"Emotion Chip"},{"floor":24,"key":"Orichalcum"}],"event_choices":[{"damage_healed":0,"gold_gain":0,"player_choice":"Leave","damage_taken":0,"max_hp_gain":0,"max_hp_loss":0,"event_name":"The Cleric","floor":3,"gold_loss":0},{"damage_healed":0,"gold_gain":0,"player_choice":"Entered Light","damage_taken":21,"max_hp_gain":0,"max_hp_loss":0,"event_name":"Shining Light","floor":5,"gold_loss":0,"cards_upgraded":["Strike_B","Loop"]},{"damage_healed":0,"gold_gain":0,"player_choice":"Ignored","damage_taken":0,"max_hp_gain":0,"max_hp_loss":0,"event_name":"N\u0027loth","floor":21,"gold_loss":0}],"is_beta":false,"boss_relics":[{"not_picked":["White Beast Statue","Cursed Key"],"picked":"Calling Bell"}],"items_purged_floors":[12,19],"is_endless":false,"potions_floor_spawned":[4,6,16,22],"killed_by":"Gremlin Leader","ascension_level":20}