{"gold_per_floor":[216,141,159,170,186,186,111,28,51,63,101,126,172,199,211,300,312,335,39,39,49,59,85,85],"floor_reached":24,"playtime":659,"items_purged":["Strike_R","Strike_R"],"score":556,"play_id":"6a7ef4ba-cc86-4001-a0e8-480138e7b56f","local_time":"20190510232322","is_ascension_mode":true,"campfire_choices":[{"data":"Bash","floor":6.0,"key":"SMITH"},{"data":"Bludgeon","floor":10.0,"key":"SMITH"},{"data":"Armaments","floor":15.0,"key":"SMITH"}],"neow_cost":"NONE","seed_source_timestamp":97998890378200,"circlet_count":0,"master_deck":["AscendersBane","Strike_R","Strike_R","Defend_R","Defend_R","Defend_R","Defend_R","Bash+1","Cleave","Seeing Red","Armaments+1","Bloodletting","Bludgeon+1","Headbutt","Iron Wave","Impervious+1","Inflame","Fiend Fire+1","Metallicize","Inflame","Body Slam+1","Dropkick+1"],"special_seed":0,"relics":["Burning Blood","MawBank","PreservedInsect","Molten Egg 2","Philosopher\u0027s Stone","Bag of Marbles","Happy Flower"],"potions_floor_usage":[24],"damage_taken":[{"damage":4.0,"enemies":"Small Slimes","floor":1.0,"turns":5.0},{"damage":1.0,"enemies":"Cultist","floor":3.0,"turns":3.0},{"damage":3.0,"enemies":"2 Louse","floor":4.0,"turns":2.0},{"damage":16.0,"enemies":"Large Slime","floor":5.0,"turns":7.0},{"damage":28.0,"enemies":"3 Sentries","floor":11.0,"turns":7.0},{"damage":8.0,"enemies":"Exordium Wildlife","floor":12.0,"turns":3.0},{"damage":6.0,"enemies":"Gremlin Nob","floor":13.0,"turns":3.0},{"damage":4.0,"enemies":"Red Slaver","floor":14.0,"turns":4.0},{"damage":3.0,"enemies":"Slime Boss","floor":16.0,"turns":3.0},{"damage":20.0,"enemies":"Shell Parasite","floor":18.0,"turns":3.0},{"damage":8.0,"enemies":"Chosen","floor":21.0,"turns":3.0},{"damage":36.0,"enemies":"Centurion and Healer","floor":22.0,"turns":5.0},{"damage":16.0,"enemies":"Gremlin Leader","floor":23.0,"turns":2.0},{"damage":26,"enemies":"3 Cultists","floor":24,"turns":4}],"seed_played":"7519325307017980263","potions_obtained":[{"floor":3.0,"key":"Fire Potion"},{"floor":12.0,"key":"Explosive Potion"},{"floor":16.0,"key":"Fire Potion"},{"floor":23.0,"key":"BloodPotion"}],"is_trial":false,"path_per_floor":["M","$","M","M","M","R","?","$","T","R","E","M","E","M","R","B",null,"M","$","?","M","M","E","M"],"character_chosen":"IRONCLAD","items_purchased":["Bludgeon","Inflame","Bag of Marbles"],"campfire_rested":0,"item_purchase_floors":[8,19,19],"current_hp_per_floor":[70,70,75,75,65,65,65,65,65,65,43,41,41,43,43,46,68,54,54,54,52,22,12,0],"gold":85,"neow_bonus":"HUNDRED_GOLD","is_prod":false,"is_daily":false,"chose_seed":false,"campfire_upgraded":3,"win_rate":0,"timestamp":1557527002,"path_taken":["M","$","M","M","M","R","?","$","T","R","E","M","E","M","R","BOSS","M","$","?","M","?","E","M"],"build_version":"2019-01-23","purchased_purges":2,"victory":false,"max_hp_per_floor":[75,75,75,75,75,75,75,75,75,75,75,75,75,75,75,75,75,75,75,75,75,75,75,75],"card_choices":[{"not_picked":["Sword Boomerang","Rupture"],"picked":"Cleave","floor":1.0},{"not_picked":["Evolve","Reckless Charge"],"picked":"Seeing Red","floor":3.0},{"not_picked":["Heavy Blade","Shockwave"],"picked":"Armaments","floor":4.0},{"not_picked":["Sword Boomerang","Anger"],"picked":"Bloodletting","floor":5.0},{"not_picked":["Cleave","Anger"],"picked":"Headbutt","floor":11.0},{"not_picked":["Thunderclap","True Grit"],"picked":"Iron Wave","floor":12.0},{"not_picked":["Perfected Strike","Intimidate"],"picked":"Impervious","floor":13.0},{"not_picked":["Armaments","Body Slam+1"],"picked":"Inflame","floor":14.0},{"not_picked":["Berserk","Barricade"],"picked":"Fiend Fire+1","floor":16.0},{"not_picked":["Shrug It Off","Searing Blow+1"],"picked":"Metallicize","floor":18.0},{"not_picked":["Sword Boomerang+1","Flex","Clash+1"],"picked":"SKIP","floor":21.0},{"not_picked":["Wild Strike+1","Searing Blow+1"],"picked":"Body Slam+1","floor":22.0},{"not_picked":["Perfected Strike+1","Blood for Blood+1"],"picked":"Dropkick+1","floor":23.0}],"player_experience":1350758,"relics_obtained":[{"floor":9.0,"key":"MawBank"},{"floor":11.0,"key":"PreservedInsect"},{"floor":13.0,"key":"Molten Egg 2"},{"floor":23.0,"key":"Happy Flower"}],"event_choices":[{"cards_removed":["Strike_R"],"damage_healed":0.0,"max_hp_gain":0.0,"max_hp_loss":0.0,"gold_gain":0.0,"event_name":"The Cleric","player_choice":"Card Removal","floor":7.0,"gold_loss":75.0,"damage_taken":0.0},{"damage_healed":0.0,"max_hp_gain":0.0,"max_hp_loss":0.0,"gold_gain":0.0,"event_name":"Upgrade Shrine","player_choice":"Upgraded","floor":20.0,"gold_loss":0.0,"damage_taken":0.0,"cards_upgraded":["Impervious"]}],"is_beta":false,"boss_relics":[{"not_picked":["Eternal Feather","Pandora\u0027s Box"],"picked":"Philosopher\u0027s Stone"}],"items_purged_floors":[2,19],"is_endless":false,"potions_floor_spawned":[3,12,16,18,23],"killed_by":"3 Cultists","ascension_level":20}