{"gold_per_floor":[119,119,129,141,25,58,58,58,58,88,47,47,61,77,77,149,149,168,168,183,183,19,19,19],"floor_reached":24,"playtime":657,"items_purged":["Strike_B"],"score":433,"play_id":"504b7196-0638-4cfd-a9e7-a1e5cf42f100","local_time":"20190612134513","is_ascension_mode":true,"campfire_choices":[{"data":"Defragment","floor":7.0,"key":"SMITH"},{"floor":12.0,"key":"REST"},{"data":"Defragment","floor":15.0,"key":"SMITH"},{"data":"Defragment","floor":23.0,"key":"SMITH"}],"neow_cost":"NONE","seed_source_timestamp":16546924466600,"circlet_count":0,"master_deck":["AscendersBane","Strike_B","Strike_B","Strike_B","Defend_B","Defend_B","Defend_B","Defend_B","Zap","Dualcast","Rainbow+1","Cold Snap","FTL","Defragment+1","Capacitor","FTL","Blizzard","Scrape","Defragment+1","Melter","Hologram","Biased Cognition","Redo+1","Defragment+1","Self Repair","Defragment+1"],"special_seed":0,"relics":["Cracked Core","Bottled Flame","Bag of Preparation","Centennial Puzzle","Orichalcum","Black Star"],"potions_floor_usage":[24,24],"damage_taken":[{"damage":7.0,"enemies":"Small Slimes","floor":1.0,"turns":4.0},{"damage":4.0,"enemies":"2 Louse","floor":3.0,"turns":2.0},{"damage":0.0,"enemies":"Jaw Worm","floor":4.0,"turns":3.0},{"damage":12.0,"enemies":"Lagavulin","floor":6.0,"turns":6.0},{"damage":10.0,"enemies":"Gremlin Nob","floor":10.0,"turns":3.0},{"damage":12.0,"enemies":"Exordium Wildlife","floor":13.0,"turns":4.0},{"damage":13.0,"enemies":"Gremlin Gang","floor":14.0,"turns":4.0},{"damage":3.0,"enemies":"Hexaghost","floor":16.0,"turns":8.0},{"damage":2.0,"enemies":"Chosen","floor":18.0,"turns":5.0},{"damage":13.0,"enemies":"Shell Parasite","floor":20.0,"turns":5.0},{"damage":43,"enemies":"Slavers","floor":24,"turns":3}],"seed_played":"6760902695011675281","potions_obtained":[{"floor":4.0,"key":"Energy Potion"},{"floor":10.0,"key":"Dexterity Potion"},{"floor":14.0,"key":"Swift Potion"}],"is_trial":false,"path_per_floor":["M","?","M","M","$","E","R","?","T","E","$","R","M","M","R","B",null,"M","?","M","?","$","R","E"],"character_chosen":"DEFECT","items_purchased":["Capacitor","FTL","Defragment","Defragment"],"campfire_rested":1,"item_purchase_floors":[5,5,11,22],"current_hp_per_floor":[57,57,53,53,53,41,41,36,36,26,26,47,35,22,22,19,58,56,56,43,43,43,43,0],"gold":19,"neow_bonus":"ONE_RANDOM_RARE_CARD","is_prod":false,"is_daily":false,"chose_seed":false,"campfire_upgraded":3,"win_rate":0,"timestamp":1560343513,"path_taken":["M","?","M","M","$","E","R","?","T","E","$","R","?","M","R","BOSS","M","?","?","?","$","R","E"],"build_version":"2019-01-23","purchased_purges":1,"victory":false,"max_hp_per_floor":[71,71,71,71,71,71,71,71,71,71,71,71,71,71,71,71,71,71,71,71,71,71,71,71],"card_choices":[{"not_picked":["Stack","Recycle"],"picked":"Cold Snap","floor":1.0},{"not_picked":["Turbo","Conserve Battery"],"picked":"FTL","floor":3.0},{"not_picked":["Beam Cell","Sweeping Beam"],"picked":"Defragment","floor":4.0},{"not_picked":["Rebound","Compile Driver"],"picked":"Blizzard","floor":6.0},{"not_picked":["Stack","Biased Cognition"],"picked":"Scrape","floor":10.0},{"not_picked":["Skim","Streamline"],"picked":"Melter","floor":13.0},{"not_picked":["Force Field","Sweeping Beam"],"picked":"Hologram","floor":14.0},{"not_picked":["Machine Learning","Meteor Strike"],"picked":"Biased Cognition","floor":16.0},{"not_picked":["Darkness","Beam Cell"],"picked":"Redo+1","floor":18.0},{"not_picked":["Loop","Rebound"],"picked":"Self Repair","floor":20.0}],"player_experience":1454570,"relics_obtained":[{"floor":6.0,"key":"Bottled Flame"},{"floor":9.0,"key":"Centennial Puzzle"},{"floor":10.0,"key":"Orichalcum"}],"event_choices":[{"damage_healed":0.0,"max_hp_gain":0.0,"max_hp_loss":0.0,"gold_gain":0.0,"event_name":"Living Wall","player_choice":"Grow","floor":2.0,"gold_loss":0.0,"damage_taken":0.0,"cards_upgraded":["Rainbow"]},{"damage_healed":0.0,"max_hp_gain":0.0,"max_hp_loss":0.0,"gold_gain":0.0,"event_name":"Scrap Ooze","player_choice":"Success","floor":8.0,"gold_loss":0.0,"damage_taken":5.0,"relics_obtained":["Bag of Preparation"]},{"damage_healed":0.0,"max_hp_gain":0.0,"max_hp_loss":0.0,"gold_gain":0.0,"event_name":"Duplicator","player_choice":"Copied","floor":19.0,"gold_loss":0.0,"damage_taken":0.0,"cards_obtained":["Defragment"]},{"damage_healed":0.0,"max_hp_gain":0.0,"max_hp_loss":0.0,"gold_gain":0.0,"event_name":"N\u0027loth","player_choice":"Ignored","floor":21.0,"gold_loss":0.0,"damage_taken":0.0}],"is_beta":false,"boss_relics":[{"not_picked":["Orrery","Calling Bell"],"picked":"Black Star"}],"items_purged_floors":[22],"is_endless":false,"potions_floor_spawned":[4,10,14,16,20],"killed_by":"Slavers","ascension_level":20}