{"gold_per_floor":[113,125,200,215,97,129,205,238,238,258,258,269,269,287,287,364,364,374,78,78,78,26,26,55,86,98,129,159,171,208,233,245,257],"floor_reached":33,"playtime":1654,"items_purged":["Strike_B"],"score":580,"play_id":"b7908595-009c-4572-a304-63b34429cd31","local_time":"20180822203714","is_ascension_mode":true,"campfire_choices":[{"floor":11,"key":"REST"},{"floor":13,"key":"REST"},{"data":"Loop","floor":15,"key":"SMITH"},{"data":"Creative AI","floor":23,"key":"SMITH"},{"floor":29,"key":"REST"},{"floor":32,"key":"REST"}],"neow_cost":"NONE","seed_source_timestamp":3972769069573338,"circlet_count":0,"master_deck":["Strike_B","Strike_B","Strike_B","Defend_B","Defend_B","Defend_B","Defend_B","Zap","Dualcast","AscendersBane","BootSequence","Ball Lightning","Leap","Go for the Eyes","Loop+1","Hologram","Conserve Battery","Chill","Auto Shields","Cold Snap","Creative AI+1","Stack+1","Ball Lightning","Defragment","Seek","Rebound","Cold Snap","Hologram+1","Seek"],"relics":["Cracked Core","Anchor","Matryoshka","Mercury Hourglass","Bottled Lightning","Bottled Flame","ClockworkSouvenir","MawBank","Centennial Puzzle","Juzu Bracelet","Ancient Tea Set"],"potions_floor_usage":[6,8,24,27,30],"damage_taken":[{"damage":6,"enemies":"Cultist","floor":1,"turns":4},{"damage":5,"enemies":"2 Louse","floor":2,"turns":2},{"damage":1,"enemies":"Small Slimes","floor":4,"turns":4},{"damage":24,"enemies":"3 Sentries","floor":6,"turns":8},{"damage":16,"enemies":"Lagavulin","floor":8,"turns":6},{"damage":0,"enemies":"Exordium Thugs","floor":10,"turns":3},{"damage":0,"enemies":"3 Louse","floor":12,"turns":3},{"damage":0,"enemies":"Blue Slaver","floor":14,"turns":3},{"damage":28,"enemies":"Hexaghost","floor":16,"turns":12},{"damage":17,"enemies":"2 Thieves","floor":18,"turns":4},{"damage":28,"enemies":"Book of Stabbing","floor":24,"turns":6},{"damage":13,"enemies":"Shell Parasite","floor":25,"turns":11},{"damage":0,"enemies":"Snake Plant","floor":27,"turns":5},{"damage":6,"enemies":"Centurion and Healer","floor":28,"turns":13},{"damage":0,"enemies":"Gremlin Leader","floor":30,"turns":9},{"damage":5,"enemies":"Cultist and Chosen","floor":31,"turns":6},{"damage":63,"enemies":"Champ","floor":33,"turns":13}],"seed_played":"-2392182908861688611","potions_obtained":[{"floor":2,"key":"EssenceOfSteel"},{"floor":6,"key":"SkillPotion"},{"floor":10,"key":"Poison Potion"},{"floor":12,"key":"Energy Potion"},{"floor":18,"key":"Fire Potion"},{"floor":27,"key":"SpeedPotion"},{"floor":28,"key":"Ancient Potion"},{"floor":31,"key":"FearPotion"}],"is_trial":false,"path_per_floor":["M","M","?","M","$","E","T","E","T","M","R","M","R","M","R","B",null,"M","$","?","?","$","R","E","M","T","M","M","R","E","M","R"],"character_chosen":"DEFECT","items_purchased":["Loop","Hologram","ClockworkSouvenir","Ball Lightning"],"campfire_rested":4,"item_purchase_floors":[5,5,19,22],"current_hp_per_floor":[58,53,42,41,41,17,17,1,1,1,22,22,43,43,43,15,57,40,40,54,54,54,54,26,13,13,13,7,28,28,23,44,0],"gold":257,"neow_bonus":"THREE_CARDS","is_prod":false,"is_daily":false,"chose_seed":false,"campfire_upgraded":2,"win_rate":0,"timestamp":1534984634,"path_taken":["M","M","?","M","$","E","?","E","T","M","R","M","R","M","R","BOSS","M","$","?","?","$","R","E","M","T","M","M","R","E","M","R","BOSS"],"build_version":"2018-08-16","purchased_purges":1,"victory":false,"max_hp_per_floor":[71,71,71,71,71,71,71,71,71,71,71,71,71,71,71,71,71,71,71,71,71,71,71,71,71,71,71,71,71,71,71,71,71],"card_choices":[{"not_picked":["Coolheaded","Gash"],"picked":"BootSequence","floor":0},{"not_picked":["Gash","Hologram"],"picked":"Ball Lightning","floor":1},{"not_picked":["BootSequence","Skim"],"picked":"Leap","floor":2},{"not_picked":["Fusion","Beam Cell"],"picked":"Go for the Eyes","floor":4},{"not_picked":["Static Discharge","Go for the Eyes"],"picked":"Conserve Battery","floor":6},{"not_picked":["Barrage","Go for the Eyes"],"picked":"Chill","floor":8},{"not_picked":["Rebound","Compile Driver"],"picked":"Auto Shields","floor":10},{"not_picked":["BootSequence","All For One","Redo"],"picked":"SKIP","floor":12},{"not_picked":["Rip and Tear","Beam Cell"],"picked":"Cold Snap","floor":14},{"not_picked":["Rainbow","Fission"],"picked":"Creative AI","floor":16},{"not_picked":["Redo","Fusion"],"picked":"Stack+1","floor":18},{"not_picked":["Go for the Eyes","Force Field"],"picked":"Defragment","floor":24},{"not_picked":["Barrage","Gash"],"picked":"Seek","floor":25},{"not_picked":["Streamline","Undo"],"picked":"Rebound","floor":27},{"not_picked":["Streamline+1","Gash"],"picked":"Cold Snap","floor":28},{"not_picked":["Stack","Steam+1"],"picked":"Hologram+1","floor":30},{"not_picked":["Hologram","Compile Driver+1"],"picked":"Seek","floor":31}],"player_experience":277462,"relics_obtained":[{"floor":6,"key":"Anchor"},{"floor":7,"key":"Matryoshka"},{"floor":8,"key":"Mercury Hourglass"},{"floor":9,"key":"Bottled Lightning"},{"floor":9,"key":"Bottled Flame"},{"floor":24,"key":"MawBank"},{"floor":26,"key":"Centennial Puzzle"},{"floor":26,"key":"Juzu Bracelet"},{"floor":30,"key":"Ancient Tea Set"}],"event_choices":[{"event_name":"World of Goop","player_choice":"Gather Gold","floor":3,"damage_taken":0},{"event_name":"The Library","player_choice":"Heal","floor":20,"damage_taken":0},{"event_name":"Ghosts","player_choice":"Ignored","floor":21,"damage_taken":0}],"is_beta":false,"boss_relics":[{"not_picked":["Philosopher\u0027s Stone","Snecko Eye","FrozenCore"]}],"items_purged_floors":[19],"is_endless":false,"potions_floor_spawned":[2,6,10,12,18,27,28,31],"killed_by":"Champ","ascension_level":16}