{"gold_per_floor":[113,44,58,77,92,119,119,194,194,194,213,239,239,257,257,359,359,347,347,363,363,377,377,395,395,395,395,426,436,456,72,72,174,174,190,190,203,203,103,103,33,43,69,69,69,86,86,103,103,103],"floor_reached":51,"playtime":2519,"items_purged":["Strike_G","Strike_G"],"score":735,"play_id":"c9efeb28-793f-4008-b4fd-09540d4def19","local_time":"20180731213312","is_ascension_mode":true,"campfire_choices":[{"data":"Neutralize","floor":7.0,"key":"SMITH"},{"data":"Noxious Fumes","floor":10.0,"key":"SMITH"},{"data":"Poisoned Stab","floor":13.0,"key":"SMITH"},{"floor":15.0,"key":"REST"},{"floor":23.0,"key":"REST"},{"floor":25.0,"key":"REST"},{"data":"After Image","floor":27.0,"key":"SMITH"},{"floor":32.0,"key":"REST"},{"floor":40.0,"key":"REST"},{"floor":44.0,"key":"REST"},{"floor":49,"key":"REST"}],"neow_cost":"NONE","seed_source_timestamp":0,"circlet_count":0,"master_deck":["Defend_G","Defend_G","Defend_G","Defend_G","Defend_G","Strike_G","Strike_G","Strike_G","Survivor","Neutralize+1","PiercingWail","Noxious Fumes+1","Poisoned Stab+1","Dagger Throw","Dodge and Roll","Deadly Poison","Poisoned Stab","Caltrops","Acrobatics","After Image+1","Cloak And Dagger","Heel Hook+1","Dagger Spray","Terror","Footwork+1","Crippling Poison","Noxious Fumes+1","Infinite Blades","Catalyst","Malaise","Well Laid Plans","Flying Knee+1","Accuracy","Panache","Catalyst+1","Madness","Madness","Cloak And Dagger"],"special_seed":0,"relics":["Ring of the Snake","Shuriken","Incense Burner","Nunchaku","StoneCalendar","Nloth\u0027s Gift","Ornamental Fan","Snake Skull","TwistedFunnel","Fusion Hammer","Pen Nib"],"potions_floor_usage":[50,50,50],"damage_taken":[{"damage":0.0,"enemies":"Cultist","floor":1.0,"turns":4.0},{"damage":0.0,"enemies":"2 Louse","floor":3.0,"turns":3.0},{"damage":0.0,"enemies":"Small Slimes","floor":4.0,"turns":3.0},{"damage":2.0,"enemies":"Looter","floor":5.0,"turns":4.0},{"damage":15.0,"enemies":"3 Sentries","floor":6.0,"turns":8.0},{"damage":3.0,"enemies":"Red Slaver","floor":11.0,"turns":5.0},{"damage":7.0,"enemies":"Lagavulin","floor":12.0,"turns":6.0},{"damage":7.0,"enemies":"Blue Slaver","floor":14.0,"turns":5.0},{"damage":1.0,"enemies":"Hexaghost","floor":16.0,"turns":9.0},{"damage":8.0,"enemies":"2 Thieves","floor":18.0,"turns":4.0},{"damage":0.0,"enemies":"Chosen","floor":20.0,"turns":4.0},{"damage":15.0,"enemies":"Centurion and Healer","floor":22.0,"turns":7.0},{"damage":24.0,"enemies":"Sentry and Sphere","floor":24.0,"turns":8.0},{"damage":9.0,"enemies":"Book of Stabbing","floor":28.0,"turns":7.0},{"damage":13.0,"enemies":"3 Cultists","floor":29.0,"turns":4.0},{"damage":6.0,"enemies":"Snecko","floor":30.0,"turns":6.0},{"damage":40.0,"enemies":"Automaton","floor":33.0,"turns":9.0},{"damage":24.0,"enemies":"3 Darklings","floor":35.0,"turns":7.0},{"damage":3.0,"enemies":"3 Shapes","floor":37.0,"turns":4.0},{"damage":9.0,"enemies":"Flame Bruiser 2 Orb","floor":42.0,"turns":6.0},{"damage":33.0,"enemies":"Transient","floor":46.0,"turns":5.0},{"damage":10.0,"enemies":"Sphere and 2 Shapes","floor":48.0,"turns":6.0},{"damage":28,"enemies":"Awakened One","floor":50,"turns":9}],"seed_played":"345175610764545726","potions_obtained":[{"floor":36.0,"key":"Dexterity Potion"}],"is_trial":false,"path_per_floor":["M","$","M","M","M","E","R","?","T","R","M","E","R","M","R","B",null,"M","T","M","?","M","R","M","R","T","R","E","M","M","$","R","B",null,"M","?","M","?","$","R","$","M","T","R","?","M","?","M","R","B"],"character_chosen":"THE_SILENT","items_purchased":["Noxious Fumes","Infinite Blades","Catalyst","TwistedFunnel","Accuracy"],"campfire_rested":7,"item_purchase_floors":[2,31,31,31,41],"current_hp_per_floor":[70,70,70,70,68,53,53,42,42,42,39,32,32,25,46,45,70,62,62,62,62,47,68,44,65,65,65,56,43,37,37,58,18,70,46,46,43,43,43,64,64,55,55,70,70,37,28,18,39,11],"gold":103,"neow_bonus":"THREE_SMALL_POTIONS","is_prod":false,"is_daily":false,"chose_seed":false,"campfire_upgraded":4,"win_rate":0,"timestamp":1533087192,"path_taken":["M","?","M","M","M","E","R","?","T","R","M","E","R","M","R","BOSS","M","?","M","?","M","R","M","R","T","R","E","M","M","$","R","BOSS","M","?","M","?","$","R","$","M","T","R","?","M","?","?","R","BOSS"],"build_version":"2018-07-26","purchased_purges":2,"victory":true,"max_hp_per_floor":[70,70,70,70,70,70,70,70,70,70,70,70,70,70,70,70,70,70,70,70,70,70,70,70,70,70,70,70,70,70,70,70,70,70,70,70,70,70,70,70,70,70,70,70,70,70,70,70,70,70],"card_choices":[{"not_picked":["Bane","Deflect"],"picked":"PiercingWail","floor":1.0},{"not_picked":["Blade Dance","Distraction"],"picked":"Poisoned Stab","floor":3.0},{"not_picked":["Acrobatics","Finisher"],"picked":"Dagger Throw","floor":4.0},{"not_picked":["All Out Attack","Prepared"],"picked":"Dodge and Roll","floor":5.0},{"not_picked":["Flechettes","Blade Dance"],"picked":"Deadly Poison","floor":6.0},{"not_picked":["Skewer","Night Terror"],"picked":"Poisoned Stab","floor":11.0},{"not_picked":["PiercingWail","Calculated Gamble"],"picked":"Caltrops","floor":12.0},{"not_picked":["PiercingWail","Riddle With Holes"],"picked":"Acrobatics","floor":14.0},{"not_picked":["Glass Knife","Envenom"],"picked":"After Image","floor":16.0},{"not_picked":[],"picked":"Cloak And Dagger","floor":18.0},{"not_picked":[],"picked":"Heel Hook+1","floor":20.0},{"not_picked":["Finisher","Distraction"],"picked":"Dagger Spray","floor":22.0},{"not_picked":["Deflect","Flying Knee"],"picked":"Terror","floor":24.0},{"not_picked":["Storm of Steel","Sucker Punch"],"picked":"Footwork+1","floor":28.0},{"not_picked":["Escape Plan","Cloak And Dagger"],"picked":"Crippling Poison","floor":29.0},{"not_picked":["Dagger Throw","Acrobatics+1"],"picked":"Noxious Fumes+1","floor":30.0},{"not_picked":["Venomology","Tools of the Trade"],"picked":"Malaise","floor":33.0},{"not_picked":["Cloak And Dagger+1","Bane"],"picked":"Well Laid Plans","floor":35.0},{"not_picked":["Well Laid Plans","Glass Knife"],"picked":"Flying Knee+1","floor":37.0},{"not_picked":["Bane","Outmaneuver+1","Slice"],"picked":"SKIP","floor":42.0},{"not_picked":["Deep Breath","Master of Strategy"],"picked":"Panache","floor":45.0},{"not_picked":["Dodge and Roll+1","Tactician"],"picked":"Catalyst+1","floor":46.0},{"not_picked":["Heel Hook","Quick Slash"],"picked":"Cloak And Dagger","floor":48.0}],"player_experience":190623,"relics_obtained":[{"floor":6.0,"key":"Shuriken"},{"floor":9.0,"key":"Incense Burner"},{"floor":12.0,"key":"Nunchaku"},{"floor":19.0,"key":"StoneCalendar"},{"floor":26.0,"key":"Ornamental Fan"},{"floor":28.0,"key":"Snake Skull"},{"floor":43.0,"key":"Pen Nib"}],"event_choices":[{"event_name":"World of Goop","player_choice":"Gather Gold","floor":8.0,"damage_taken":0.0},{"event_name":"N\u0027loth","player_choice":"Traded a Busted Crown","floor":21.0,"damage_taken":0.0},{"event_name":"The Lab","player_choice":"Got Potions","floor":36.0,"damage_taken":0.0},{"event_name":"Mysterious Sphere","player_choice":"Ignore","floor":38.0,"damage_taken":0.0},{"event_name":"SensoryStone","player_choice":"Memory 1","floor":45.0,"damage_taken":0.0},{"event_name":"Winding Halls","player_choice":"Embrace Madness","floor":47.0,"damage_taken":0.0}],"is_beta":false,"boss_relics":[{"not_picked":["Coffee Dripper","HoveringKite"],"picked":"Busted Crown"},{"not_picked":["White Beast Statue","Snecko Eye"],"picked":"Fusion Hammer"}],"items_purged_floors":[31,39],"is_endless":false,"potions_floor_spawned":[3,6,14,24,29,30,33,37,42,48],"ascension_level":1}