{"gold_per_floor":[112,128,128,10,26,26,39,72,151,151,151,186,205,225,225,225],"floor_reached":16,"playtime":418,"items_purged":["Strike_B"],"score":224,"play_id":"57f03666-8e9a-4a74-8a9f-254c85000c6f","local_time":"20190526224603","is_ascension_mode":true,"campfire_choices":[{"data":"Scrape","floor":6.0,"key":"SMITH"},{"floor":10.0,"key":"REST"},{"floor":15,"key":"REST"}],"neow_cost":"NONE","seed_source_timestamp":102040417570700,"circlet_count":0,"master_deck":["AscendersBane","Strike_B","Strike_B","Defend_B","Defend_B","Defend_B+1","Zap+1","Dualcast","Rip and Tear","Compile Driver","Scrape+1","FTL","Gash","Static Discharge","Machine Learning","White Noise"],"special_seed":0,"relics":["Cracked Core","Thread and Needle","Frozen Egg 2","Regal Pillow"],"potions_floor_usage":[16],"damage_taken":[{"damage":0.0,"enemies":"Small Slimes","floor":1.0,"turns":2.0},{"damage":2.0,"enemies":"2 Louse","floor":2.0,"turns":2.0},{"damage":0.0,"enemies":"Cultist","floor":5.0,"turns":2.0},{"damage":7.0,"enemies":"Large Slime","floor":7.0,"turns":4.0},{"damage":30.0,"enemies":"Lagavulin","floor":8.0,"turns":6.0},{"damage":13.0,"enemies":"3 Sentries","floor":12.0,"turns":6.0},{"damage":1.0,"enemies":"Red Slaver","floor":13.0,"turns":2.0},{"damage":1,"enemies":"Blue Slaver","floor":14,"turns":2},{"damage":47,"enemies":"Slime Boss","floor":16,"turns":7}],"seed_played":"-940670305470725637","potions_obtained":[{"floor":1.0,"key":"SteroidPotion"},{"floor":2.0,"key":"Weak Potion"},{"floor":8.0,"key":"LiquidBronze"},{"floor":14,"key":"Block Potion"}],"is_trial":false,"path_per_floor":["M","M","?","$","M","R","M","E","T","R","?","E","M","M","R","B"],"character_chosen":"DEFECT","items_purchased":["FTL"],"campfire_rested":2,"item_purchase_floors":[4],"current_hp_per_floor":[64,62,41,41,41,41,34,4,4,25,18,5,4,3,39,0],"gold":225,"neow_bonus":"TRANSFORM_CARD","is_prod":false,"is_daily":false,"chose_seed":false,"campfire_upgraded":1,"win_rate":0,"timestamp":1558907163,"path_taken":["M","M","?","$","M","R","M","E","T","R","?","E","M","M","R","BOSS"],"build_version":"2019-01-23","purchased_purges":1,"victory":false,"max_hp_per_floor":[71,71,71,71,71,71,71,71,71,71,71,71,71,71,71,71],"card_choices":[{"not_picked":["White Noise","Coolheaded"],"picked":"Compile Driver","floor":1.0},{"not_picked":["Turbo","Reinforced Body"],"picked":"Scrape","floor":2.0},{"not_picked":["Rebound","Static Discharge"],"picked":"Gash","floor":5.0},{"not_picked":["Turbo","Conserve Battery"],"picked":"Static Discharge","floor":7.0},{"not_picked":["Stack","Go for the Eyes"],"picked":"Machine Learning","floor":8.0},{"not_picked":["Blizzard","Sweeping Beam","Redo"],"picked":"SKIP","floor":12.0},{"not_picked":["Rebound","Coolheaded"],"picked":"White Noise","floor":13.0},{"not_picked":["Turbo","Redo","Rebound"],"picked":"SKIP","floor":14}],"player_experience":1408948,"relics_obtained":[{"floor":8.0,"key":"Thread and Needle"},{"floor":9.0,"key":"Frozen Egg 2"},{"floor":12.0,"key":"Regal Pillow"}],"event_choices":[{"damage_healed":0.0,"max_hp_gain":0.0,"max_hp_loss":0.0,"gold_gain":0.0,"event_name":"Shining Light","player_choice":"Entered Light","floor":3.0,"gold_loss":0.0,"damage_taken":21.0,"cards_upgraded":["Zap","Defend_B"]},{"cards_removed":["Defend_B"],"damage_healed":0.0,"max_hp_gain":0.0,"max_hp_loss":0.0,"gold_gain":0.0,"event_name":"Golden Wing","player_choice":"Card Removal","floor":11.0,"gold_loss":0.0,"damage_taken":7.0}],"is_beta":false,"boss_relics":[],"items_purged_floors":[4],"is_endless":false,"potions_floor_spawned":[1,2,8,14],"killed_by":"Slime Boss","ascension_level":20}