{"gold_per_floor":[110,11,11,11,22,22,57,57,57,75,75,125,155,168,168,241,241,256,272,272,300,300,300,314,314,314,348,185,211,211,231,231,309,309,327,427,438,209,209,209,209,209,209,241,258,258,283,505,505,505,505],"floor_reached":52,"playtime":2133,"items_purged":[],"score":2004,"play_id":"1e9ba75f-57f0-47fc-9868-9807d5a0e8e8","local_time":"20190227034019","is_ascension_mode":true,"campfire_choices":[{"floor":6.0,"key":"DIG"},{"floor":8.0,"key":"DIG"},{"floor":11.0,"key":"DIG"},{"floor":15.0,"key":"DIG"},{"floor":23,"key":"REST"},{"floor":25,"key":"DIG"},{"floor":32,"key":"REST"},{"floor":40,"key":"DIG"},{"floor":46,"key":"DIG"},{"floor":49,"key":"DIG"}],"neow_cost":"NONE","seed_source_timestamp":94662017535300,"circlet_count":0,"master_deck":["AscendersBane","Defend_G","Defend_G","Defend_G","Defend_G+1","Defend_G","Strike_G","Strike_G","Strike_G","Strike_G","Survivor","Neutralize","Underhanded Strike","Escape Plan","Prepared+1","Concentrate","Backstab","Backstab","Die Die Die","Predator","Dagger Spray","Necronomicurse","Predator","Acrobatics+1","Die Die Die","Choke","Blade Dance","Backflip","Mayhem","Dramatic Entrance","Backstab+1","Blade Dance"],"special_seed":0,"relics":["Ring of the Snake","NeowsBlessing","Shovel","Centennial Puzzle","War Paint","Anchor","Ice Cream","Shuriken","Meat on the Bone","Pantograph","Black Star","Red Mask","Necronomicon","Gremlin Horn","Paper Crane","Kunai","Strawberry","Juzu Bracelet","Bronze Scales","Potion Belt","Eternal Feather","Bird Faced Urn","HandDrill","Snake Skull","Mummified Hand","Ancient Tea Set","Singing Bowl","Ornamental Fan","The Courier","Dead Branch","Vajra"],"potions_floor_usage":[16,18,20,27,27,44,44,51,51],"damage_taken":[{"damage":0.0,"enemies":"2 Louse","floor":1.0,"turns":1.0},{"damage":0.0,"enemies":"Cultist","floor":5.0,"turns":1.0},{"damage":0.0,"enemies":"3 Sentries","floor":7.0,"turns":1.0},{"damage":0.0,"enemies":"Jaw Worm","floor":10.0,"turns":5.0},{"damage":28.0,"enemies":"Gremlin Nob","floor":13.0,"turns":4.0},{"damage":0.0,"enemies":"Large Slime","floor":14.0,"turns":8.0},{"damage":50,"enemies":"Slime Boss","floor":16,"turns":13},{"damage":10,"enemies":"Shell Parasite","floor":18,"turns":6},{"damage":12,"enemies":"2 Thieves","floor":19,"turns":4},{"damage":10,"enemies":"Colosseum Slavers","floor":20,"turns":4},{"damage":5,"enemies":"Masked Bandits","floor":21,"turns":3},{"damage":2,"enemies":"3 Cultists","floor":24,"turns":5},{"damage":14,"enemies":"Slavers","floor":27,"turns":3},{"damage":12,"enemies":"Book of Stabbing","floor":29,"turns":4},{"damage":8,"enemies":"Snecko","floor":31,"turns":4},{"damage":16,"enemies":"Automaton","floor":33,"turns":8},{"damage":0,"enemies":"Orb Walker","floor":35,"turns":3},{"damage":10,"enemies":"Mind Bloom Boss Battle","floor":36,"turns":6},{"damage":0,"enemies":"3 Darklings","floor":37,"turns":3},{"damage":13,"enemies":"Giant Head","floor":44,"turns":6},{"damage":22,"enemies":"Writhing Mass","floor":45,"turns":3},{"damage":0,"enemies":"Reptomancer","floor":47,"turns":4},{"damage":31,"enemies":"Donu and Deca","floor":50,"turns":5},{"damage":44,"enemies":"Time Eater","floor":51,"turns":7}],"seed_played":"-36321954996027450","potions_obtained":[{"floor":5.0,"key":"LiquidBronze"},{"floor":13.0,"key":"LiquidBronze"},{"floor":16,"key":"SkillPotion"},{"floor":19,"key":"Swift Potion"},{"floor":21,"key":"Ancient Potion"},{"floor":24,"key":"Energy Potion"},{"floor":29,"key":"Poison Potion"},{"floor":35,"key":"SkillPotion"},{"floor":36,"key":"SkillPotion"},{"floor":44,"key":"AttackPotion"}],"is_trial":false,"path_per_floor":["M","$","?","$","M","R","E","R","T","M","R","?","E","M","R","B",null,"M","M","?","?","?","R","M","R","T","E","$","E","?","M","R","B",null,"M","?","M","$","?","R","T","?","T","E","M","R","E","?","R","B","B",null],"character_chosen":"THE_SILENT","items_purchased":["Escape Plan","Dagger Spray","Juzu Bracelet","HandDrill"],"campfire_rested":2,"item_purchase_floors":[2,2,28,38],"current_hp_per_floor":[59,59,59,59,59,59,59,59,59,59,59,59,31,43,43,28,57,47,35,37,44,23,42,40,40,40,45,45,45,45,37,58,57,69,69,63,65,65,65,73,73,63,63,52,42,60,64,64,75,46,41],"gold":505,"neow_bonus":"THREE_ENEMY_KILL","is_prod":false,"is_daily":false,"chose_seed":false,"campfire_upgraded":0,"win_rate":0,"timestamp":1551267619,"path_taken":["M","$","?","$","M","R","E","R","T","?","R","?","E","M","R","BOSS","M","M","?","?","?","R","M","R","T","E","$","E","?","M","R","BOSS","M","?","M","$","?","R","?","?","T","E","M","R","E","?","R","BOSS","BOSS"],"build_version":"2019-01-23","purchased_purges":0,"victory":true,"max_hp_per_floor":[66,66,66,66,66,66,66,66,66,66,66,66,66,66,66,66,66,66,66,66,66,66,66,66,66,66,73,73,73,73,73,73,73,73,73,73,73,73,73,73,73,73,73,73,73,73,75,75,75,75,75],"card_choices":[{"not_picked":["Flechettes","Dagger Throw"],"picked":"Underhanded Strike","floor":1.0},{"not_picked":["Bane","Reflex"],"picked":"Prepared","floor":5.0},{"not_picked":["Phantasmal Killer","Calculated Gamble"],"picked":"Footwork","floor":7.0},{"not_picked":["Cloak And Dagger","Caltrops"],"picked":"Concentrate","floor":10.0},{"not_picked":["Dodge and Roll","Dagger Throw"],"picked":"Backstab","floor":13.0},{"not_picked":["Poisoned Stab","Prepared"],"picked":"Backstab","floor":14.0},{"not_picked":["Night Terror","Tools of the Trade"],"picked":"Die Die Die","floor":16},{"not_picked":["Bane","Dagger Spray"],"picked":"Predator","floor":18},{"not_picked":["Dodge and Roll","Deflect"],"picked":"Dagger Spray","floor":19},{"not_picked":["Tactician","Caltrops"],"picked":"Predator","floor":24},{"not_picked":["Tools of the Trade","Eviscerate","Predator"],"picked":"SKIP","floor":27},{"not_picked":["All Out Attack","PiercingWail","Sucker Punch"],"picked":"SKIP","floor":29},{"not_picked":["Underhanded Strike","Dagger Spray"],"picked":"Acrobatics+1","floor":31},{"not_picked":["Doppelganger","Venomology"],"picked":"Die Die Die","floor":33},{"not_picked":["Escape Plan","Acrobatics"],"picked":"Choke","floor":35},{"not_picked":["Slice+1","Cloak And Dagger"],"picked":"Blade Dance","floor":36},{"not_picked":["Dagger Spray","Outmaneuver+1"],"picked":"Backflip","floor":37},{"not_picked":["Purity","Madness"],"picked":"Mayhem","floor":42},{"not_picked":["Trip","Finesse"],"picked":"Dramatic Entrance","floor":42},{"not_picked":["Predator","Acrobatics"],"picked":"Backstab+1","floor":44},{"not_picked":["Prepared","Masterful Stab"],"picked":"Blade Dance","floor":45},{"not_picked":["Reflex","Sucker Punch+1","Calculated Gamble"],"picked":"Singing Bowl","floor":47}],"player_experience":1212131,"relics_obtained":[{"floor":6.0,"key":"Centennial Puzzle"},{"floor":7.0,"key":"War Paint"},{"floor":8.0,"key":"Anchor"},{"floor":9.0,"key":"Ice Cream"},{"floor":11.0,"key":"Shuriken"},{"floor":13.0,"key":"Meat on the Bone"},{"floor":15.0,"key":"Pantograph"},{"floor":21,"key":"Red Mask"},{"floor":22,"key":"Necronomicon"},{"floor":25,"key":"Gremlin Horn"},{"floor":26,"key":"Paper Crane"},{"floor":27,"key":"Kunai"},{"floor":27,"key":"Strawberry"},{"floor":29,"key":"Bronze Scales"},{"floor":29,"key":"Potion Belt"},{"floor":36,"key":"Bird Faced Urn"},{"floor":40,"key":"Snake Skull"},{"floor":43,"key":"Mummified Hand"},{"floor":44,"key":"Ancient Tea Set"},{"floor":44,"key":"Singing Bowl"},{"floor":46,"key":"Ornamental Fan"},{"floor":47,"key":"The Courier"},{"floor":47,"key":"Dead Branch"},{"floor":49,"key":"Vajra"}],"event_choices":[{"cards_removed":["Dagger Spray"],"damage_healed":0.0,"max_hp_gain":0.0,"max_hp_loss":0.0,"gold_gain":0.0,"event_name":"WeMeetAgain","player_choice":"Gave Card","floor":3.0,"gold_loss":0.0,"damage_taken":0.0,"relics_obtained":["Shovel"]},{"damage_healed":0.0,"max_hp_gain":0.0,"max_hp_loss":0.0,"gold_gain":50.0,"event_name":"Golden Wing","player_choice":"Gained Gold","floor":12.0,"gold_loss":0.0,"damage_taken":0.0},{"damage_healed":0,"gold_gain":0,"player_choice":"Fight","damage_taken":0,"max_hp_gain":0,"max_hp_loss":0,"event_name":"Colosseum","floor":20,"gold_loss":0},{"damage_healed":0,"gold_gain":0,"player_choice":"Fled From Nobs","damage_taken":0,"max_hp_gain":0,"max_hp_loss":0,"event_name":"Colosseum","floor":20,"gold_loss":0},{"damage_healed":0,"gold_gain":0,"player_choice":"Fought Bandits","damage_taken":0,"max_hp_gain":0,"max_hp_loss":0,"event_name":"Masked Bandits","floor":21,"gold_loss":0},{"damage_healed":0,"gold_gain":0,"player_choice":"Obtained Book","damage_taken":21,"max_hp_gain":0,"max_hp_loss":0,"event_name":"Cursed Tome","floor":22,"gold_loss":0},{"cards_removed":["Strike_G"],"damage_healed":0,"gold_gain":0,"player_choice":"Offered Basic","damage_taken":0,"max_hp_gain":0,"max_hp_loss":0,"event_name":"Bonfire Elementals","floor":30,"gold_loss":0},{"damage_healed":0,"gold_gain":0,"player_choice":"Fight","damage_taken":0,"max_hp_gain":0,"max_hp_loss":0,"event_name":"MindBloom","floor":36,"gold_loss":0},{"cards_removed":["Footwork"],"damage_healed":0,"gold_gain":0,"player_choice":"Removed Power","damage_taken":0,"max_hp_gain":0,"max_hp_loss":0,"event_name":"Falling","floor":39,"gold_loss":0},{"damage_healed":0,"gold_gain":0,"player_choice":"Memory 3","damage_taken":10,"max_hp_gain":0,"max_hp_loss":0,"event_name":"SensoryStone","floor":42,"gold_loss":0},{"damage_healed":0,"gold_gain":222,"player_choice":"Wore Mask","damage_taken":0,"max_hp_gain":0,"max_hp_loss":0,"event_name":"Tomb of Lord Red Mask","floor":48,"gold_loss":0}],"is_beta":false,"boss_relics":[{"not_picked":["Ectoplasm","Tiny House"],"picked":"Black Star"},{"not_picked":["Runic Pyramid","Fusion Hammer"],"picked":"Eternal Feather"}],"items_purged_floors":[],"is_endless":false,"potions_floor_spawned":[5,13,16,19,20,21,24,29,35,36,44],"ascension_level":20}