{"gold_per_floor":[119,130,57,57,57,89,89,114,114,114,132,151,164,183,183,284,284,297,153,78,78,92,92,127,145,196,23,42,42,60,76,76,173,173,193,213,224,11,11,11,11,11,11,21,21,21,21,32,32,32],"floor_reached":50,"playtime":2260,"items_purged":["Strike_G","Strike_G"],"score":594,"play_id":"ca57d8f8-17b6-4776-a027-c3c6bf5ff422","local_time":"20180806170634","is_ascension_mode":true,"campfire_choices":[{"data":"Noxious Fumes","floor":7.0,"key":"SMITH"},{"data":"Cloak And Dagger","floor":10.0,"key":"SMITH"},{"data":"Noxious Fumes","floor":15.0,"key":"SMITH"},{"data":"Noxious Fumes","floor":23.0,"key":"SMITH"},{"data":"Footwork","floor":29.0,"key":"SMITH"},{"data":"Envenom","floor":32.0,"key":"SMITH"},{"data":"Footwork","floor":40.0,"key":"SMITH"},{"data":"1","floor":46.0,"key":"LIFT"},{"floor":49.0,"key":"REST"}],"neow_cost":"NONE","seed_source_timestamp":2577141150701851,"circlet_count":0,"master_deck":["Defend_G","Defend_G+1","Defend_G","Defend_G","Defend_G","Strike_G","Strike_G","Survivor","Neutralize+1","Backstab","Deadly Poison","Noxious Fumes+1","Cloak And Dagger+1","Unload","Dagger Spray","Noxious Fumes+1","Backflip","Accuracy","Glass Knife","Dodge and Roll","Noxious Fumes+1","After Image","Backstab+1","Glass Knife","Footwork+1","Blade Dance","Cloak And Dagger+1","Envenom+1","After Image","Noxious Fumes+1","Blade Dance","Footwork+1","After Image","Blur+1"],"special_seed":0,"relics":["Ring of the Serpent","Bag of Preparation","Pen Nib","Thread and Needle","Darkstone Periapt","Eternal Feather","Omamori","Centennial Puzzle","Orichalcum","Happy Flower","Calipers","Girya"],"potions_floor_usage":[50],"damage_taken":[{"damage":0.0,"enemies":"Jaw Worm","floor":1.0,"turns":6.0},{"damage":0.0,"enemies":"Small Slimes","floor":2.0,"turns":2.0},{"damage":13.0,"enemies":"3 Sentries","floor":6.0,"turns":10.0},{"damage":2.0,"enemies":"Gremlin Nob","floor":8.0,"turns":3.0},{"damage":0.0,"enemies":"2 Louse","floor":11.0,"turns":2.0},{"damage":0.0,"enemies":"Blue Slaver","floor":12.0,"turns":2.0},{"damage":0.0,"enemies":"Looter","floor":13.0,"turns":2.0},{"damage":0.0,"enemies":"Red Slaver","floor":14.0,"turns":1.0},{"damage":6.0,"enemies":"Hexaghost","floor":16.0,"turns":7.0},{"damage":5.0,"enemies":"Spheric Guardian","floor":18.0,"turns":5.0},{"damage":0.0,"enemies":"3 Byrds","floor":22.0,"turns":4.0},{"damage":18.0,"enemies":"Book of Stabbing","floor":24.0,"turns":7.0},{"damage":4.0,"enemies":"Snake Plant","floor":25.0,"turns":4.0},{"damage":1.0,"enemies":"Sentry and Sphere","floor":28.0,"turns":5.0},{"damage":0.0,"enemies":"Snecko","floor":30.0,"turns":3.0},{"damage":10.0,"enemies":"Slaver and Parasite","floor":31.0,"turns":6.0},{"damage":47.0,"enemies":"Champ","floor":33.0,"turns":12.0},{"damage":9.0,"enemies":"Flame Bruiser 1 Orb","floor":35.0,"turns":6.0},{"damage":20.0,"enemies":"3 Darklings","floor":36.0,"turns":6.0},{"damage":15.0,"enemies":"Sphere and 2 Shapes","floor":37.0,"turns":7.0},{"damage":0.0,"enemies":"4 Shapes","floor":44.0,"turns":6.0},{"damage":10.0,"floor":45.0,"turns":7.0},{"damage":54.0,"enemies":"Transient","floor":48.0,"turns":5.0},{"damage":82,"enemies":"Donu and Deca","floor":50,"turns":9}],"seed_played":"3987727916382144056","potions_obtained":[{"floor":1.0,"key":"Block Potion"},{"floor":6.0,"key":"Fire Potion"},{"floor":11.0,"key":"Fire Potion"},{"floor":16.0,"key":"Block Potion"},{"floor":18.0,"key":"GhostInAJar"},{"floor":24.0,"key":"Regen Potion"},{"floor":30.0,"key":"FairyPotion"},{"floor":31.0,"key":"Fire Potion"},{"floor":44.0,"key":"Swift Potion"}],"is_trial":false,"path_per_floor":["M","M","$","?","?","E","R","E","T","R","M","M","M","M","R","B",null,"M","$","?","?","M","R","E","M","T","$","M","R","M","M","R","B",null,"M","M","M","$","?","R","?","T","T","M","?","R","?","M","R"],"character_chosen":"THE_SILENT","items_purchased":["Noxious Fumes","Noxious Fumes","Footwork","Orichalcum","Footwork"],"campfire_rested":1,"item_purchase_floors":[3,19,27,38,38],"current_hp_per_floor":[70,70,70,75,60,47,47,45,45,45,45,45,45,45,45,39,75,70,70,70,70,70,75,57,67,67,67,66,75,75,65,75,28,75,66,46,31,31,66,66,66,66,66,66,56,66,66,12,49,0],"gold":32,"neow_bonus":"RANDOM_COMMON_RELIC","is_prod":false,"is_daily":false,"chose_seed":false,"campfire_upgraded":7,"win_rate":0,"timestamp":1533589594,"path_taken":["M","M","$","?","?","E","R","E","T","R","M","?","?","M","R","BOSS","M","$","?","?","M","R","E","M","T","?","M","R","M","M","R","BOSS","M","M","?","$","?","R","?","?","T","M","?","R","?","M","R","BOSS"],"build_version":"2018-08-02","purchased_purges":2,"victory":false,"max_hp_per_floor":[70,70,70,75,75,75,75,75,75,75,75,75,75,75,75,75,75,75,75,75,75,75,75,75,75,75,75,75,75,75,75,75,75,75,75,75,75,75,66,66,66,66,66,66,66,66,66,66,66,66],"card_choices":[{"not_picked":["Backflip","Blade Dance"],"picked":"Backstab","floor":1.0},{"not_picked":["Acrobatics","Underhanded Strike"],"picked":"Deadly Poison","floor":2.0},{"not_picked":["Calculated Gamble","Bane"],"picked":"Cloak And Dagger","floor":6.0},{"not_picked":["Crippling Poison","Tactician"],"picked":"Unload","floor":8.0},{"not_picked":["Sucker Punch","Blade Dance"],"picked":"Dagger Spray","floor":11.0},{"not_picked":["Dodge and Roll","Dash"],"picked":"Noxious Fumes","floor":12.0},{"not_picked":["Well Laid Plans","PiercingWail"],"picked":"Backflip","floor":13.0},{"not_picked":["Underhanded Strike","Dash"],"picked":"Accuracy","floor":14.0},{"not_picked":["Storm of Steel","Grand Finale"],"picked":"Glass Knife","floor":16.0},{"not_picked":["Underhanded Strike+1","Prepared"],"picked":"Dodge and Roll","floor":18.0},{"not_picked":["Finisher","Outmaneuver"],"picked":"Backstab+1","floor":22.0},{"not_picked":["Underhanded Strike+1","Masterful Stab"],"picked":"Glass Knife","floor":24.0},{"not_picked":["Masterful Stab","Slice+1","Bane"],"picked":"SKIP","floor":25.0},{"not_picked":["Concentrate","Predator"],"picked":"Blade Dance","floor":28.0},{"not_picked":["Calculated Gamble+1","Dodge and Roll"],"picked":"Cloak And Dagger+1","floor":30.0},{"not_picked":["Predator","Backflip+1"],"picked":"Envenom","floor":31.0},{"not_picked":["Corpse Explosion","Tools of the Trade"],"picked":"After Image","floor":33.0},{"not_picked":["Acrobatics+1","Slice+1"],"picked":"Noxious Fumes+1","floor":35.0},{"not_picked":["Deflect","Sucker Punch","Reflex"],"picked":"SKIP","floor":36.0},{"not_picked":["Skewer+1","Outmaneuver+1"],"picked":"Blade Dance","floor":37.0},{"not_picked":["Outmaneuver","Acrobatics+1"],"picked":"Blur+1","floor":44.0},{"not_picked":["Outmaneuver+1","Dagger Throw"],"picked":"Poisoned Stab+1","floor":45.0},{"not_picked":["Tactician","Dash","Choke+1"],"picked":"SKIP","floor":48.0}],"player_experience":225737,"relics_obtained":[{"floor":6.0,"key":"Pen Nib"},{"floor":8.0,"key":"Thread and Needle"},{"floor":9.0,"key":"Darkstone Periapt"},{"floor":24.0,"key":"Omamori"},{"floor":26.0,"key":"Centennial Puzzle"},{"floor":42.0,"key":"Happy Flower"},{"floor":43.0,"key":"Calipers"},{"floor":45.0,"key":"Girya"}],"event_choices":[{"event_name":"Big Fish","player_choice":"Donut","floor":4.0,"damage_taken":0.0},{"event_name":"Shining Light","player_choice":"Entered Light","floor":5.0,"damage_taken":0.0},{"event_name":"Beggar","player_choice":"Gave Gold","floor":20.0,"damage_taken":0.0},{"event_name":"The Library","player_choice":"Read","floor":21.0,"damage_taken":0.0},{"event_name":"The Moai Head","player_choice":"Heal","floor":39.0,"damage_taken":0.0},{"event_name":"Duplicator","player_choice":"One dupe","floor":41.0,"damage_taken":0.0},{"event_name":"MindBloom","player_choice":"Fight","floor":45.0,"damage_taken":0.0},{"event_name":"Falling","player_choice":"Removed Attack","floor":47.0,"damage_taken":0.0}],"is_beta":false,"boss_relics":[{"not_picked":["Snecko Eye","Runic Dome"],"picked":"Eternal Feather"},{"not_picked":["Fusion Hammer","Busted Crown"],"picked":"Ring of the Serpent"}],"items_purged_floors":[19,27],"is_endless":false,"potions_floor_spawned":[1,6,11,16,18,24,30,31,44],"killed_by":"Donu and Deca","ascension_level":4}