{"gold_per_floor":[11,22,22,38,48,83,83,96,173,173,190,32,58,58,58,136,136,150,150,185,185,200,228,228,5,5,15,46,59,59,159,159,236,236,250,140,150,150,19,48,48,75,75,75,94,126,126,126,126,126,126,126,126,126,154,154],"floor_reached":57,"playtime":4561,"items_purged":["Pain"],"score":3172,"play_id":"70255401-354b-4092-afc9-dcc198205f8b","local_time":"20190708224354","is_ascension_mode":true,"campfire_choices":[{"data":"Neutralize","floor":7.0,"key":"SMITH"},{"data":"Dagger Spray","floor":10.0,"key":"SMITH"},{"data":"Footwork","floor":15.0,"key":"SMITH"},{"data":"Well Laid Plans","floor":24.0,"key":"SMITH"},{"data":"Footwork","floor":30.0,"key":"SMITH"},{"data":"Malaise","floor":32.0,"key":"SMITH"},{"floor":41.0,"key":"REST"},{"data":"Noxious Fumes","floor":44.0,"key":"SMITH"},{"floor":47.0,"key":"REST"},{"floor":49.0,"key":"RECALL"},{"data":"Adrenaline","floor":53.0,"key":"SMITH"}],"neow_cost":"NO_GOLD","seed_source_timestamp":0,"circlet_count":0,"master_deck":["AscendersBane","Defend_G","Defend_G","Defend_G","Defend_G","Defend_G","Survivor","Neutralize+1","Dash","Slice+1","Dagger Spray+1","Backflip","Skewer","Glass Knife","Footwork+1","PiercingWail","Malaise+1","Sucker Punch","Well Laid Plans+1","Dagger Spray","PiercingWail","Cloak And Dagger","Adrenaline+1","Footwork+1","Flying Knee+1","After Image","Expertise+1","Backflip+1","Caltrops+1","Backflip+1","Noxious Fumes+1","Backflip","Catalyst","After Image","Dagger Spray+1","Footwork+1","Escape Plan+1"],"special_seed":0,"relics":["Ring of the Snake","Thread and Needle","WarpedTongs","Blood Vial","Blue Candle","Calipers","Sozu","Red Mask","Dream Catcher","Nunchaku","ClockworkSouvenir","Art of War","Pen Nib","Mango","Ornamental Fan","Astrolabe","Question Card","Dodecahedron","Sundial","Ancient Tea Set","Torii"],"potions_floor_usage":[56],"damage_taken":[{"damage":0.0,"enemies":"Small Slimes","floor":1.0,"turns":4.0},{"damage":0.0,"enemies":"Cultist","floor":2.0,"turns":4.0},{"damage":1.0,"enemies":"Jaw Worm","floor":4.0,"turns":3.0},{"damage":1.0,"enemies":"Looter","floor":5.0,"turns":3.0},{"damage":20.0,"enemies":"Lagavulin","floor":6.0,"turns":10.0},{"damage":9.0,"enemies":"Large Slime","floor":8.0,"turns":11.0},{"damage":1.0,"enemies":"Red Slaver","floor":11.0,"turns":4.0},{"damage":5.0,"enemies":"Gremlin Nob","floor":13.0,"turns":4.0},{"damage":6.0,"enemies":"Hexaghost","floor":16.0,"turns":11.0},{"damage":0.0,"enemies":"Shell Parasite","floor":18.0,"turns":8.0},{"damage":9.0,"enemies":"Masked Bandits","floor":20.0,"turns":6.0},{"damage":0.0,"enemies":"Spheric Guardian","floor":22.0,"turns":6.0},{"damage":17.0,"enemies":"Gremlin Leader","floor":23.0,"turns":13.0},{"damage":0.0,"enemies":"Chosen and Byrds","floor":27.0,"turns":8.0},{"damage":3.0,"enemies":"Book of Stabbing","floor":28.0,"turns":9.0},{"damage":0.0,"enemies":"Cultist and Chosen","floor":29.0,"turns":6.0},{"damage":0.0,"enemies":"Colosseum Slavers","floor":31.0,"turns":4.0},{"damage":8.0,"enemies":"Colosseum Nobs","floor":31.0,"turns":5.0},{"damage":0.0,"enemies":"Collector","floor":33.0,"turns":19.0},{"damage":0.0,"enemies":"3 Shapes","floor":35.0,"turns":7.0},{"damage":0.0,"enemies":"3 Darklings","floor":37.0,"turns":6.0},{"damage":49.0,"enemies":"Reptomancer","floor":40.0,"turns":8.0},{"damage":0.0,"enemies":"Nemesis","floor":42.0,"turns":9.0},{"damage":1.0,"enemies":"Jaw Worm Horde","floor":45.0,"turns":7.0},{"damage":2.0,"enemies":"Giant Head","floor":46.0,"turns":12.0},{"damage":0.0,"enemies":"Time Eater","floor":50.0,"turns":16.0},{"damage":0.0,"enemies":"Donu and Deca","floor":51.0,"turns":13.0},{"damage":21.0,"enemies":"Shield and Spear","floor":55.0,"turns":9.0},{"damage":34,"enemies":"The Heart","floor":56,"turns":17}],"seed_played":"587560261161314787","potions_obtained":[{"floor":4.0,"key":"Ancient Potion"},{"floor":6.0,"key":"LiquidBronze"},{"floor":8.0,"key":"GhostInAJar"}],"is_trial":false,"path_per_floor":["M","M","?","M","M","E","R","M","T","R","M","$","E","$","R","B",null,"M","?","?","?","M","E","R","$","T","M","E","M","R","?","R","B",null,"M","?","M","T","$","E","R","E","T","R","M","E","R","?","R","B","B",null,"R","$","E","B",null],"character_chosen":"THE_SILENT","items_purchased":["Footwork","ClockworkSouvenir","Noxious Fumes","Backflip"],"campfire_rested":2,"item_purchase_floors":[12,25,39,39],"current_hp_per_floor":[59,59,59,58,57,37,37,30,30,30,31,31,28,28,28,24,56,58,58,51,51,53,38,38,38,38,40,39,41,41,51,51,53,73,75,75,77,77,77,30,54,56,56,56,57,57,80,80,80,80,80,80,80,80,59,27],"gold":154,"neow_bonus":"ONE_RARE_RELIC","is_prod":false,"is_daily":false,"chose_seed":false,"campfire_upgraded":8,"win_rate":0,"timestamp":1562640234,"path_taken":["M","M","?","?","M","E","R","M","T","R","M","?","E","$","R","BOSS","M","?","?","?","M","E","R","$","T","?","E","M","R","?","R","BOSS","M","?","?","?","$","E","R","E","T","R","M","E","R","?","R","BOSS","BOSS","R","$","E","BOSS"],"build_version":"2019-07-05","purchased_purges":1,"victory":true,"max_hp_per_floor":[66,66,66,66,66,66,66,66,66,66,66,66,66,66,66,66,66,66,66,66,66,66,66,66,66,66,66,66,66,66,80,80,80,80,80,80,80,80,80,80,80,80,80,80,80,80,80,80,80,80,80,80,80,80,80,80],"card_choices":[{"not_picked":["Dodge and Roll","Deflect"],"picked":"Dash","floor":1.0},{"not_picked":["Prepared","Blade Dance"],"picked":"Slice","floor":2.0},{"not_picked":["Underhanded Strike","All Out Attack"],"picked":"Dagger Spray","floor":4.0},{"not_picked":["Blur","Escape Plan"],"picked":"Backflip","floor":5.0},{"not_picked":["Choke","Escape Plan","Endless Agony"],"picked":"SKIP","floor":6.0},{"not_picked":["Choke","Accuracy"],"picked":"Skewer","floor":8.0},{"not_picked":["Expertise","Quick Slash"],"picked":"Glass Knife","floor":11.0},{"not_picked":["Prepared","Quick Slash"],"picked":"PiercingWail","floor":13.0},{"not_picked":["Bullet Time","Doppelganger"],"picked":"Malaise","floor":16.0},{"not_picked":["Slice","Flechettes+1"],"picked":"Sucker Punch","floor":18.0},{"not_picked":["Outmaneuver+1","Poisoned Stab"],"picked":"Well Laid Plans","floor":20.0},{"not_picked":["Infinite Blades","Slice+1"],"picked":"Dagger Spray","floor":22.0},{"not_picked":["Slice","Sucker Punch"],"picked":"PiercingWail","floor":23.0},{"not_picked":["Bane","Well Laid Plans"],"picked":"Cloak And Dagger","floor":27.0},{"not_picked":["Doppelganger","Acrobatics"],"picked":"Adrenaline","floor":28.0},{"not_picked":["Escape Plan","Reflex"],"picked":"Footwork","floor":29.0},{"not_picked":["Bane+1","Quick Slash+1"],"picked":"Flying Knee+1","floor":31.0},{"not_picked":["Bullet Time","Phantasmal Killer"],"picked":"After Image","floor":33.0},{"not_picked":["Deflect","Masterful Stab+1","Distraction+1"],"picked":"SKIP","floor":35.0},{"not_picked":["Blade Dance","Flying Knee"],"picked":"Backflip+1","floor":37.0},{"not_picked":["Endless Agony+1","Poisoned Stab"],"picked":"Catalyst","floor":40.0},{"not_picked":["A Thousand Cuts","Underhanded Strike+1","All Out Attack"],"picked":"After Image","floor":42.0},{"not_picked":["Prepared+1","Masterful Stab","Blade Dance"],"picked":"Dagger Spray+1","floor":45.0},{"not_picked":["Deadly Poison","Choke","Deflect","Phantasmal Killer"],"picked":"SKIP","floor":46.0},{"not_picked":["Outmaneuver","Deadly Poison","Endless Agony"],"picked":"Footwork+1","floor":47.0},{"not_picked":["Acrobatics","Outmaneuver","Expertise"],"picked":"Escape Plan+1","floor":55.0}],"player_experience":922999,"relics_obtained":[{"floor":6.0,"key":"Blood Vial"},{"floor":9.0,"key":"Blue Candle"},{"floor":13.0,"key":"Calipers"},{"floor":20.0,"key":"Red Mask"},{"floor":21.0,"key":"Dream Catcher"},{"floor":23.0,"key":"Nunchaku"},{"floor":26.0,"key":"Art of War"},{"floor":28.0,"key":"Pen Nib"},{"floor":31.0,"key":"Mango"},{"floor":31.0,"key":"Ornamental Fan"},{"floor":40.0,"key":"Question Card"},{"floor":42.0,"key":"Dodecahedron"},{"floor":43.0,"key":"Sundial"},{"floor":46.0,"key":"Ancient Tea Set"},{"floor":55.0,"key":"Torii"}],"event_choices":[{"damage_healed":0.0,"max_hp_gain":0.0,"max_hp_loss":0.0,"gold_gain":0.0,"event_name":"Accursed Blacksmith","player_choice":"Rummage","floor":3.0,"gold_loss":0.0,"damage_taken":0.0,"relics_obtained":["WarpedTongs"],"cards_obtained":["Pain"]},{"damage_healed":0.0,"max_hp_gain":0.0,"max_hp_loss":0.0,"gold_gain":0.0,"event_name":"The Mausoleum","player_choice":"Ignored","floor":19.0,"gold_loss":0.0,"damage_taken":0.0},{"damage_healed":0.0,"max_hp_gain":0.0,"max_hp_loss":0.0,"gold_gain":0.0,"event_name":"Masked Bandits","player_choice":"Fought Bandits","floor":20.0,"gold_loss":0.0,"damage_taken":0.0},{"damage_healed":0.0,"max_hp_gain":0.0,"max_hp_loss":0.0,"gold_gain":0.0,"event_name":"Wheel of Change","player_choice":"Relic","floor":21.0,"gold_loss":0.0,"damage_taken":0.0},{"damage_healed":0.0,"max_hp_gain":0.0,"max_hp_loss":0.0,"gold_gain":0.0,"event_name":"Colosseum","player_choice":"Fight","floor":31.0,"gold_loss":0.0,"damage_taken":0.0},{"damage_healed":0.0,"max_hp_gain":0.0,"max_hp_loss":0.0,"gold_gain":0.0,"event_name":"Colosseum","player_choice":"Fought Nobs","floor":31.0,"gold_loss":0.0,"damage_taken":0.0},{"cards_removed":["Strike_G"],"damage_healed":0.0,"max_hp_gain":0.0,"max_hp_loss":0.0,"gold_gain":0.0,"event_name":"Designer","player_choice":"Upgrade and Remove","floor":36.0,"gold_loss":110.0,"damage_taken":0.0,"cards_upgraded":["Slice"]},{"cards_removed":["Strike_G"],"damage_healed":0.0,"max_hp_gain":0.0,"max_hp_loss":0.0,"gold_gain":0.0,"event_name":"Bonfire Elementals","player_choice":"Offered Basic","floor":48.0,"gold_loss":0.0,"damage_taken":0.0}],"is_beta":false,"boss_relics":[{"not_picked":["Orrery","WristBlade"],"picked":"Sozu"},{"not_picked":["Velvet Choker","Eternal Feather"],"picked":"Astrolabe"}],"items_purged_floors":[12],"is_endless":false,"potions_floor_spawned":[4,6,8,18,23,28,31,31,33,42],"ascension_level":20}