{"gold_per_floor":[116,166,179,196,212,212,61,90,90,104,115,132,132,143,143,214,214,233,233,70,87,105,105,105],"floor_reached":24,"playtime":950,"items_purged":[],"score":404,"play_id":"9e8865dc-fa9b-4094-910f-1987008df2b4","local_time":"20181201000534","is_ascension_mode":true,"campfire_choices":[{"data":"Neutralize","floor":6,"key":"SMITH"},{"floor":13,"key":"REST"},{"data":"Noxious Fumes","floor":15,"key":"SMITH"},{"floor":23,"key":"REST"}],"neow_cost":"NONE","seed_source_timestamp":107927228412805,"circlet_count":0,"master_deck":["AscendersBane","Defend_G","Defend_G","Defend_G","Defend_G","Defend_G","Strike_G","Strike_G","Strike_G","Strike_G","Strike_G","Survivor","Neutralize+1","Impatience","Flying Knee","Cloak And Dagger","Cloak And Dagger","After Image","Noxious Fumes+1","Sucker Punch","Flying Knee","Dagger Spray","Bouncing Flask","Wraith Form v2","Caltrops","Quick Slash","Cloak And Dagger"],"special_seed":0,"relics":["Ring of the Snake","Matryoshka","Ancient Tea Set","Darkstone Periapt","Sozu","Bronze Scales"],"potions_floor_usage":[8,8,12,12],"damage_taken":[{"damage":2.0,"enemies":"Small Slimes","floor":1.0,"turns":5.0},{"damage":0,"enemies":"Cultist","floor":3,"turns":4},{"damage":0,"enemies":"2 Louse","floor":4,"turns":3},{"damage":4,"enemies":"Red Slaver","floor":5,"turns":5},{"damage":2,"enemies":"Gremlin Nob","floor":8,"turns":3},{"damage":8,"enemies":"2 Fungi Beasts","floor":10,"turns":5},{"damage":0,"enemies":"Looter","floor":11,"turns":4},{"damage":16,"enemies":"Gremlin Gang","floor":12,"turns":5},{"damage":16,"enemies":"Large Slime","floor":14,"turns":7},{"damage":14,"enemies":"Hexaghost","floor":16,"turns":9},{"damage":11,"enemies":"Spheric Guardian","floor":18,"turns":4},{"damage":0,"enemies":"3 Byrds","floor":21,"turns":2},{"damage":29,"enemies":"Snake Plant","floor":22,"turns":4},{"damage":40,"enemies":"Chosen and Byrds","floor":24,"turns":5}],"seed_played":"-3087806800737762005","potions_obtained":[{"floor":1.0,"key":"SteroidPotion"},{"floor":5,"key":"FearPotion"},{"floor":8,"key":"GhostInAJar"},{"floor":11,"key":"SteroidPotion"},{"floor":14,"key":"GhostInAJar"},{"floor":16,"key":"Dexterity Potion"}],"is_trial":false,"path_per_floor":["M","?","M","M","M","R","$","E","T","M","M","M","R","M","R","B",null,"M","?","$","M","M","R","M"],"character_chosen":"THE_SILENT","items_purchased":["After Image","Bronze Scales"],"campfire_rested":2,"item_purchase_floors":[7,20],"current_hp_per_floor":[57,51,51,51,47,47,47,45,45,37,37,21,40,24,24,10,52,41,41,41,41,12,31,0],"gold":105,"neow_bonus":"RANDOM_COLORLESS","is_prod":false,"is_daily":false,"chose_seed":false,"campfire_upgraded":2,"win_rate":0,"timestamp":1543640734,"path_taken":["M","?","?","M","M","R","$","E","T","M","M","M","R","?","R","BOSS","M","?","$","M","M","R","?"],"build_version":"2018-11-15","purchased_purges":0,"victory":false,"max_hp_per_floor":[66,66,66,66,66,66,66,66,66,66,66,66,66,66,66,66,66,66,66,66,66,66,66,66],"card_choices":[{"not_picked":["Footwork","Poisoned Stab"],"picked":"Flying Knee","floor":1.0},{"not_picked":["Endless Agony","Setup","Outmaneuver"],"picked":"SKIP","floor":3},{"not_picked":["Dodge and Roll","Flechettes"],"picked":"Cloak And Dagger","floor":4},{"not_picked":["Deflect","Setup"],"picked":"Cloak And Dagger","floor":5},{"not_picked":["Blade Dance","Flechettes"],"picked":"Noxious Fumes","floor":8},{"not_picked":["Choke","Underhanded Strike"],"picked":"Sucker Punch","floor":10},{"not_picked":["Well Laid Plans","Choke"],"picked":"Flying Knee","floor":11},{"not_picked":["Blade Dance","Acrobatics"],"picked":"Dagger Spray","floor":12},{"not_picked":["Backflip","Dagger Spray"],"picked":"Bouncing Flask","floor":14},{"not_picked":["Storm of Steel","Grand Finale"],"picked":"Wraith Form v2","floor":16},{"not_picked":["Cloak And Dagger+1","Prepared"],"picked":"Caltrops","floor":18},{"not_picked":["Acrobatics","Reflex"],"picked":"Quick Slash","floor":21},{"not_picked":["Underhanded Strike","Dagger Spray"],"picked":"Cloak And Dagger","floor":22}],"player_experience":469864,"relics_obtained":[{"floor":8,"key":"Matryoshka"},{"floor":9,"key":"Ancient Tea Set"},{"floor":9,"key":"Darkstone Periapt"}],"event_choices":[{"damage_healed":0,"gold_gain":50,"player_choice":"Touch","damage_taken":6,"max_hp_gain":0,"max_hp_loss":0,"event_name":"FaceTrader","floor":2,"gold_loss":0},{"damage_healed":0,"gold_gain":0,"player_choice":"Ignored","damage_taken":0,"max_hp_gain":0,"max_hp_loss":0,"event_name":"N\u0027loth","floor":19,"gold_loss":0}],"is_beta":false,"boss_relics":[{"not_picked":["Eternal Feather","Ring of the Serpent"],"picked":"Sozu"}],"items_purged_floors":[],"is_endless":false,"potions_floor_spawned":[1,5,8,11,14,16,21],"killed_by":"Chosen and Byrds","ascension_level":20}