{"gold_per_floor":[111,111,129,148,164,164,177,192,261,261,231,249,249,264,264,360,360,360],"floor_reached":18,"playtime":726,"items_purged":[],"score":156,"play_id":"0da003fa-5407-4033-a990-b9b47ed83647","local_time":"20190112163519","is_ascension_mode":false,"campfire_choices":[{"floor":6,"key":"REST"},{"data":"Defragment","floor":15,"key":"SMITH"}],"neow_cost":"NONE","seed_source_timestamp":227461293125945,"circlet_count":0,"master_deck":["Strike_B","Strike_B","Strike_B","Strike_B","Defend_B","Defend_B","Defend_B","Defend_B","Zap","Dualcast+1","Parasite","Parasite","Clumsy","Scrape","Defragment+1","Skim","Loop","Sunder","Multi-Cast","Hologram","Coolheaded","Hello World","Creative AI"],"relics":["Calling Bell","Vajra","Pantograph","Thread and Needle","FaceOfCleric","Meat on the Bone","Philosopher\u0027s Stone"],"potions_floor_usage":[16],"damage_taken":[{"damage":2,"enemies":"2 Louse","floor":1,"turns":3},{"damage":3,"enemies":"Cultist","floor":3,"turns":5},{"damage":7,"enemies":"Jaw Worm","floor":4,"turns":3},{"damage":25,"enemies":"Gremlin Gang","floor":5,"turns":7},{"damage":3,"enemies":"Blue Slaver","floor":7,"turns":5},{"damage":13,"enemies":"Lots of Slimes","floor":8,"turns":5},{"damage":1,"enemies":"Looter","floor":11,"turns":4},{"damage":14,"enemies":"3 Louse","floor":12,"turns":3},{"damage":5,"enemies":"Exordium Wildlife","floor":14,"turns":6},{"damage":33,"enemies":"Slime Boss","floor":16,"turns":11},{"damage":84,"enemies":"3 Byrds","floor":18,"turns":4}],"seed_played":"5984358144975263389","potions_obtained":[{"floor":4,"key":"EntropicBrew"},{"floor":5,"key":"Fire Potion"},{"floor":7,"key":"SpeedPotion"},{"floor":16,"key":"FearPotion"}],"is_trial":false,"path_per_floor":["M","?","M","M","M","R","M","M","T","?","M","M","?","M","R","B",null,"M"],"character_chosen":"DEFECT","items_purchased":[],"campfire_rested":1,"item_purchase_floors":[],"current_hp_per_floor":[73,73,71,65,41,64,62,50,50,50,50,49,82,78,78,51,84,0],"gold":360,"neow_bonus":"BOSS_RELIC","is_prod":false,"is_daily":false,"chose_seed":false,"campfire_upgraded":1,"win_rate":0.0,"timestamp":1547339719,"path_taken":["M","?","?","M","M","R","M","?","T","?","?","M","?","?","R","BOSS","M"],"build_version":"2019-01-10","purchased_purges":0,"victory":false,"max_hp_per_floor":[75,75,76,77,78,78,79,80,80,80,81,82,82,83,83,84,84,84],"card_choices":[{"not_picked":["Self Repair","Gash"],"picked":"Scrape","floor":1},{"not_picked":["Stack","Go for the Eyes"],"picked":"Defragment","floor":3},{"not_picked":["Ball Lightning","Fusion"],"picked":"Skim","floor":4},{"not_picked":["Sweeping Beam","Ball Lightning"],"picked":"Loop","floor":5},{"not_picked":["Self Repair","Leap"],"picked":"Sunder","floor":7},{"not_picked":["Melter","Ball Lightning"],"picked":"Multi-Cast","floor":8},{"not_picked":["Gash","Tempest"],"picked":"Hologram","floor":11},{"not_picked":["Hello World","Electrodynamics"],"picked":"Coolheaded","floor":12},{"not_picked":["Steam","Stack"],"picked":"Hello World","floor":14},{"not_picked":["Seek","Amplify"],"picked":"Creative AI","floor":16}],"player_experience":122863,"relics_obtained":[{"floor":0,"key":"Vajra"},{"floor":0,"key":"Pantograph"},{"floor":0,"key":"Thread and Needle"},{"floor":9,"key":"Meat on the Bone"}],"event_choices":[{"damage_healed":0,"gold_gain":0,"player_choice":"Trade","damage_taken":0,"relics_obtained":["FaceOfCleric"],"max_hp_gain":0,"max_hp_loss":0,"event_name":"FaceTrader","floor":2,"gold_loss":0},{"damage_healed":0,"gold_gain":0,"player_choice":"Upgraded","damage_taken":0,"max_hp_gain":0,"max_hp_loss":0,"event_name":"Upgrade Shrine","floor":10,"gold_loss":0,"cards_upgraded":["Dualcast"]},{"damage_healed":33,"gold_gain":0,"player_choice":"Full Heal","damage_taken":0,"max_hp_gain":0,"max_hp_loss":0,"event_name":"Wheel of Change","floor":13,"gold_loss":0}],"is_beta":false,"boss_relics":[{"not_picked":["Lizard Tail","Coffee Dripper"],"picked":"Philosopher\u0027s Stone"}],"items_purged_floors":[],"is_endless":false,"potions_floor_spawned":[4,5,7,12,16],"killed_by":"3 Byrds","ascension_level":0}