{"gold_per_floor":[116,127,138,151,168,168,201,201,201,166,177,177,177,205,205,276,276,286,0,13,13,31,31,31],"floor_reached":24,"playtime":968,"items_purged":[],"score":416,"play_id":"3c15f096-4b7e-4256-b261-369572e220f1","local_time":"20181112223245","is_ascension_mode":true,"campfire_choices":[{"data":"Loop","floor":6.0,"key":"SMITH"},{"floor":8.0,"key":"REST"},{"data":"Zap","floor":12.0,"key":"SMITH"},{"data":"Creative AI","floor":15.0,"key":"SMITH"},{"floor":23,"key":"REST"}],"neow_cost":"NONE","seed_source_timestamp":0,"circlet_count":0,"master_deck":["AscendersBane","Strike_B+1","Strike_B+1","Strike_B+1","Defend_B+1","Defend_B+1","Defend_B+1","Zap+1","Dualcast","Loop+1","Reinforced Body","Conserve Battery","Conserve Battery","Self Repair","Conserve Battery","Go for the Eyes","Go for the Eyes","Creative AI+1","All For One","Gash+1","Leap","Coolheaded+1"],"special_seed":0,"relics":["Cracked Core","Smiling Mask","Shuriken","Letter Opener","Eternal Feather"],"potions_floor_usage":[22],"damage_taken":[{"damage":0.0,"enemies":"2 Louse","floor":1.0,"turns":3.0},{"damage":1.0,"enemies":"Cultist","floor":2.0,"turns":4.0},{"damage":0.0,"enemies":"Jaw Worm","floor":3.0,"turns":3.0},{"damage":15.0,"enemies":"Large Slime","floor":4.0,"turns":8.0},{"damage":0.0,"enemies":"2 Fungi Beasts","floor":5.0,"turns":4.0},{"damage":24.0,"enemies":"3 Sentries","floor":7.0,"turns":7.0},{"damage":0.0,"enemies":"Gremlin Gang","floor":11.0,"turns":3.0},{"damage":30.0,"enemies":"Gremlin Nob","floor":14.0,"turns":4.0},{"damage":36.0,"enemies":"Hexaghost","floor":16.0,"turns":10.0},{"damage":19,"enemies":"Spheric Guardian","floor":18,"turns":5},{"damage":31,"enemies":"Chosen","floor":20,"turns":5},{"damage":20,"enemies":"Snake Plant","floor":22,"turns":5},{"damage":44,"enemies":"3 Cultists","floor":24,"turns":4}],"seed_played":"-2877930714095189589","potions_obtained":[{"floor":3.0,"key":"Poison Potion"},{"floor":4.0,"key":"Strength Potion"},{"floor":5.0,"key":"PowerPotion"},{"floor":7.0,"key":"Explosive Potion"},{"floor":18,"key":"Poison Potion"}],"is_trial":false,"path_per_floor":["M","M","M","M","M","R","E","R","T","?","M","R","?","E","R","B",null,"M","?","M","?","M","R","M"],"character_chosen":"DEFECT","items_purchased":[],"campfire_rested":2,"item_purchase_floors":[],"current_hp_per_floor":[64,63,63,48,55,55,38,59,59,71,71,71,71,48,48,19,58,46,46,22,22,9,42,0],"gold":31,"neow_bonus":"TRANSFORM_CARD","is_prod":false,"is_daily":false,"chose_seed":false,"campfire_upgraded":3,"win_rate":0,"timestamp":1542079965,"path_taken":["M","M","M","M","M","R","E","R","T","?","M","R","?","E","R","BOSS","M","?","M","?","M","R","M"],"build_version":"2018-11-08","purchased_purges":0,"victory":false,"max_hp_per_floor":[71,71,71,71,71,71,71,71,71,71,71,71,71,71,71,71,71,71,71,71,71,71,71,71],"card_choices":[{"not_picked":["Beam Cell","Reprogram"],"picked":"Reinforced Body","floor":1.0},{"not_picked":["Leap","Blizzard"],"picked":"Conserve Battery","floor":2.0},{"not_picked":["Stack","Barrage"],"picked":"Conserve Battery","floor":3.0},{"not_picked":["Streamline","Genetic Algorithm"],"picked":"Self Repair","floor":4.0},{"not_picked":["Redo","Go for the Eyes"],"picked":"Conserve Battery","floor":5.0},{"not_picked":["Gash","Static Discharge"],"picked":"Go for the Eyes","floor":7.0},{"not_picked":["Tempest","Melter"],"picked":"Go for the Eyes","floor":11.0},{"not_picked":["Hyperbeam","Stack"],"picked":"Creative AI","floor":14.0},{"not_picked":["Creative AI","Meteor Strike"],"picked":"All For One","floor":16.0},{"not_picked":["Force Field","Redo"],"picked":"Gash+1","floor":18},{"not_picked":["Hologram","Barrage"],"picked":"Leap","floor":20},{"not_picked":["Compile Driver","Rebound"],"picked":"Coolheaded+1","floor":22}],"player_experience":419300,"relics_obtained":[{"floor":7.0,"key":"Smiling Mask"},{"floor":9.0,"key":"Shuriken"},{"floor":14.0,"key":"Letter Opener"}],"event_choices":[{"damage_healed":17.0,"max_hp_gain":0.0,"max_hp_loss":0.0,"gold_gain":0.0,"event_name":"The Cleric","player_choice":"Healed","floor":10.0,"gold_loss":35.0,"damage_taken":0.0},{"cards_removed":["Defend_B"],"damage_healed":0.0,"max_hp_gain":0.0,"max_hp_loss":0.0,"gold_gain":0.0,"event_name":"Purifier","player_choice":"Purged","floor":13.0,"gold_loss":0.0,"damage_taken":0.0},{"damage_healed":0,"gold_gain":0,"player_choice":"Paid Fearfully","damage_taken":0,"max_hp_gain":0,"max_hp_loss":0,"event_name":"Masked Bandits","floor":19,"gold_loss":286},{"damage_healed":0,"gold_gain":0,"player_choice":"Simplicity","damage_taken":0,"max_hp_gain":0,"max_hp_loss":0,"event_name":"Back to Basics","floor":21,"gold_loss":0,"cards_upgraded":["Strike_B","Strike_B","Strike_B","Defend_B","Defend_B","Defend_B"]}],"is_beta":false,"boss_relics":[{"not_picked":["Orrery","Runic Dome"],"picked":"Eternal Feather"}],"items_purged_floors":[],"is_endless":false,"potions_floor_spawned":[3,4,5,7,18],"killed_by":"3 Cultists","ascension_level":20}