{"gold_per_floor":[15,90,105,26,42,67,67,100,147,147,177,177,177,188,188,264,264,283,293,293,293],"floor_reached":21,"playtime":501,"items_purged":[],"score":394,"play_id":"4a7e5222-3b2c-40d3-b408-87946fa95c34","local_time":"20190624122116","is_ascension_mode":true,"campfire_choices":[{"floor":7,"key":"REST"},{"floor":10,"key":"REST"},{"floor":12,"key":"REST"},{"data":"Bash","floor":15,"key":"SMITH"}],"neow_cost":"NO_GOLD","seed_source_timestamp":272700953705600,"circlet_count":0,"master_deck":["AscendersBane","Strike_R","Strike_R","Strike_R","Strike_R","Defend_R","Defend_R","Defend_R","Bash+1","Anger","Cleave","Inflame","Dropkick","Twin Strike","Impervious","Dropkick","Regret","Evolve","Demon Form","Headbutt","Bloodletting"],"relics":["Burning Blood","Dodecahedron","Bag of Marbles","Strawberry","Question Card","Blue Candle","Mark of Pain","Enchiridion"],"potions_floor_usage":[],"damage_taken":[{"damage":14,"enemies":"2 Louse","floor":1,"turns":3},{"damage":7,"enemies":"Jaw Worm","floor":3,"turns":3},{"damage":7,"enemies":"Small Slimes","floor":5,"turns":3},{"damage":32,"enemies":"Gremlin Nob","floor":6,"turns":4},{"damage":25,"enemies":"Lagavulin","floor":8,"turns":6},{"damage":25,"enemies":"3 Sentries","floor":11,"turns":6},{"damage":8,"enemies":"Exordium Thugs","floor":14,"turns":4},{"damage":51,"enemies":"Hexaghost","floor":16,"turns":9},{"damage":26,"enemies":"Spheric Guardian","floor":18,"turns":4},{"damage":29,"enemies":"Shell Parasite","floor":19,"turns":3},{"damage":0,"enemies":"Cultist and Chosen","floor":21,"turns":2}],"seed_played":"5060826841551195249","potions_obtained":[{"floor":6,"key":"Ancient Potion"},{"floor":8,"key":"Explosive Potion"},{"floor":16,"key":"LiquidBronze"}],"is_trial":false,"path_per_floor":["M","?","M","$","M","E","R","E","T","R","E","R","?","M","R","B",null,"M","M","?","M"],"character_chosen":"IRONCLAD","items_purchased":["Inflame"],"campfire_rested":3,"item_purchase_floors":[4],"current_hp_per_floor":[60,49,48,48,47,21,43,24,31,55,36,60,60,58,58,13,65,45,22,1,1],"gold":293,"neow_bonus":"REMOVE_TWO","is_prod":false,"is_daily":false,"chose_seed":false,"campfire_upgraded":1,"win_rate":0,"timestamp":1561375276,"path_taken":["M","?","M","$","M","E","R","E","T","R","E","R","?","M","R","BOSS","M","M","?","M"],"build_version":"2019-01-23","purchased_purges":0,"victory":false,"max_hp_per_floor":[75,75,75,75,75,75,75,75,82,82,82,82,82,82,82,82,82,82,82,82,82],"card_choices":[{"not_picked":["Warcry","Perfected Strike"],"picked":"Anger","floor":1},{"not_picked":["Warcry","Thunderclap"],"picked":"Cleave","floor":3},{"not_picked":["True Grit","Reckless Charge"],"picked":"Dropkick","floor":5},{"not_picked":["Body Slam","Clothesline"],"picked":"Twin Strike","floor":6},{"not_picked":["Clash","Dropkick"],"picked":"Impervious","floor":8},{"not_picked":["Thunderclap","Pummel"],"picked":"Dropkick","floor":11},{"not_picked":["Power Through","Twin Strike","Searing Blow"],"picked":"Evolve","floor":14},{"not_picked":["Juggernaut","Exhume","Brutality"],"picked":"Demon Form","floor":16},{"not_picked":["Clash","Combust","Thunderclap"],"picked":"Headbutt","floor":18},{"not_picked":["Feel No Pain","Sentinel","Combust"],"picked":"Bloodletting","floor":19}],"player_experience":1491978,"relics_obtained":[{"floor":6,"key":"Dodecahedron"},{"floor":8,"key":"Bag of Marbles"},{"floor":9,"key":"Strawberry"},{"floor":11,"key":"Question Card"},{"floor":20,"key":"Enchiridion"}],"event_choices":[{"damage_healed":0,"gold_gain":75,"player_choice":"Gather Gold","damage_taken":11,"max_hp_gain":0,"max_hp_loss":0,"event_name":"World of Goop","floor":2,"gold_loss":0},{"damage_healed":0,"gold_gain":0,"player_choice":"Box","damage_taken":0,"relics_obtained":["Blue Candle"],"max_hp_gain":0,"max_hp_loss":0,"event_name":"Big Fish","floor":13,"gold_loss":0,"cards_obtained":["Regret"]},{"damage_healed":0,"gold_gain":0,"player_choice":"Obtained Book","damage_taken":21,"max_hp_gain":0,"max_hp_loss":0,"event_name":"Cursed Tome","floor":20,"gold_loss":0}],"is_beta":false,"boss_relics":[{"not_picked":["Black Star","Velvet Choker"],"picked":"Mark of Pain"}],"items_purged_floors":[],"is_endless":false,"potions_floor_spawned":[6,8,11,16,18],"killed_by":"Cultist and Chosen","ascension_level":20}