{"gold_per_floor":[115,115,125,125,135,135,151,151,176,193,227,246,258,258,258,363,363,380,380,391,403,423,423],"floor_reached":23,"playtime":1126,"items_purged":[],"score":197,"play_id":"874e0d74-b84f-4ea1-babe-dd2707ba4192","local_time":"20180702155859","is_ascension_mode":false,"campfire_choices":[{"floor":6,"key":"REST"},{"data":"Defragment","floor":8,"key":"SMITH"},{"floor":15,"key":"REST"}],"neow_cost":"","seed_source_timestamp":5459025102937718,"circlet_count":0,"master_deck":["Strike_B","Strike_B","Strike_B","Strike_B","Defend_B","Defend_B+1","Defend_B","Defend_B","Zap","Dualcast+1","Defragment+1","Beam Cell","BootSequence","Stack","Auto Shields","Cold Snap","Hologram","Stack","Biased Cognition","Beam Cell","Glacier","Gash+1","Conserve Battery","Barrage+1"],"relics":["Cracked Core","War Paint","Bronze Scales","Cursed Key"],"potions_floor_usage":[],"damage_taken":[{"damage":6,"enemies":"Cultist","floor":1,"turns":3},{"damage":5,"enemies":"Jaw Worm","floor":3,"turns":4},{"damage":10,"enemies":"Small Slimes","floor":5,"turns":3},{"damage":3,"enemies":"Exordium Thugs","floor":7,"turns":4},{"damage":5,"enemies":"2 Fungi Beasts","floor":10,"turns":4},{"damage":14,"enemies":"Lagavulin","floor":11,"turns":7},{"damage":0,"enemies":"Blue Slaver","floor":12,"turns":4},{"damage":0,"enemies":"Exordium Wildlife","floor":13,"turns":3},{"damage":29,"enemies":"The Guardian","floor":16,"turns":12},{"damage":18,"enemies":"3 Byrds","floor":18,"turns":5},{"damage":0,"enemies":"Chosen","floor":20,"turns":6},{"damage":8,"enemies":"Snecko","floor":21,"turns":6},{"damage":11,"enemies":"Snake Plant","floor":22,"turns":6},{"damage":40,"enemies":"Gremlin Leader","floor":23,"turns":7}],"seed_played":"-1243945841129350239","potions_obtained":[{"floor":3,"key":"Fire Potion"},{"floor":7,"key":"GamblersBrew"},{"floor":11,"key":"Fire Potion"}],"is_trial":false,"path_per_floor":["M","$","M","$","M","R","M","R","T","M","E","M","M","?","R","B",null,"M","?","M","M","M"],"character_chosen":"DEFECT","items_purchased":[],"campfire_rested":2,"item_purchase_floors":[],"current_hp_per_floor":[69,69,64,64,54,75,72,72,72,67,53,53,53,53,75,46,75,57,57,57,49,38,0],"gold":423,"neow_bonus":"","is_prod":false,"is_daily":false,"chose_seed":false,"campfire_upgraded":1,"win_rate":0,"timestamp":1530561539,"path_taken":["M","$","M","?","M","R","M","R","T","M","E","M","M","?","R","BOSS","M","?","M","M","M","E"],"build_version":"2018-06-28","purchased_purges":0,"victory":false,"max_hp_per_floor":[75,75,75,75,75,75,75,75,75,75,75,75,75,75,75,75,75,75,75,75,75,75,75],"card_choices":[{"not_picked":["Rebound","Turbo"],"picked":"Defragment","floor":1},{"not_picked":["Hologram","Steam Power"],"picked":"Beam Cell","floor":3},{"not_picked":["Steam","Rebound"],"picked":"BootSequence","floor":5},{"not_picked":["Cold Snap","Recycle"],"picked":"Stack","floor":7},{"not_picked":["Coolheaded","Aggregate"],"picked":"Auto Shields","floor":10},{"not_picked":["Lockon","Aggregate"],"picked":"Cold Snap","floor":11},{"not_picked":["Stack","Consume"],"picked":"Hologram","floor":12},{"not_picked":["BootSequence","Beam Cell"],"picked":"Stack","floor":13},{"not_picked":["Reboot","Amplify"],"picked":"Biased Cognition","floor":16},{"not_picked":["Chaos+1","Aggregate+1"],"picked":"Beam Cell","floor":18},{"not_picked":["Streamline+1","Reprogram+1"],"picked":"Gash+1","floor":20},{"not_picked":["Coolheaded","Compile Driver"],"picked":"Conserve Battery","floor":21},{"not_picked":["Rebound","Undo"],"picked":"Barrage+1","floor":22}],"player_experience":42543,"relics_obtained":[{"floor":9,"key":"War Paint"},{"floor":11,"key":"Bronze Scales"}],"event_choices":[{"event_name":"Liars Game","player_choice":"disagreed","floor":14,"damage_taken":0},{"event_name":"The Library","player_choice":"Read","floor":19,"damage_taken":0}],"boss_relics":[{"not_picked":["White Beast Statue","Snecko Eye"],"picked":"Cursed Key"}],"items_purged_floors":[],"is_endless":false,"potions_floor_spawned":[3,7,11,13,18,21],"killed_by":"Gremlin Leader","ascension_level":0}