{"gold_per_floor":[109,129,129,129,129,129,158,178,178,253,253,263,263,279,279,279],"floor_reached":16,"playtime":467,"items_purged":[],"score":155,"play_id":"2f0a6851-a0e7-4954-a42d-e93ea6b6ec33","local_time":"20180907184250","is_ascension_mode":true,"campfire_choices":[{"data":"Cloak And Dagger","floor":6.0,"key":"SMITH"},{"data":"Dodge and Roll","floor":11,"key":"SMITH"},{"data":"Dagger Spray","floor":13,"key":"SMITH"},{"floor":15,"key":"REST"}],"neow_cost":"NONE","seed_source_timestamp":79203229651894,"circlet_count":0,"master_deck":["Defend_G","Defend_G","Defend_G","Defend_G","Defend_G","Strike_G","Strike_G","Strike_G","Strike_G","Strike_G","Survivor","Neutralize+1","AscendersBane","Dodge and Roll+1","Cloak And Dagger+1","Quick Slash","Dagger Spray+1","Blur"],"special_seed":0,"relics":["Ring of the Snake","Question Card","Mercury Hourglass","Matryoshka"],"potions_floor_usage":[7,16],"damage_taken":[{"damage":3.0,"enemies":"2 Louse","floor":1.0,"turns":5.0},{"damage":5.0,"enemies":"Jaw Worm","floor":2.0,"turns":7.0},{"damage":10,"enemies":"3 Sentries","floor":7,"turns":12},{"damage":0,"enemies":"Small Slimes","floor":8,"turns":3},{"damage":0,"enemies":"Looter","floor":12,"turns":3},{"damage":0,"enemies":"Red Slaver","floor":14,"turns":3},{"damage":45,"enemies":"Slime Boss","floor":16,"turns":8}],"seed_played":"7301677430817253622","potions_obtained":[{"floor":0.0,"key":"SmokeBomb"},{"floor":0.0,"key":"SteroidPotion"},{"floor":14,"key":"LiquidBronze"}],"is_trial":false,"path_per_floor":["M","M","?","?","?","R","E","M","T","?","R","M","R","M","R"],"character_chosen":"THE_SILENT","items_purchased":[],"campfire_rested":1,"item_purchase_floors":[],"current_hp_per_floor":[60,55,43,43,43,43,33,33,33,22,22,22,22,22,43,0],"gold":279,"neow_bonus":"THREE_SMALL_POTIONS","is_prod":false,"is_daily":false,"chose_seed":false,"campfire_upgraded":3,"win_rate":0,"timestamp":1536360170,"path_taken":["M","M","?","?","?","R","E","?","T","?","R","M","R","M","R","BOSS"],"build_version":"2018-09-06","purchased_purges":0,"victory":false,"max_hp_per_floor":[70,70,70,70,70,70,70,70,70,70,70,70,70,70,70,70],"card_choices":[{"not_picked":["Predator","Sucker Punch"],"picked":"Dodge and Roll","floor":1.0},{"not_picked":["Reflex","Deflect"],"picked":"Cloak And Dagger","floor":2.0},{"not_picked":["Flying Knee","Riddle With Holes","Bane"],"picked":"Quick Slash","floor":7},{"not_picked":["Choke","Acrobatics","Deadly Poison"],"picked":"Dagger Spray","floor":8},{"not_picked":["Prepared","Acrobatics","Underhanded Strike","Bane"],"picked":"SKIP","floor":12},{"not_picked":["Storm of Steel","Slice","Underhanded Strike"],"picked":"Blur","floor":14}],"player_experience":328235,"relics_obtained":[{"floor":7,"key":"Mercury Hourglass"},{"floor":9,"key":"Matryoshka"}],"event_choices":[{"event_name":"Scrap Ooze","player_choice":"success","floor":3.0,"damage_taken":12.0},{"event_name":"Golden Wing","player_choice":"Ignored","floor":4.0,"damage_taken":0.0},{"event_name":"Upgrade Shrine","player_choice":"Upgraded","floor":5.0,"damage_taken":0.0},{"event_name":"World of Goop","player_choice":"Gather Gold","floor":10,"damage_taken":0}],"is_beta":false,"boss_relics":[],"items_purged_floors":[],"is_endless":false,"potions_floor_spawned":[14],"killed_by":"Slime Boss","ascension_level":11}