{"gold_per_floor":[117,117,133,133,151,151,179,6,6,38,38,55,4,21,21,98,98,112,112,37,51,51,51,66,81,149,149,182,182,216,0,0,76,76,87,87,0,0,14,14,14],"floor_reached":41,"playtime":1174,"items_purged":["Pain"],"score":874,"play_id":"ddf39052-bcc6-4fdb-ac04-311c045aaba6","local_time":"20190624105020","is_ascension_mode":true,"campfire_choices":[{"data":"Whirlwind","floor":6.0,"key":"SMITH"},{"data":"Bash","floor":11.0,"key":"SMITH"},{"data":"Bludgeon","floor":15.0,"key":"SMITH"},{"data":"Demon Form","floor":23.0,"key":"SMITH"},{"data":"Evolve","floor":27.0,"key":"SMITH"},{"data":"Inflame","floor":32.0,"key":"SMITH"},{"floor":40.0,"key":"REST"}],"neow_cost":"NONE","seed_source_timestamp":266362669688400,"circlet_count":0,"master_deck":["AscendersBane","Strike_R","Strike_R","Strike_R","Strike_R","Strike_R","Defend_R","Defend_R","Defend_R","Defend_R","Bash+1","Dropkick","Sword Boomerang","Whirlwind+1","Evolve+1","Sword Boomerang","Bludgeon+1","True Grit+1","Sentinel+1","Demon Form+1","Shrug It Off+1","Warcry+1","Sentinel+1","Inflame+1","Shrug It Off+1","Intimidate+1","Double Tap+1","Madness+1","Madness+1","Infernal Blade+1"],"special_seed":0,"relics":["Burning Blood","Pear","Bag of Marbles","Vajra","Blue Candle","Toxic Egg 2","Philosopher\u0027s Stone","WarpedTongs","Pantograph","Kunai","Bottled Flame","Fusion Hammer","Red Mask"],"potions_floor_usage":[],"damage_taken":[{"damage":9.0,"enemies":"Small Slimes","floor":1.0,"turns":4.0},{"damage":4.0,"enemies":"Jaw Worm","floor":3.0,"turns":5.0},{"damage":1.0,"enemies":"Cultist","floor":5.0,"turns":3.0},{"damage":32.0,"enemies":"Gremlin Nob","floor":7.0,"turns":4.0},{"damage":25.0,"enemies":"3 Sentries","floor":10.0,"turns":4.0},{"damage":22.0,"enemies":"Exordium Thugs","floor":12.0,"turns":5.0},{"damage":0.0,"enemies":"Looter","floor":14.0,"turns":2.0},{"damage":42.0,"enemies":"Slime Boss","floor":16.0,"turns":10.0},{"damage":14.0,"enemies":"Spheric Guardian","floor":18.0,"turns":4.0},{"damage":0.0,"enemies":"3 Byrds","floor":21.0,"turns":2.0},{"damage":14.0,"enemies":"Snecko","floor":24.0,"turns":4.0},{"damage":2.0,"enemies":"Centurion and Healer","floor":25.0,"turns":4.0},{"damage":24.0,"enemies":"Book of Stabbing","floor":28.0,"turns":4.0},{"damage":8.0,"enemies":"Slavers","floor":30.0,"turns":2.0},{"damage":32.0,"enemies":"Champ","floor":33.0,"turns":8.0},{"damage":0.0,"enemies":"Orb Walker","floor":35.0,"turns":1.0},{"damage":11.0,"enemies":"3 Shapes","floor":39.0,"turns":7.0},{"damage":110,"enemies":"Giant Head","floor":41,"turns":6}],"seed_played":"-1779588540597285970","potions_obtained":[{"floor":1.0,"key":"Regen Potion"},{"floor":5.0,"key":"LiquidBronze"},{"floor":10.0,"key":"BloodPotion"},{"floor":21.0,"key":"Block Potion"},{"floor":25.0,"key":"AttackPotion"},{"floor":28.0,"key":"Ancient Potion"}],"is_trial":false,"path_per_floor":["M","?","M","T","M","R","E","$","T","E","R","M","$","M","R","B",null,"M","?","$","M","$","R","M","M","T","R","E","?","E","$","R","B",null,"M","?","?","?","M","R","E"],"character_chosen":"IRONCLAD","items_purchased":["Vajra","True Grit+1","Inflame","Shrug It Off+1","Intimidate+1"],"campfire_rested":1,"item_purchase_floors":[8,13,31,31,31],"current_hp_per_floor":[72,72,74,84,89,89,63,63,63,44,44,28,28,34,34,7,71,63,63,63,69,69,69,61,65,65,65,47,34,32,32,32,31,77,83,66,66,66,61,88,0],"gold":14,"neow_bonus":"TEN_PERCENT_HP_BONUS","is_prod":false,"is_daily":false,"chose_seed":false,"campfire_upgraded":6,"win_rate":0,"timestamp":1561369820,"path_taken":["M","?","M","?","M","R","E","$","T","E","R","M","?","?","R","BOSS","M","?","?","M","$","R","M","M","T","R","E","?","E","$","R","BOSS","M","?","?","?","M","R","E"],"build_version":"2019-01-23","purchased_purges":1,"victory":false,"max_hp_per_floor":[82,82,82,92,92,92,92,92,92,92,92,92,92,92,92,92,92,92,92,92,92,92,92,92,92,92,92,92,92,92,92,92,92,92,92,92,92,92,92,92,92],"card_choices":[{"not_picked":["Perfected Strike","Shrug It Off"],"picked":"Dropkick","floor":1.0},{"not_picked":["Dual Wield","Heavy Blade"],"picked":"Sword Boomerang","floor":3.0},{"not_picked":["Intimidate","Clothesline"],"picked":"Whirlwind","floor":5.0},{"not_picked":["Power Through","Searing Blow"],"picked":"Evolve","floor":7.0},{"not_picked":["Hemokinesis","Intimidate"],"picked":"Sword Boomerang","floor":10.0},{"not_picked":["Rampage","Iron Wave"],"picked":"Bludgeon","floor":12.0},{"not_picked":["Burning Pact+1","Body Slam"],"picked":"Sentinel+1","floor":14.0},{"not_picked":["Feed","Exhume+1"],"picked":"Demon Form","floor":16.0},{"not_picked":["Wild Strike","Rage+1"],"picked":"Shrug It Off+1","floor":18.0},{"not_picked":["Perfected Strike","Whirlwind"],"picked":"Warcry+1","floor":21.0},{"not_picked":["Sword Boomerang","Twin Strike","Anger"],"picked":"SKIP","floor":24.0},{"not_picked":["Thunderclap","Clash","Combust"],"picked":"SKIP","floor":25.0},{"not_picked":["Second Wind+1","Hemokinesis","Thunderclap"],"picked":"SKIP","floor":28.0},{"not_picked":["Headbutt","Hemokinesis"],"picked":"Sentinel+1","floor":30.0},{"not_picked":["Brutality","Dark Embrace"],"picked":"Double Tap+1","floor":33.0},{"not_picked":["Feel No Pain","Heavy Blade"],"picked":"Pummel","floor":35.0},{"not_picked":["Armaments+1","Iron Wave+1"],"picked":"Infernal Blade+1","floor":39.0}],"player_experience":1490804,"relics_obtained":[{"floor":4.0,"key":"Pear"},{"floor":7.0,"key":"Bag of Marbles"},{"floor":9.0,"key":"Blue Candle"},{"floor":10.0,"key":"Toxic Egg 2"},{"floor":26.0,"key":"Pantograph"},{"floor":28.0,"key":"Kunai"},{"floor":30.0,"key":"Bottled Flame"}],"event_choices":[{"damage_healed":0.0,"max_hp_gain":0.0,"max_hp_loss":0.0,"gold_gain":0.0,"event_name":"Liars Game","player_choice":"Ignored","floor":2.0,"gold_loss":0.0,"damage_taken":0.0},{"damage_healed":0.0,"max_hp_gain":0.0,"max_hp_loss":0.0,"gold_gain":0.0,"event_name":"Accursed Blacksmith","player_choice":"Rummage","floor":19.0,"gold_loss":0.0,"damage_taken":0.0,"relics_obtained":["WarpedTongs"],"cards_obtained":["Pain"]},{"damage_healed":0.0,"max_hp_gain":0.0,"max_hp_loss":0.0,"gold_gain":0.0,"event_name":"Wheel of Change","player_choice":"Damaged","floor":29.0,"gold_loss":0.0,"damage_taken":13.0},{"damage_healed":0.0,"max_hp_gain":0.0,"max_hp_loss":0.0,"gold_gain":0.0,"event_name":"Winding Halls","player_choice":"Embrace Madness","floor":36.0,"gold_loss":0.0,"damage_taken":17.0,"cards_obtained":["Madness","Madness"]},{"damage_healed":0.0,"max_hp_gain":0.0,"max_hp_loss":0.0,"gold_gain":0.0,"event_name":"Tomb of Lord Red Mask","player_choice":"Paid","floor":37.0,"gold_loss":87.0,"damage_taken":0.0,"relics_obtained":["Red Mask"]},{"cards_removed":["Pummel"],"damage_healed":0.0,"max_hp_gain":0.0,"max_hp_loss":0.0,"gold_gain":0.0,"event_name":"Falling","player_choice":"Removed Attack","floor":38.0,"gold_loss":0.0,"damage_taken":0.0}],"is_beta":false,"boss_relics":[{"not_picked":["Coffee Dripper","Velvet Choker"],"picked":"Philosopher\u0027s Stone"},{"not_picked":["Empty Cage","Snecko Eye"],"picked":"Fusion Hammer"}],"items_purged_floors":[20],"is_endless":false,"potions_floor_spawned":[1,5,7,10,14,21,25,28,39],"killed_by":"Giant Head","ascension_level":20}