{"gold_per_floor":[10,20,20,39,54,54,54,54,107,121,121],"floor_reached":11,"playtime":261,"items_purged":[],"score":130,"play_id":"1effb5f4-de97-420e-8b2d-44fae53cf19a","local_time":"20190317171550","is_ascension_mode":true,"campfire_choices":[{"data":"Go for the Eyes","floor":6.0,"key":"SMITH"}],"neow_cost":"NO_GOLD","seed_source_timestamp":7442008732564086,"circlet_count":0,"master_deck":["AscendersBane","Strike_B","Strike_B","Strike_B","Strike_B","Defend_B","Defend_B","Defend_B","Defend_B","Zap+1","Dualcast","Seek","Ball Lightning","Go for the Eyes+1","FTL","Coolheaded","Hologram"],"special_seed":0,"relics":["Cracked Core","Omamori","Juzu Bracelet"],"potions_floor_usage":[10,11],"damage_taken":[{"damage":3.0,"enemies":"Small Slimes","floor":1.0,"turns":3.0},{"damage":0.0,"enemies":"2 Louse","floor":2.0,"turns":2.0},{"damage":9.0,"enemies":"Jaw Worm","floor":4.0,"turns":2.0},{"damage":17.0,"enemies":"Large Slime","floor":5.0,"turns":5.0},{"damage":10,"enemies":"Gremlin Gang","floor":10,"turns":2},{"damage":21,"enemies":"3 Sentries","floor":11,"turns":5}],"seed_played":"1192434682208053228","potions_obtained":[{"floor":2.0,"key":"Dexterity Potion"},{"floor":5.0,"key":"SteroidPotion"}],"is_trial":false,"path_per_floor":["M","M","?","M","M","R","?","$","T","M","E"],"character_chosen":"DEFECT","items_purchased":[],"campfire_rested":0,"item_purchase_floors":[],"current_hp_per_floor":[61,61,61,52,35,35,24,24,24,14,0],"gold":121,"neow_bonus":"THREE_RARE_CARDS","is_prod":false,"is_daily":false,"chose_seed":false,"campfire_upgraded":1,"win_rate":0,"timestamp":1552857350,"path_taken":["M","M","?","M","M","R","?","$","T","M","E"],"build_version":"2019-01-23","purchased_purges":0,"victory":false,"max_hp_per_floor":[71,71,71,71,71,71,71,71,71,71,71],"card_choices":[{"not_picked":["Amplify","Multi-Cast"],"picked":"Seek","floor":0.0},{"not_picked":["Gash","Chill"],"picked":"Ball Lightning","floor":1.0},{"not_picked":["Coolheaded","Redo"],"picked":"Go for the Eyes","floor":2.0},{"not_picked":["Turbo","Consume"],"picked":"FTL","floor":4.0},{"not_picked":["Sweeping Beam","Rebound"],"picked":"Coolheaded","floor":5.0},{"not_picked":["Darkness","Steam Power"],"picked":"Hologram","floor":10}],"player_experience":592808,"relics_obtained":[{"floor":9.0,"key":"Juzu Bracelet"}],"event_choices":[{"damage_healed":0.0,"max_hp_gain":0.0,"max_hp_loss":0.0,"gold_gain":0.0,"event_name":"Living Wall","player_choice":"Grow","floor":3.0,"gold_loss":0.0,"damage_taken":0.0,"cards_upgraded":["Zap"]},{"damage_healed":0.0,"max_hp_gain":0.0,"max_hp_loss":0.0,"gold_gain":0.0,"event_name":"Scrap Ooze","player_choice":"Success","floor":7.0,"gold_loss":0.0,"damage_taken":11.0,"relics_obtained":["Omamori"]}],"is_beta":false,"boss_relics":[],"items_purged_floors":[],"is_endless":false,"potions_floor_spawned":[2,5],"killed_by":"3 Sentries","ascension_level":20}