{"gold_per_floor":[117,136,136,153,166,166,184,212,212,212,25,25,0],"floor_reached":13,"playtime":321,"items_purged":[],"score":170,"play_id":"d0f01073-0110-4709-b636-87615a358551","local_time":"20190506142405","is_ascension_mode":true,"campfire_choices":[{"data":"Neutralize","floor":6.0,"key":"SMITH"}],"neow_cost":"NONE","seed_source_timestamp":785953108963947,"circlet_count":0,"master_deck":["AscendersBane","Defend_G","Defend_G","Defend_G","Defend_G","Defend_G","Strike_G","Strike_G","Strike_G","Strike_G","Strike_G","Survivor","Neutralize+1","Dagger Spray","Dagger Throw","Dodge and Roll","Sucker Punch","Flying Knee","Poisoned Stab","Sadistic Nature"],"special_seed":0,"relics":["Ring of the Snake","NeowsBlessing","Du-Vu Doll","Calipers","Meat on the Bone"],"potions_floor_usage":[13],"damage_taken":[{"damage":0.0,"enemies":"Cultist","floor":1.0,"turns":1.0},{"damage":0.0,"enemies":"2 Louse","floor":2.0,"turns":1.0},{"damage":0.0,"enemies":"Jaw Worm","floor":4.0,"turns":1.0},{"damage":8.0,"enemies":"Blue Slaver","floor":5.0,"turns":6.0},{"damage":17.0,"enemies":"Gremlin Gang","floor":7.0,"turns":5.0},{"damage":23.0,"enemies":"3 Sentries","floor":8.0,"turns":9.0},{"damage":6,"enemies":"Exordium Thugs","floor":13,"turns":2}],"seed_played":"5489101961996661743","potions_obtained":[{"floor":4.0,"key":"EssenceOfSteel"},{"floor":8.0,"key":"SkillPotion"}],"is_trial":false,"path_per_floor":["M","M","?","M","M","R","M","E","T","?","$","T","M"],"character_chosen":"THE_SILENT","items_purchased":["Sadistic Nature"],"campfire_rested":0,"item_purchase_floors":[11],"current_hp_per_floor":[59,59,54,54,46,46,29,6,6,6,6,6,0],"gold":0,"neow_bonus":"THREE_ENEMY_KILL","is_prod":false,"is_daily":false,"chose_seed":false,"campfire_upgraded":1,"win_rate":0,"timestamp":1557167045,"path_taken":["M","?","?","M","M","R","M","E","T","?","?","?","?"],"build_version":"2019-01-23","purchased_purges":0,"victory":false,"max_hp_per_floor":[66,66,66,66,66,66,66,66,66,66,66,66,66],"card_choices":[{"not_picked":["PiercingWail","Backflip"],"picked":"Dagger Spray","floor":1.0},{"not_picked":["Acrobatics","Finisher"],"picked":"Dagger Throw","floor":2.0},{"not_picked":["Endless Agony","Slice"],"picked":"Dodge and Roll","floor":4.0},{"not_picked":["Dagger Throw","Reflex"],"picked":"Sucker Punch","floor":5.0},{"not_picked":["Poisoned Stab","Sucker Punch"],"picked":"Flying Knee","floor":7.0},{"not_picked":["Flechettes","Dagger Spray"],"picked":"Poisoned Stab","floor":8.0}],"player_experience":675444,"relics_obtained":[{"floor":8.0,"key":"Calipers"},{"floor":12,"key":"Meat on the Bone"}],"event_choices":[{"damage_healed":0.0,"max_hp_gain":0.0,"max_hp_loss":0.0,"gold_gain":0.0,"event_name":"Scrap Ooze","player_choice":"Success","floor":3.0,"gold_loss":0.0,"damage_taken":5.0,"relics_obtained":["Du-Vu Doll"]},{"damage_healed":0,"gold_gain":0,"player_choice":"Ignored","damage_taken":0,"max_hp_gain":0,"max_hp_loss":0,"event_name":"Shining Light","floor":10,"gold_loss":0}],"is_beta":false,"boss_relics":[],"items_purged_floors":[],"is_endless":false,"potions_floor_spawned":[4,8],"killed_by":"Exordium Thugs","ascension_level":20}