{"gold_per_floor":[114,264,264,53,63,92,92,109,109,135,135,156,81,105,105,199,199,217,117,136,186,211,251,251,251],"floor_reached":25,"playtime":832,"items_purged":["Doubt","Injury"],"score":512,"play_id":"02433a97-757e-41d2-a6e6-d62023953695","local_time":"20190709101931","is_ascension_mode":true,"campfire_choices":[{"data":"Chaos","floor":7.0,"key":"SMITH"},{"data":"Reinforced Body","floor":15.0,"key":"SMITH"},{"data":"Rainbow","floor":24.0,"key":"SMITH"}],"neow_cost":"NONE","seed_source_timestamp":11129719070900,"circlet_count":0,"master_deck":["AscendersBane","Zap","Dualcast","Chaos+1","Sunder","Chill","Reinforced Body+1","Leap","Rainbow+1","Compile Driver","Fusion","Rebound","Lockon","Blizzard","Chaos","Streamline","Recycle","Leap+1","Ball Lightning"],"special_seed":0,"relics":["Cracked Core","NeowsBlessing","Meat on the Bone","Chemical X","Frozen Egg 2","Cables","Letter Opener","Golden Idol","Pandora\u0027s Box","Symbiotic Virus"],"potions_floor_usage":[25],"damage_taken":[{"damage":0.0,"enemies":"2 Louse","floor":1.0,"turns":1.0},{"damage":0.0,"enemies":"Jaw Worm","floor":5.0,"turns":1.0},{"damage":0.0,"enemies":"3 Sentries","floor":6.0,"turns":1.0},{"damage":13.0,"enemies":"Small Slimes","floor":8.0,"turns":4.0},{"damage":32.0,"enemies":"Gremlin Nob","floor":10.0,"turns":4.0},{"damage":0.0,"enemies":"Blue Slaver","floor":12.0,"turns":3.0},{"damage":10.0,"enemies":"Gremlin Gang","floor":14.0,"turns":2.0},{"damage":11.0,"enemies":"The Guardian","floor":16.0,"turns":12.0},{"damage":14.0,"enemies":"3 Byrds","floor":18.0,"turns":4.0},{"damage":31.0,"enemies":"Chosen","floor":20.0,"turns":4.0},{"damage":7.0,"enemies":"Snecko","floor":22.0,"turns":4.0},{"damage":6.0,"enemies":"Slavers","floor":23.0,"turns":4.0},{"damage":45,"enemies":"Gremlin Leader","floor":25,"turns":4}],"seed_played":"798389279774727424","potions_obtained":[{"floor":6.0,"key":"EntropicBrew"},{"floor":10.0,"key":"Dexterity Potion"},{"floor":18.0,"key":"Poison Potion"},{"floor":20.0,"key":"AttackPotion"},{"floor":23.0,"key":"SpeedPotion"}],"is_trial":false,"path_per_floor":["M","?","T","$","M","E","R","M","T","E","?","M","$","M","R","B",null,"M","$","M","?","M","E","R","E"],"character_chosen":"DEFECT","items_purchased":["Chemical X"],"campfire_rested":0,"item_purchase_floors":[4],"current_hp_per_floor":[64,64,64,64,64,64,64,51,51,31,31,43,43,45,45,46,65,51,51,32,32,37,43,43,0],"gold":251,"neow_bonus":"THREE_ENEMY_KILL","is_prod":false,"is_daily":false,"chose_seed":false,"campfire_upgraded":3,"win_rate":0,"timestamp":1562692771,"path_taken":["M","?","?","$","M","E","R","M","T","E","?","M","$","M","R","BOSS","M","$","M","?","?","E","R","E"],"build_version":"2019-07-05","purchased_purges":2,"victory":false,"max_hp_per_floor":[71,71,71,71,71,71,71,71,71,71,71,71,71,71,71,71,71,71,71,71,71,71,71,71,71],"card_choices":[{"not_picked":["Go for the Eyes","Redo"],"picked":"Chaos","floor":1.0},{"not_picked":["Stack","Coolheaded"],"picked":"Sunder","floor":5.0},{"not_picked":["Redo","Skim","Force Field"],"picked":"SKIP","floor":6.0},{"not_picked":["Leap","Beam Cell"],"picked":"Chill","floor":8.0},{"not_picked":["Redo","Cold Snap"],"picked":"Reinforced Body","floor":10.0},{"not_picked":["Stack","Beam Cell"],"picked":"Leap","floor":12.0},{"not_picked":["Stack","Genetic Algorithm","Streamline"],"picked":"SKIP","floor":14.0},{"not_picked":["Reboot","Thunder Strike"],"picked":"Rainbow","floor":16.0},{"not_picked":["Beam Cell","Hello World+1"],"picked":"Leap+1","floor":18.0},{"not_picked":["Gash","Turbo"],"picked":"Ball Lightning","floor":20.0},{"not_picked":["Self Repair+1","Doom and Gloom","Barrage"],"picked":"SKIP","floor":22.0},{"not_picked":["Go for the Eyes","Steam Power","Melter"],"picked":"SKIP","floor":23.0}],"player_experience":1246752,"relics_obtained":[{"floor":3.0,"key":"Meat on the Bone"},{"floor":6.0,"key":"Frozen Egg 2"},{"floor":9.0,"key":"Cables"},{"floor":10.0,"key":"Letter Opener"},{"floor":23.0,"key":"Symbiotic Virus"}],"event_choices":[{"damage_healed":0.0,"max_hp_gain":0.0,"max_hp_loss":0.0,"gold_gain":150.0,"event_name":"Liars Game","player_choice":"AGREE","floor":2.0,"gold_loss":0.0,"damage_taken":0.0,"cards_obtained":["Doubt"]},{"damage_healed":0.0,"max_hp_gain":0.0,"max_hp_loss":0.0,"gold_gain":0.0,"event_name":"Golden Idol","player_choice":"Take Wound","floor":11.0,"gold_loss":0.0,"damage_taken":0.0,"relics_obtained":["Golden Idol"],"cards_obtained":["Injury"]},{"damage_healed":0.0,"max_hp_gain":0.0,"max_hp_loss":0.0,"gold_gain":50.0,"event_name":"Golden Shrine","player_choice":"Pray","floor":21.0,"gold_loss":0.0,"damage_taken":0.0}],"is_beta":false,"boss_relics":[{"not_picked":["Ectoplasm","Eternal Feather"],"picked":"Pandora\u0027s Box"}],"items_purged_floors":[13,19],"is_endless":false,"potions_floor_spawned":[6,10,16,18,20,23],"killed_by":"Gremlin Leader","ascension_level":20}