{"gold_per_floor":[109,124,144,162,87,87,111,144,144,172,172,188,188,143,143,221,221,240,240,240],"floor_reached":20,"playtime":774,"items_purged":["Strike_B"],"score":414,"play_id":"96774cfc-972d-4160-aab4-70bcde13e265","local_time":"20190215233151","is_ascension_mode":true,"campfire_choices":[{"data":"Hologram","floor":6,"key":"SMITH"},{"floor":11,"key":"REST"},{"data":"Streamline","floor":13,"key":"SMITH"},{"floor":15,"key":"REST"}],"neow_cost":"NONE","seed_source_timestamp":9735750664800,"circlet_count":0,"master_deck":["AscendersBane","Defend_B","Defend_B","Defend_B","Defend_B","Zap","Dualcast","Hologram+1","Cold Snap","Streamline+1","Ball Lightning","Coolheaded","Conserve Battery","Barrage","Leap","Seek","Melter+1","Echo Form+1","Compile Driver+1","Gash","Decay"],"relics":["Cracked Core","Odd Mushroom","Oddly Smooth Stone","Strawberry","The Courier","Astrolabe"],"potions_floor_usage":[8,8],"damage_taken":[{"damage":2,"enemies":"Cultist","floor":1,"turns":4},{"damage":4,"enemies":"Jaw Worm","floor":2,"turns":4},{"damage":2,"enemies":"Small Slimes","floor":3,"turns":4},{"damage":6,"enemies":"Blue Slaver","floor":4,"turns":4},{"damage":17,"enemies":"The Mushroom Lair","floor":7,"turns":4},{"damage":0,"enemies":"Gremlin Nob","floor":8,"turns":2},{"damage":28,"enemies":"Lagavulin","floor":10,"turns":5},{"damage":7,"enemies":"Exordium Thugs","floor":12,"turns":4},{"damage":49,"enemies":"Hexaghost","floor":16,"turns":11},{"damage":32,"enemies":"2 Thieves","floor":18,"turns":4},{"damage":31,"enemies":"Chosen","floor":20,"turns":5}],"seed_played":"7228885627805138976","potions_obtained":[{"floor":0,"key":"FearPotion"},{"floor":0,"key":"Strength Potion"},{"floor":2,"key":"AttackPotion"},{"floor":10,"key":"Ancient Potion"},{"floor":16,"key":"Strength Potion"}],"is_trial":false,"path_per_floor":["M","M","M","M","$","R","?","E","T","E","R","M","R","?","R","B",null,"M","?","M"],"character_chosen":"DEFECT","items_purchased":[],"campfire_rested":2,"item_purchase_floors":[],"current_hp_per_floor":[62,58,56,50,50,50,33,33,40,12,35,28,28,28,51,2,59,27,27,0],"gold":240,"neow_bonus":"THREE_SMALL_POTIONS","is_prod":false,"is_daily":false,"chose_seed":false,"campfire_upgraded":2,"win_rate":0,"timestamp":1550273511,"path_taken":["M","?","M","M","$","R","?","E","T","E","R","M","R","?","R","BOSS","M","?","M"],"build_version":"2019-01-23","purchased_purges":1,"victory":false,"max_hp_per_floor":[71,71,71,71,71,71,71,71,78,78,78,78,78,78,78,78,78,78,78,78],"card_choices":[{"not_picked":["Lockon","Turbo"],"picked":"Hologram","floor":1},{"not_picked":["Go for the Eyes","Compile Driver"],"picked":"Cold Snap","floor":2},{"not_picked":["Conserve Battery","Coolheaded"],"picked":"Streamline","floor":3},{"not_picked":["FTL","Leap"],"picked":"Ball Lightning","floor":4},{"not_picked":["Skim","Auto Shields"],"picked":"Coolheaded","floor":7},{"not_picked":["Machine Learning","Tempest"],"picked":"Conserve Battery","floor":8},{"not_picked":["Auto Shields","Reprogram"],"picked":"Barrage","floor":10},{"not_picked":["Turbo","Lockon"],"picked":"Leap","floor":12},{"not_picked":["Creative AI","Rainbow"],"picked":"Seek","floor":16},{"not_picked":["Recycle","Chaos"],"picked":"Gash","floor":18}],"player_experience":1215619,"relics_obtained":[{"floor":7,"key":"Odd Mushroom"},{"floor":8,"key":"Oddly Smooth Stone"},{"floor":9,"key":"Strawberry"},{"floor":10,"key":"The Courier"}],"event_choices":[{"damage_healed":0,"gold_gain":0,"player_choice":"Fought Mushrooms","damage_taken":0,"max_hp_gain":0,"max_hp_loss":0,"event_name":"Mushrooms","floor":7,"gold_loss":0},{"damage_healed":0,"gold_gain":0,"player_choice":"Left Gold","damage_taken":0,"max_hp_gain":0,"max_hp_loss":0,"event_name":"World of Goop","floor":14,"gold_loss":45},{"damage_healed":0,"gold_gain":0,"player_choice":"Smashed Altar","damage_taken":0,"max_hp_gain":0,"max_hp_loss":0,"event_name":"Forgotten Altar","floor":19,"gold_loss":0,"cards_obtained":["Decay"]}],"is_beta":false,"boss_relics":[{"not_picked":["Black Star","Coffee Dripper"],"picked":"Astrolabe"}],"items_purged_floors":[5],"is_endless":false,"potions_floor_spawned":[2,7,10,16,18],"killed_by":"Chosen","ascension_level":20}