{"gold_per_floor":[110,110,110,131,151,191,191,226,253,288,208,208,233,233,233,233],"floor_reached":16,"playtime":796,"items_purged":[],"score":186,"play_id":"39ce7a98-14a3-40e1-8b8e-8a086ef51388","local_time":"20180811114811","is_ascension_mode":true,"campfire_choices":[{"floor":7,"key":"REST"},{"floor":12,"key":"REST"},{"data":"Leg Sweep","floor":15,"key":"SMITH"}],"neow_cost":"NONE","seed_source_timestamp":2991750125656270,"circlet_count":0,"master_deck":["Defend_G","Defend_G","Defend_G","Defend_G","Defend_G","Strike_G","Strike_G","Strike_G","Strike_G","Survivor","Neutralize+1","Blade Dance","Dash","Dodge and Roll","Footwork+1","Dagger Throw","Dodge and Roll","Leg Sweep+1","Blur"],"relics":["Ring of the Snake","Golden Idol","Anchor","Boot","Omamori","Regal Pillow"],"potions_floor_usage":[8],"damage_taken":[{"damage":0,"enemies":"2 Louse","floor":1,"turns":4},{"damage":4,"enemies":"Small Slimes","floor":4,"turns":4},{"damage":2,"enemies":"Cultist","floor":5,"turns":4},{"damage":33,"enemies":"Lagavulin","floor":6,"turns":15},{"damage":0,"enemies":"3 Sentries","floor":8,"turns":11},{"damage":21,"enemies":"Lagavulin","floor":10,"turns":10},{"damage":0,"enemies":"Looter","floor":13,"turns":4},{"damage":47,"enemies":"Hexaghost","floor":16,"turns":23}],"seed_played":"6850068492321549850","potions_obtained":[{"floor":6,"key":"Fire Potion"},{"floor":10,"key":"FearPotion"},{"floor":13,"key":"Weak Potion"}],"is_trial":false,"path_per_floor":["M","?","?","M","M","E","R","E","T","E","$","R","M","?","R"],"character_chosen":"THE_SILENT","items_purchased":["Leg Sweep"],"campfire_rested":2,"item_purchase_floors":[11],"current_hp_per_floor":[63,46,46,42,40,7,28,28,28,7,7,43,43,43,43,0],"gold":233,"neow_bonus":"UPGRADE_CARD","is_prod":false,"is_daily":false,"chose_seed":false,"campfire_upgraded":1,"win_rate":0,"timestamp":1534002491,"path_taken":["M","?","?","M","M","E","R","E","T","E","$","R","M","?","R","BOSS"],"build_version":"2018-08-09","purchased_purges":0,"victory":false,"max_hp_per_floor":[70,70,70,70,70,70,70,70,70,70,70,70,70,70,70,70],"card_choices":[{"not_picked":["Prepared","Skewer"],"picked":"Blade Dance","floor":1},{"not_picked":["Heel Hook","Quick Slash"],"picked":"Dodge and Roll","floor":4},{"not_picked":["Tactician","Finisher"],"picked":"Footwork","floor":5},{"not_picked":["Outmaneuver","Reflex"],"picked":"Dagger Throw","floor":6},{"not_picked":["Skewer","Endless Agony","Catalyst"],"picked":"SKIP","floor":8},{"not_picked":["Wraith Form v2","Deflect"],"picked":"Dodge and Roll","floor":10},{"not_picked":["Slice","Wraith Form v2"],"picked":"Blur","floor":13}],"player_experience":247590,"relics_obtained":[{"floor":6,"key":"Anchor"},{"floor":8,"key":"Boot"},{"floor":9,"key":"Omamori"},{"floor":10,"key":"Regal Pillow"}],"event_choices":[{"event_name":"Golden Idol","player_choice":"Take Damage","floor":2,"damage_taken":0},{"event_name":"Transmorgrifier","player_choice":"Transform","floor":3,"damage_taken":0},{"event_name":"Living Wall","player_choice":"Grow","floor":14,"damage_taken":0}],"is_beta":false,"boss_relics":[],"items_purged_floors":[],"is_endless":false,"potions_floor_spawned":[6,10,13],"killed_by":"Hexaghost","ascension_level":6}