{"path_per_floor":["M","?","M","?","M","E","R","M","T","R","M","T","M","$","R","B",null,"M","?","M","?","M"],"character_chosen":"THE_SILENT","items_purchased":["Apotheosis","Flash of Steel"],"gold_per_floor":[112,112,137,212,233,267,267,285,311,311,324,397,420,41,41,162,162,181,181,194,194,217],"floor_reached":23,"campfire_rested":2,"playtime":995,"current_hp_per_floor":[69,69,67,56,52,37,61,55,55,79,77,77,75,75,75,50,80,80,64,38,38,35],"items_purged":["Injury"],"gold":217,"score":193,"play_id":"bc207347-9e07-49b8-96ce-99b81ccf3788","is_prod":false,"is_daily":false,"is_ascension_mode":false,"campfire_upgraded":1,"path_taken":["M","?","?","?","M","E","R","M","T","R","M","?","M","?","R","BOSS","M","?","?","?","M","E"],"build_version":"2018-02-08-PROD1","purchased_purges":1,"victory":false,"master_deck":["Defend_G","Defend_G","Defend_G","Defend_G","Defend_G","Strike_G","Strike_G","Strike_G","Strike_G","Strike_G","Survivor","Neutralize","Night Terror","Outmaneuver","Dagger Throw","Flying Knee","Prepared","Underhanded Strike","Dodge and Roll","Dash","Apotheosis+1","Flash of Steel","Burst","Finisher+1","Backflip","Skewer+1"],"max_hp_per_floor":[70,70,70,70,70,80,80,80,80,80,80,80,80,80,80,80,80,80,80,80,80,80],"relics":["Ring of the Snake","Golden Idol","Pear","Anchor","Shuriken","Sozu","Nilry\u0027s Codex"],"card_choices":[{"not_picked":["Endless Agony","Dodge and Roll"],"picked":"Outmaneuver"},{"not_picked":["Sucker Punch","Poisoned Stab"],"picked":"Dagger Throw"},{"not_picked":["Outmaneuver","Dodge and Roll"],"picked":"Flying Knee"},{"not_picked":["Leg Sweep","Calculated Gamble"],"picked":"Prepared"},{"not_picked":["Prepared","Die Die Die"],"picked":"Underhanded Strike"},{"not_picked":["Flechettes","Prepared"],"picked":"Dodge and Roll"},{"not_picked":["Bouncing Flask","Catalyst"],"picked":"Dash"},{"not_picked":["Envenom","Wraith Form"],"picked":"Burst"},{"not_picked":["Dagger Throw","Poisoned Stab"],"picked":"Finisher"},{"not_picked":["Deflect","Escape Plan"],"picked":"Backflip"},{"not_picked":["Poisoned Stab","Quick Slash"],"picked":"Skewer"}],"player_experience":68324,"potions_floor_usage":[6],"damage_taken":[{"damage":1,"enemies":"2 Louse","floor":1,"turns":3},{"damage":2,"enemies":"Small Slimes","floor":3,"turns":4},{"damage":4,"enemies":"Blue Slaver","floor":5,"turns":6},{"damage":25,"enemies":"3 Sentries","floor":6,"turns":10},{"damage":6,"enemies":"2 Fungi Beasts","floor":8,"turns":4},{"damage":2,"enemies":"Looter","floor":11,"turns":3},{"damage":2,"enemies":"3 Louse","floor":13,"turns":3},{"damage":25,"enemies":"Hexaghost","floor":16,"turns":9},{"damage":0,"enemies":"Shell Parasite","floor":18,"turns":5},{"damage":26,"enemies":"Chosen","floor":20,"turns":6},{"damage":3,"enemies":"Snake Plant","floor":22,"turns":5},{"damage":35,"enemies":"Slavers","floor":23,"turns":4}],"event_choices":[{"event_name":"Golden Idol","player_choice":"Take Wound","floor":2,"damage_taken":0},{"event_name":"World of Goop","player_choice":"Gather Gold","floor":4,"damage_taken":0},{"event_name":"Cursed Tome","player_choice":"Obtained Book","floor":19,"damage_taken":0},{"event_name":"The Woman in Blue","player_choice":"Bought 0 Potions","floor":21,"damage_taken":0}],"boss_relics":[{"not_picked":["Astrolabe","Runic Pyramid"],"picked":"Sozu"}],"potions_floor_spawned":[1,5,11,20],"seed_played":"2422308573092697636","killed_by":"Slavers","ascension_level":0,"is_trial":false}