{"gold_per_floor":[113,126,126,18,34,34,84,119,119,139,150,150,185,235,235,311,311,322,372,422,21,38,66,66,66,66,84,103,103,153,203,203,280,280,291,341,407,457,507,532,215,215,215,244,255,316,316,336,336,336],"floor_reached":50,"playtime":1830,"items_purged":["Defend_B"],"score":1196,"play_id":"5d660aeb-4d67-40b0-b481-974a5d6ec9c7","local_time":"20190419192631","is_ascension_mode":true,"campfire_choices":[{"data":"Rip and Tear","floor":6.0,"key":"SMITH"},{"data":"Sunder","floor":12.0,"key":"SMITH"},{"floor":15.0,"key":"REST"},{"data":"Genetic Algorithm","floor":24.0,"key":"SMITH"},{"data":"Static Discharge","floor":29.0,"key":"SMITH"},{"data":"Storm","floor":32.0,"key":"SMITH"},{"data":"Thunder Strike","floor":42.0,"key":"SMITH"},{"floor":47.0,"key":"REST"},{"floor":49.0,"key":"REST"}],"neow_cost":"NONE","seed_source_timestamp":801873226804900,"circlet_count":0,"master_deck":["AscendersBane","Defend_B+1","Defend_B+1","Defend_B+1","Zap","Beam Cell+1","Rip and Tear+1","Genetic Algorithm+1","Leap","Sunder+1","Glacier","Static Discharge+1","Echo Form","Bite","Bite","Bite","Bite+1","Bite","Storm+1","Compile Driver+1","Glacier+1","Genetic Algorithm+1","Beam Cell+1","Self Repair","Echo Form","BootSequence","Dark Shackles","Static Discharge","Echo Form","Thunder Strike+1","Ball Lightning+1"],"special_seed":0,"relics":["Cracked Core","NeowsBlessing","SsserpentHead","DataDisk","Dodecahedron","Mango","Bird Faced Urn","Inserter","Whetstone","Art of War","Kunai","Velvet Choker","PreservedInsect","DollysMirror","Blue Candle","Orichalcum"],"potions_floor_usage":[50,50],"damage_taken":[{"damage":0.0,"enemies":"Cultist","floor":1.0,"turns":1.0},{"damage":0.0,"enemies":"Small Slimes","floor":2.0,"turns":1.0},{"damage":0.0,"enemies":"Jaw Worm","floor":5.0,"turns":1.0},{"damage":34.0,"enemies":"Lagavulin","floor":8.0,"turns":6.0},{"damage":20.0,"enemies":"Large Slime","floor":10.0,"turns":5.0},{"damage":0.0,"enemies":"2 Fungi Beasts","floor":11.0,"turns":2.0},{"damage":6.0,"enemies":"3 Sentries","floor":13.0,"turns":6.0},{"damage":28.0,"enemies":"The Guardian","floor":16.0,"turns":15.0},{"damage":27.0,"enemies":"3 Byrds","floor":18.0,"turns":4.0},{"damage":23.0,"enemies":"Chosen","floor":22.0,"turns":5.0},{"damage":38.0,"enemies":"Gremlin Leader","floor":23.0,"turns":8.0},{"damage":0.0,"enemies":"Book of Stabbing","floor":25.0,"turns":1.0},{"damage":7.0,"enemies":"Snecko","floor":27.0,"turns":7.0},{"damage":13.0,"enemies":"Snake Plant","floor":28.0,"turns":5.0},{"damage":66.0,"enemies":"Champ","floor":33.0,"turns":13.0},{"damage":3.0,"enemies":"3 Shapes","floor":35.0,"turns":4.0},{"damage":10.0,"enemies":"3 Darklings","floor":37.0,"turns":5.0},{"damage":0.0,"enemies":"Nemesis","floor":40.0,"turns":7.0},{"damage":51.0,"enemies":"Giant Head","floor":44.0,"turns":7.0},{"damage":17.0,"enemies":"Writhing Mass","floor":45.0,"turns":7.0},{"damage":49.0,"enemies":"Sphere and 2 Shapes","floor":46.0,"turns":4.0},{"damage":48.0,"enemies":"Spire Growth","floor":48.0,"turns":5.0},{"damage":56,"enemies":"Awakened One","floor":50,"turns":5}],"seed_played":"3349510901865852232","potions_obtained":[{"floor":2.0,"key":"Regen Potion"},{"floor":11.0,"key":"Explosive Potion"},{"floor":13.0,"key":"LiquidBronze"},{"floor":18.0,"key":"SkillPotion"},{"floor":23.0,"key":"SmokeBomb"},{"floor":33.0,"key":"Fire Potion"},{"floor":35.0,"key":"Dexterity Potion"},{"floor":45.0,"key":"Energy Potion"}],"is_trial":false,"path_per_floor":["M","M","?","$","M","R","?","E","T","M","M","R","E","?","R","B",null,"M","?","?","$","M","E","R","E","T","M","M","R","?","?","R","B",null,"M","?","M","?","?","E","$","R","T","E","M","M","R","M","R","B"],"character_chosen":"DEFECT","items_purchased":["DataDisk","Regen Potion","Whetstone","Storm","DollysMirror","Thunder Strike"],"campfire_rested":3,"item_purchase_floors":[4,21,21,21,41,41],"current_hp_per_floor":[64,64,64,64,64,64,64,30,44,24,24,24,18,18,43,15,68,41,41,25,25,13,49,49,49,49,64,60,60,60,60,60,43,59,61,61,64,64,64,64,64,64,64,54,64,24,43,16,35,0],"gold":336,"neow_bonus":"THREE_ENEMY_KILL","is_prod":false,"is_daily":false,"chose_seed":false,"campfire_upgraded":6,"win_rate":0,"timestamp":1555698391,"path_taken":["M","?","?","?","M","R","?","E","T","M","M","R","E","?","R","BOSS","M","?","?","$","M","E","R","E","T","M","M","R","?","?","R","BOSS","M","?","?","?","?","E","$","R","T","E","M","?","R","M","R","BOSS"],"build_version":"2019-01-23","purchased_purges":1,"victory":false,"max_hp_per_floor":[71,71,71,71,71,71,71,71,85,85,85,85,85,85,85,85,85,85,59,64,64,64,64,64,64,64,64,64,64,64,64,64,64,64,64,64,64,64,64,64,64,64,64,64,64,64,64,64,64,64],"card_choices":[{"not_picked":["Rebound","Barrage"],"picked":"Beam Cell","floor":1.0},{"not_picked":["Chaos","Rebound"],"picked":"Rip and Tear","floor":2.0},{"not_picked":["Streamline","Cold Snap"],"picked":"Genetic Algorithm","floor":5.0},{"not_picked":["Amplify","Barrage"],"picked":"Leap","floor":8.0},{"not_picked":["Streamline","Compile Driver"],"picked":"Sunder","floor":10.0},{"not_picked":["Beam Cell","Aggregate"],"picked":"Glacier","floor":11.0},{"not_picked":["Hologram","Reinforced Body"],"picked":"Static Discharge","floor":13.0},{"not_picked":["Machine Learning","Thunder Strike"],"picked":"Echo Form","floor":16.0},{"not_picked":["Streamline","Auto Shields","Steam Power"],"picked":"SKIP","floor":18.0},{"not_picked":["Gash","Turbo"],"picked":"Compile Driver+1","floor":22.0},{"not_picked":["Storm","Stack"],"picked":"Glacier+1","floor":23.0},{"not_picked":["Force Field","Turbo+1"],"picked":"Genetic Algorithm+1","floor":27.0},{"not_picked":["Gash","Rebound"],"picked":"Beam Cell+1","floor":28.0},{"not_picked":["Electrodynamics","Multi-Cast"],"picked":"Echo Form","floor":33.0},{"not_picked":["Beam Cell","Conserve Battery+1"],"picked":"BootSequence","floor":35.0},{"not_picked":["Streamline","Conserve Battery+1","Steam"],"picked":"SKIP","floor":37.0},{"not_picked":["Trip","PanicButton"],"picked":"Dark Shackles","floor":38.0},{"not_picked":["Reprogram","Cold Snap+1"],"picked":"Static Discharge","floor":40.0},{"not_picked":["Rip and Tear","Leap","Darkness"],"picked":"SKIP","floor":44.0},{"not_picked":["Compile Driver","Sweeping Beam"],"picked":"Ball Lightning+1","floor":45.0},{"not_picked":["Machine Learning","Static Discharge","Loop"],"picked":"SKIP","floor":46.0},{"not_picked":["Streamline","Steam+1","Redo"],"picked":"SKIP","floor":48.0}],"player_experience":1300610,"relics_obtained":[{"floor":8.0,"key":"Dodecahedron"},{"floor":9.0,"key":"Mango"},{"floor":13.0,"key":"Bird Faced Urn"},{"floor":23.0,"key":"Art of War"},{"floor":26.0,"key":"Kunai"},{"floor":40.0,"key":"PreservedInsect"},{"floor":43.0,"key":"Blue Candle"},{"floor":44.0,"key":"Orichalcum"}],"event_choices":[{"damage_healed":0.0,"max_hp_gain":0.0,"max_hp_loss":0.0,"gold_gain":0.0,"event_name":"FaceTrader","player_choice":"Trade","floor":3.0,"gold_loss":0.0,"damage_taken":0.0,"relics_obtained":["SsserpentHead"]},{"damage_healed":0.0,"max_hp_gain":0.0,"max_hp_loss":0.0,"gold_gain":0.0,"event_name":"Dead Adventurer","player_choice":"Searched \u00270\u0027 times","floor":7.0,"gold_loss":0.0,"damage_taken":0.0},{"damage_healed":0.0,"max_hp_gain":0.0,"max_hp_loss":0.0,"gold_gain":0.0,"event_name":"Liars Game","player_choice":"Ignored","floor":14.0,"gold_loss":0.0,"damage_taken":0.0},{"damage_healed":0.0,"max_hp_gain":0.0,"max_hp_loss":26.0,"gold_gain":0.0,"event_name":"Vampires","player_choice":"Became a vampire","floor":19.0,"gold_loss":0.0,"damage_taken":0.0,"cards_obtained":["Bite","Bite","Bite","Bite","Bite"]},{"damage_healed":0.0,"max_hp_gain":5.0,"max_hp_loss":0.0,"gold_gain":0.0,"event_name":"Forgotten Altar","player_choice":"Shed Blood","floor":20.0,"gold_loss":0.0,"damage_taken":21.0},{"damage_healed":0.0,"max_hp_gain":0.0,"max_hp_loss":0.0,"gold_gain":0.0,"event_name":"Back to Basics","player_choice":"Simplicity","floor":30.0,"gold_loss":0.0,"damage_taken":0.0,"cards_upgraded":["Defend_B","Defend_B","Defend_B"]},{"damage_healed":0.0,"max_hp_gain":0.0,"max_hp_loss":0.0,"gold_gain":0.0,"event_name":"The Library","player_choice":"Read","floor":31.0,"gold_loss":0.0,"damage_taken":0.0,"cards_obtained":["Self Repair"]},{"cards_removed":["Dualcast"],"damage_healed":0.0,"max_hp_gain":0.0,"max_hp_loss":0.0,"gold_gain":0.0,"event_name":"Purifier","player_choice":"Purged","floor":36.0,"gold_loss":0.0,"damage_taken":0.0},{"damage_healed":0.0,"max_hp_gain":0.0,"max_hp_loss":0.0,"gold_gain":0.0,"event_name":"SensoryStone","player_choice":"Memory 1","floor":38.0,"gold_loss":0.0,"damage_taken":0.0},{"damage_healed":0.0,"max_hp_gain":0.0,"max_hp_loss":0.0,"gold_gain":0.0,"event_name":"SecretPortal","player_choice":"Ignored","floor":39.0,"gold_loss":0.0,"damage_taken":0.0}],"is_beta":false,"boss_relics":[{"not_picked":["Runic Dome","Black Star"],"picked":"Inserter"},{"not_picked":["Philosopher\u0027s Stone","Astrolabe"],"picked":"Velvet Choker"}],"items_purged_floors":[21],"is_endless":false,"potions_floor_spawned":[2,11,13,18,23,25,33,35,45],"killed_by":"Awakened One","ascension_level":20}