{"gold_per_floor":[114,114,114,114,131,131,164,164,190,190,265,277,291,316,316,421,421,433,34,34,52,151,176,176,188,188,188,113,141,87,87],"floor_reached":31,"playtime":893,"items_purged":[],"score":307,"play_id":"64b3e391-dc71-4037-b719-debb310ffbf0","local_time":"20190130121317","is_ascension_mode":true,"campfire_choices":[{"floor":6,"key":"REST"},{"floor":8,"key":"REST"},{"floor":10,"key":"REST"},{"floor":15,"key":"RECALL"},{"floor":24,"key":"REST"},{"floor":27,"key":"REST"}],"neow_cost":"NONE","seed_source_timestamp":149604945823237,"circlet_count":0,"master_deck":["Strike_B","Strike_B+1","Strike_B+1","Strike_B","Defend_B+1","Defend_B","Zap","Dualcast","Echo Form","Leap+1","Gash","Self Repair","Gash","Beam Cell","Meteor Strike","Double Energy","Conserve Battery","Gash","Redo","Go for the Eyes","Sweeping Beam+1","Conserve Battery+1"],"relics":["Cracked Core","Whetstone","Bird Faced Urn","Inserter","PreservedInsect","Frozen Egg 2","Strawberry","Toxic Egg 2","Letter Opener"],"potions_floor_usage":[23],"damage_taken":[{"damage":8,"enemies":"Small Slimes","floor":1,"turns":3},{"damage":14,"enemies":"2 Louse","floor":5,"turns":2},{"damage":46,"enemies":"3 Sentries","floor":7,"turns":10},{"damage":0,"enemies":"Jaw Worm","floor":12,"turns":3},{"damage":0,"enemies":"Large Slime","floor":13,"turns":5},{"damage":5,"enemies":"Lagavulin","floor":14,"turns":6},{"damage":56,"enemies":"The Guardian","floor":16,"turns":10},{"damage":4,"enemies":"Chosen","floor":18,"turns":4},{"damage":12,"enemies":"3 Byrds","floor":21,"turns":5},{"damage":66,"enemies":"Slavers","floor":23,"turns":5},{"damage":36,"enemies":"Snecko","floor":25,"turns":6},{"damage":65,"enemies":"Book of Stabbing","floor":29,"turns":7},{"damage":19,"enemies":"3 Cultists","floor":31,"turns":3}],"seed_played":"6898062112671948234","potions_obtained":[{"floor":7,"key":"Strength Potion"},{"floor":12,"key":"Ancient Potion"},{"floor":13,"key":"Regen Potion"},{"floor":25,"key":"Dexterity Potion"}],"is_trial":false,"path_per_floor":["M","?","?","?","M","R","E","R","T","R","?","M","M","E","R","B",null,"M","$","?","M","?","E","R","M","T","R","?","E","$","M"],"character_chosen":"DEFECT","items_purchased":["PreservedInsect","Frozen Egg 2","Conserve Battery+1"],"campfire_rested":5,"item_purchase_floors":[19,19,30],"current_hp_per_floor":[67,52,45,70,56,75,29,51,51,73,62,69,75,75,75,21,75,75,75,75,74,74,46,70,45,45,69,69,15,15,0],"gold":87,"neow_bonus":"ONE_RANDOM_RARE_CARD","is_prod":false,"is_daily":false,"chose_seed":false,"campfire_upgraded":0,"win_rate":0,"timestamp":1548879197,"path_taken":["M","?","?","?","M","R","E","R","T","R","?","?","M","E","R","BOSS","M","$","?","M","?","E","R","M","T","R","?","E","$","?"],"build_version":"2019-01-23","purchased_purges":0,"victory":false,"max_hp_per_floor":[75,75,75,75,75,75,75,75,75,75,75,75,75,75,75,75,75,75,75,75,75,75,82,82,82,82,82,82,82,82,82],"card_choices":[{"not_picked":["Hologram","BootSequence"],"picked":"Leap","floor":1},{"not_picked":["BootSequence","Scrape"],"picked":"Gash","floor":5},{"not_picked":["Scrape","Hyperbeam"],"picked":"Self Repair","floor":7},{"not_picked":["Redo","Darkness"],"picked":"Gash","floor":12},{"not_picked":["Hologram","Conserve Battery"],"picked":"Beam Cell","floor":13},{"not_picked":["Consume","Meteor Strike","Storm"],"picked":"SKIP","floor":14},{"not_picked":["Hyperbeam","Machine Learning"],"picked":"Meteor Strike","floor":16},{"not_picked":["Barrage","Fusion"],"picked":"Double Energy","floor":18},{"not_picked":["Reinforced Body","Steam"],"picked":"Gash","floor":21},{"not_picked":["Rebound+1","Leap"],"picked":"Redo","floor":23},{"not_picked":["Storm+1","Rip and Tear+1"],"picked":"Go for the Eyes","floor":25},{"not_picked":["Steam Power+1","Barrage"],"picked":"Sweeping Beam+1","floor":29}],"player_experience":177026,"relics_obtained":[{"floor":7,"key":"Whetstone"},{"floor":14,"key":"Bird Faced Urn"},{"floor":23,"key":"Strawberry"},{"floor":26,"key":"Toxic Egg 2"},{"floor":29,"key":"Letter Opener"}],"event_choices":[{"damage_healed":0,"gold_gain":0,"player_choice":"Entered Light","damage_taken":15,"max_hp_gain":0,"max_hp_loss":0,"event_name":"Shining Light","floor":2,"gold_loss":0,"cards_upgraded":["Leap","Defend_B"]},{"cards_removed":["Defend_B"],"damage_healed":0,"gold_gain":0,"player_choice":"Card Removal","damage_taken":7,"max_hp_gain":0,"max_hp_loss":0,"event_name":"Golden Wing","floor":3,"gold_loss":0},{"damage_healed":25,"gold_gain":0,"player_choice":"Banana","damage_taken":0,"max_hp_gain":0,"max_hp_loss":0,"event_name":"Big Fish","floor":4,"gold_loss":0},{"damage_healed":0,"gold_gain":75,"player_choice":"Gather Gold","damage_taken":11,"max_hp_gain":0,"max_hp_loss":0,"event_name":"World of Goop","floor":11,"gold_loss":0},{"damage_healed":0,"gold_gain":0,"player_choice":"Read","damage_taken":0,"max_hp_gain":0,"max_hp_loss":0,"event_name":"The Library","floor":20,"gold_loss":0,"cards_obtained":["Conserve Battery"]},{"damage_healed":0,"gold_gain":99,"player_choice":"Stole From Cult","damage_taken":0,"max_hp_gain":0,"max_hp_loss":0,"event_name":"Nest","floor":22,"gold_loss":0},{"cards_removed":["Defend_B"],"damage_healed":0,"gold_gain":0,"player_choice":"Gave Gold","damage_taken":0,"max_hp_gain":0,"max_hp_loss":0,"event_name":"Beggar","floor":28,"gold_loss":75}],"is_beta":false,"boss_relics":[{"not_picked":["Nuclear Battery","Empty Cage"],"picked":"Inserter"}],"items_purged_floors":[],"is_endless":false,"potions_floor_spawned":[7,12,13,18,21,25],"killed_by":"3 Cultists","ascension_level":2}