{"gold_per_floor":[112,82,82,82,97,131,131,145,170,187,206,217,217,235,235,309,359,377,377,377,48,67,67,67,94,94,94,0,14,14,33,33,110,110,126,126,137,137,137],"floor_reached":39,"playtime":1337,"items_purged":[],"score":724,"play_id":"a2781598-e07e-4001-a4b3-1e4f756bb441","local_time":"20180908234410","is_ascension_mode":true,"campfire_choices":[{"data":"Zap","floor":7.0,"key":"SMITH"},{"data":"Go for the Eyes","floor":13.0,"key":"SMITH"},{"data":"Sweeping Beam","floor":15.0,"key":"SMITH"},{"data":"Conserve Battery","floor":23.0,"key":"SMITH"},{"floor":27.0,"key":"REST"},{"floor":32.0,"key":"REST"}],"neow_cost":"","seed_source_timestamp":182910941623636,"circlet_count":0,"master_deck":["Strike_B+1","Strike_B+1","Strike_B+1","Defend_B+1","Defend_B+1","Defend_B+1","Defend_B+1","Zap+1","Dualcast","AscendersBane","Sweeping Beam","Ball Lightning","Go for the Eyes+1","Coolheaded","Auto Shields","Rebound","Conserve Battery+1","Sweeping Beam+1","Electrodynamics","Leap","Stack","Compile Driver+1","Cold Snap+1","Consume","Madness","Madness"],"special_seed":0,"relics":["Cracked Core","Strawberry","Bronze Scales","Tiny House","MutagenicStrength","Incense Burner","Anchor","Mercury Hourglass","Inserter"],"potions_floor_usage":[],"damage_taken":[{"damage":0.0,"enemies":"2 Louse","floor":1.0,"turns":2.0},{"damage":6.0,"enemies":"Cultist","floor":5.0,"turns":4.0},{"damage":25.0,"enemies":"3 Sentries","floor":6.0,"turns":7.0},{"damage":4.0,"enemies":"Small Slimes","floor":8.0,"turns":3.0},{"damage":0.0,"enemies":"Looter","floor":10.0,"turns":2.0},{"damage":4.0,"enemies":"Red Slaver","floor":11.0,"turns":3.0},{"damage":0.0,"enemies":"2 Fungi Beasts","floor":12.0,"turns":3.0},{"damage":0.0,"enemies":"3 Louse","floor":14.0,"turns":3.0},{"damage":35.0,"enemies":"Hexaghost","floor":16.0,"turns":8.0},{"damage":20.0,"enemies":"Shell Parasite","floor":18.0,"turns":6.0},{"damage":0.0,"enemies":"Chosen","floor":22.0,"turns":4.0},{"damage":14.0,"enemies":"Sentry and Sphere","floor":29.0,"turns":6.0},{"damage":1.0,"enemies":"Snake Plant","floor":31.0,"turns":4.0},{"damage":68,"enemies":"Collector","floor":33,"turns":14},{"damage":0,"enemies":"3 Darklings","floor":35,"turns":4},{"damage":22,"enemies":"3 Shapes","floor":37,"turns":4},{"damage":32,"enemies":"Reptomancer","floor":39,"turns":4}],"seed_played":"-337542087652661296","potions_obtained":[{"floor":2.0,"key":"Ancient Potion"},{"floor":2.0,"key":"SkillPotion"},{"floor":6.0,"key":"AttackPotion"},{"floor":10.0,"key":"Strength Potion"},{"floor":14.0,"key":"Fire Potion"},{"floor":17.0,"key":"SteroidPotion"},{"floor":18.0,"key":"Swift Potion"}],"is_trial":false,"path_per_floor":["M","?","?","?","M","E","R","M","T","M","M","M","R","M","R","B",null,"M","?","?","$","M","R","$","T","T","R","?","M","$","M","R","B",null,"M","?","M","?"],"character_chosen":"DEFECT","items_purchased":["Incense Burner"],"campfire_rested":2,"item_purchase_floors":[21],"current_hp_per_floor":[64,64,64,69,63,45,45,41,41,41,37,37,37,37,37,2,68,48,48,48,48,48,48,48,48,48,74,74,60,60,59,85,17,70,70,54,32,32,0],"gold":137,"neow_bonus":"","is_prod":false,"is_daily":false,"chose_seed":false,"campfire_upgraded":4,"win_rate":0,"timestamp":1536464650,"path_taken":["M","?","?","?","?","E","R","M","T","M","M","M","R","?","R","BOSS","M","?","?","$","M","R","$","?","T","R","?","M","?","M","R","BOSS","M","?","M","?","?"],"build_version":"2018-09-06","purchased_purges":0,"victory":false,"max_hp_per_floor":[71,71,71,76,76,83,83,83,83,83,83,83,83,83,83,83,88,88,88,88,88,88,88,88,88,88,88,88,88,88,88,88,88,88,88,88,88,88,88],"card_choices":[{"not_picked":["Blizzard","Stack"],"picked":"Sweeping Beam","floor":1.0},{"not_picked":["Coolheaded","Streamline"],"picked":"Ball Lightning","floor":5.0},{"not_picked":["Compile Driver","All For One"],"picked":"Go for the Eyes","floor":6.0},{"not_picked":["Compile Driver","Storm"],"picked":"Coolheaded","floor":8.0},{"not_picked":["Beam Cell","Rebound"],"picked":"Auto Shields","floor":10.0},{"not_picked":["Turbo","All For One"],"picked":"Rebound","floor":11.0},{"not_picked":["Hello World","Fusion"],"picked":"Conserve Battery","floor":12.0},{"not_picked":["Turbo","Stack"],"picked":"Sweeping Beam","floor":14.0},{"not_picked":["Echo Form","Amplify"],"picked":"Electrodynamics","floor":16.0},{"not_picked":["Gash","Beam Cell"],"picked":"Leap","floor":17.0},{"not_picked":["Melter+1","Beam Cell"],"picked":"Stack","floor":18.0},{"not_picked":["Skim","Redo","Meteor Strike"],"picked":"SKIP","floor":22.0},{"not_picked":["Scrape","Genetic Algorithm"],"picked":"Compile Driver+1","floor":29.0},{"not_picked":["Barrage","Rip and Tear"],"picked":"Cold Snap+1","floor":31.0},{"not_picked":["Hello World+1","Leap"],"picked":"Consume","floor":35},{"not_picked":["Turbo","Stack","Rebound+1"],"picked":"SKIP","floor":37}],"player_experience":336879,"relics_obtained":[{"floor":6.0,"key":"Strawberry"},{"floor":9.0,"key":"Bronze Scales"},{"floor":25.0,"key":"Anchor"},{"floor":26.0,"key":"Mercury Hourglass"}],"event_choices":[{"event_name":"The Woman in Blue","player_choice":"Bought 2 Potions","floor":2.0,"damage_taken":0.0},{"event_name":"Bonfire Elementals","player_choice":"BASIC","floor":3.0,"damage_taken":0.0},{"event_name":"Big Fish","player_choice":"Donut","floor":4.0,"damage_taken":0.0},{"event_name":"Drug Dealer","player_choice":"Inject Mutagens","floor":19.0,"damage_taken":0.0},{"event_name":"Back to Basics","player_choice":"Simplicity","floor":20.0,"damage_taken":0.0},{"event_name":"Masked Bandits","player_choice":"Paid Fearfully","floor":28.0,"damage_taken":0.0},{"event_name":"Winding Halls","player_choice":"Embrace Madness","floor":36,"damage_taken":0},{"event_name":"Mysterious Sphere","player_choice":"Ignore","floor":38,"damage_taken":0}],"is_beta":false,"boss_relics":[{"not_picked":["Cursed Key","Snecko Eye"],"picked":"Tiny House"},{"not_picked":["Runic Pyramid","Black Star"],"picked":"Inserter"}],"items_purged_floors":[],"is_endless":false,"potions_floor_spawned":[6,10,11,14,18,37],"killed_by":"Reptomancer","ascension_level":18}