{"path_per_floor":["M","$","M","?","M","E","?","M","T","R","M","?","M","M","R","B",null,"M","?","?","$","M","R","M","M","T","?","?","$","?","M","R","B",null,"M","?","?","M","M","R","?","M","T","R","?","?","M","?","R"],"character_chosen":"DEFECT","items_purchased":["Self Repair","Apotheosis","Melter","Electrodynamics","Loop","Thunder Strike"],"gold_per_floor":[116,36,56,56,75,101,101,114,140,140,155,330,344,358,358,453,453,473,473,473,142,152,152,171,186,213,213,213,14,14,25,25,125,125,144,144,144,163,174,174,174,187,214,214,0,0,13,13,13,13],"floor_reached":50,"campfire_rested":6,"playtime":2144,"item_purchase_floors":[2,21,21,21,29,29],"current_hp_per_floor":[66,66,63,68,74,54,47,52,52,76,72,72,76,75,75,19,80,46,46,46,46,53,77,73,60,60,45,45,45,45,41,81,50,85,59,54,54,40,34,74,74,62,62,85,85,74,69,69,85,0],"items_purged":[],"gold":13,"score":494,"play_id":"0544a2d7-028c-4cb0-bc6f-c3ce419a7a33","local_time":"20180611190718","is_prod":false,"is_daily":false,"chose_seed":false,"is_ascension_mode":false,"campfire_upgraded":1,"win_rate":0.0,"timestamp":1528769238,"campfire_choices":[{"floor":10,"key":"REST"},{"data":"Self Repair","floor":15,"key":"SMITH"},{"floor":23,"key":"REST"},{"floor":32,"key":"REST"},{"floor":40,"key":"REST"},{"floor":44,"key":"REST"},{"floor":49,"key":"REST"}],"path_taken":["M","$","M","?","M","E","?","M","T","R","M","?","M","M","R","BOSS","M","?","?","$","M","R","M","M","T","?","?","?","?","M","R","BOSS","M","?","?","M","M","R","?","M","T","R","?","?","M","?","R","BOSS"],"build_version":"2018-06-08","seed_source_timestamp":1227308351544180,"purchased_purges":0,"victory":false,"master_deck":["Strike_B+1","Strike_B+1","Defend_B+1","Defend_B+1","Defend_B+1","Defend_B+1","Zap","Dualcast","Tempest","Doom and Gloom","Self Repair+1","Chill","Defragment","Sunder","Fusion","Doubt","Hello World","Reboot","Electrodynamics","Chaos","Apotheosis+1","Melter","Electrodynamics","Conserve Battery+1","Ball Lightning","Loop","Thunder Strike","Cold Snap+1","Amplify","Panache","Dramatic Entrance","Reinforced Body","Madness","Madness","Static Discharge"],"max_hp_per_floor":[75,75,75,80,80,80,80,80,80,80,80,80,80,80,80,80,80,80,80,80,80,80,80,80,80,80,85,85,85,85,85,85,85,85,85,85,85,85,85,85,85,85,85,85,85,85,85,85,85,85],"relics":["Cracked Core","Juzu Bracelet","Bag of Preparation","Bronze Scales","Inserter","Regal Pillow","Nuclear Battery","Girya","Boot","Red Mask"],"card_choices":[{"not_picked":["Gash","Darkness"],"picked":"Doom and Gloom","floor":1},{"not_picked":["Streamline","Stack"],"picked":"Chill","floor":3},{"not_picked":["Cold Snap","Sunder"],"picked":"Defragment","floor":5},{"not_picked":["Redo","Coolheaded"],"picked":"Sunder","floor":6},{"not_picked":["Leap","Coolheaded"],"picked":"Fusion","floor":8},{"not_picked":["Conserve Battery","Barrage"],"picked":"Coolheaded","floor":11},{"not_picked":["Stack","Sweeping Beam"],"picked":"Hello World","floor":13},{"not_picked":["Doom and Gloom","Leap"],"picked":"Reboot","floor":14},{"not_picked":["All For One","Thunder Strike"],"picked":"Electrodynamics","floor":16},{"not_picked":["Stack","Barrage"],"picked":"Chaos","floor":18},{"not_picked":["Fusion","Streamline"],"picked":"Conserve Battery+1","floor":22},{"not_picked":["Rebound","Conserve Battery"],"picked":"Ball Lightning","floor":24},{"not_picked":["Compile Driver","Scrape","Gash"],"picked":"SKIP","floor":25},{"not_picked":["Streamline","Stack"],"picked":"Cold Snap+1","floor":31},{"not_picked":["Echo Form","Multi-Cast"],"picked":"Amplify","floor":33},{"not_picked":["Cold Snap+1","Go for the Eyes+1","Sweeping Beam+1"],"picked":"SKIP","floor":35},{"not_picked":["Secret Weapon","Purity"],"picked":"Panache","floor":36},{"not_picked":["Dark Shackles","Transmutation"],"picked":"Dramatic Entrance","floor":36},{"not_picked":["Steam+1","Melter+1","Beam Cell+1"],"picked":"SKIP","floor":38},{"not_picked":["Rebound","Ball Lightning","Beam Cell"],"picked":"SKIP","floor":39},{"not_picked":["Hologram+1","Reprogram"],"picked":"Reinforced Body","floor":41},{"not_picked":["Conserve Battery","Steam+1","Stack"],"picked":"SKIP","floor":42},{"not_picked":["Seek","Gash+1"],"picked":"Static Discharge","floor":47}],"player_experience":25861,"potions_floor_usage":[16,33,35,42,42,50,50],"damage_taken":[{"damage":9,"enemies":"2 Louse","floor":1,"turns":3},{"damage":10,"enemies":"Small Slimes","floor":3,"turns":3},{"damage":1,"enemies":"Cultist","floor":5,"turns":3},{"damage":27,"enemies":"Lagavulin","floor":6,"turns":7},{"damage":2,"enemies":"Looter","floor":8,"turns":4},{"damage":11,"enemies":"3 Louse","floor":11,"turns":2},{"damage":3,"enemies":"Large Slime","floor":13,"turns":5},{"damage":1,"enemies":"Gremlin Gang","floor":14,"turns":3},{"damage":66,"enemies":"Hexaghost","floor":16,"turns":10},{"damage":34,"enemies":"2 Thieves","floor":18,"turns":3},{"damage":3,"enemies":"3 Byrds","floor":22,"turns":2},{"damage":4,"enemies":"Sentry and Sphere","floor":24,"turns":4},{"damage":13,"enemies":"Snake Plant","floor":25,"turns":3},{"damage":14,"enemies":"Centurion and Healer","floor":31,"turns":5},{"damage":31,"enemies":"Champ","floor":33,"turns":11},{"damage":36,"enemies":"3 Darklings","floor":35,"turns":3},{"damage":14,"enemies":"Flame Bruiser 1 Orb","floor":38,"turns":4},{"damage":6,"enemies":"4 Shapes","floor":39,"turns":3},{"damage":0,"floor":41,"turns":5},{"damage":12,"enemies":"Transient","floor":42,"turns":5},{"damage":15,"enemies":"Maw","floor":47,"turns":6},{"damage":128,"enemies":"Donu and Deca","floor":50,"turns":6}],"relics_obtained":[{"floor":6,"key":"Juzu Bracelet"},{"floor":9,"key":"Bronze Scales"},{"floor":26,"key":"Regal Pillow"},{"floor":41,"key":"Girya"},{"floor":43,"key":"Boot"}],"event_choices":[{"event_name":"Big Fish","player_choice":"Donut","floor":4,"damage_taken":0},{"event_name":"Scrap Ooze","player_choice":"success","floor":7,"damage_taken":7},{"event_name":"Liars Game","player_choice":"agreed","floor":12,"damage_taken":0},{"event_name":"Ghosts","player_choice":"Ignored","floor":19,"damage_taken":0},{"event_name":"Purifier","player_choice":"One Purge","floor":20,"damage_taken":0},{"event_name":"Forgotten Altar","player_choice":"Shed Blood","floor":27,"damage_taken":0},{"event_name":"Back to Basics","player_choice":"Simplicity","floor":28,"damage_taken":0},{"event_name":"The Lab","player_choice":"Got Potions","floor":30,"damage_taken":0},{"event_name":"SensoryStone","player_choice":"Memory 2","floor":36,"damage_taken":0},{"event_name":"Accursed Blacksmith","player_choice":"Forge","floor":37,"damage_taken":0},{"event_name":"MindBloom","player_choice":"Fight","floor":41,"damage_taken":0},{"event_name":"Tomb of Lord Red Mask","player_choice":"Paid","floor":45,"damage_taken":0},{"event_name":"Winding Halls","player_choice":"Embrace Madness","floor":46,"damage_taken":0},{"event_name":"Falling","player_choice":"Removed Skill","floor":48,"damage_taken":0}],"boss_relics":[{"not_picked":["Orrery","Philosopher\u0027s Stone"],"picked":"Inserter"},{"not_picked":["Snecko Eye","White Beast Statue"],"picked":"Nuclear Battery"}],"items_purged_floors":[],"potions_floor_spawned":[3,6,18,24,31,33,42,47],"seed_played":"6351444298887130615","killed_by":"Donu and Deca","ascension_level":0,"potions_obtained":[{"floor":3,"key":"SkillPotion"},{"floor":6,"key":"SkillPotion"},{"floor":18,"key":"Poison Potion"},{"floor":24,"key":"Strength Potion"},{"floor":30,"key":"LiquidBronze"},{"floor":30,"key":"EntropicBrew"},{"floor":31,"key":"FairyPotion"},{"floor":33,"key":"EssenceOfSteel"},{"floor":42,"key":"Weak Potion"}],"is_trial":false}