{"gold_per_floor":[112,132,132,146,70,95,114,143,167,178,67,95,115,133,133,238,238,254,268,283,382,55,55,55],"floor_reached":24,"playtime":835,"items_purged":["Strike_R"],"score":242,"play_id":"d40978a9-b089-4d17-9455-87a4f8dbe43a","local_time":"20181208213346","is_ascension_mode":true,"campfire_choices":[{"floor":15,"key":"REST"},{"floor":23,"key":"REST"}],"neow_cost":"NONE","seed_source_timestamp":630725074687698,"circlet_count":0,"master_deck":["Strike_R","Strike_R","Strike_R","Strike_R","Defend_R","Defend_R","Defend_R","Defend_R","Bash+1","Combust","Rupture","Armaments","Twin Strike","Whirlwind","Rage","Blood for Blood","Evolve","Twin Strike","Iron Wave","Dropkick","Feed","Rampage","Blood for Blood+1","Infernal Blade","Reckless Charge+1"],"special_seed":0,"relics":["Burning Blood","Bottled Flame","Pen Nib","Oddly Smooth Stone","Smiling Mask","Sozu","Molten Egg 2"],"potions_floor_usage":[7,8,12,14,16],"damage_taken":[{"damage":5.0,"enemies":"Small Slimes","floor":1.0,"turns":3.0},{"damage":6.0,"enemies":"Cultist","floor":2.0,"turns":3.0},{"damage":8.0,"enemies":"2 Louse","floor":4.0,"turns":3.0},{"damage":26.0,"enemies":"Gremlin Nob","floor":6.0,"turns":5.0},{"damage":22,"enemies":"Exordium Wildlife","floor":7,"turns":4},{"damage":31,"enemies":"Lagavulin","floor":8,"turns":6},{"damage":2,"enemies":"2 Fungi Beasts","floor":10,"turns":2},{"damage":15,"enemies":"3 Sentries","floor":12,"turns":5},{"damage":11,"enemies":"Looter","floor":13,"turns":2},{"damage":0,"enemies":"Exordium Wildlife","floor":14,"turns":2},{"damage":42,"enemies":"The Guardian","floor":16,"turns":10},{"damage":27,"enemies":"Spheric Guardian","floor":18,"turns":4},{"damage":6,"enemies":"Chosen","floor":19,"turns":3},{"damage":47,"enemies":"Snake Plant","floor":20,"turns":5},{"damage":46,"enemies":"Gremlin Leader","floor":24,"turns":3}],"seed_played":"-5988950816670039987","potions_obtained":[{"floor":2.0,"key":"BloodPotion"},{"floor":3.0,"key":"LiquidBronze"},{"floor":3.0,"key":"AttackPotion"},{"floor":6,"key":"Dexterity Potion"},{"floor":7,"key":"Fire Potion"},{"floor":8,"key":"SteroidPotion"}],"is_trial":false,"path_per_floor":["M","M","?","M","$","E","E","M","E","T","M","$","E","M","M","R","B",null,"M","M","M","?","$","R","E"],"character_chosen":"IRONCLAD","items_purchased":["Rupture","Blood for Blood","Evolve","Molten Egg 2","Reckless Charge+1"],"campfire_rested":2,"item_purchase_floors":[5,11,11,22,22],"current_hp_per_floor":[80,80,80,78,78,58,50,25,25,29,29,20,15,21,45,9,80,59,59,18,18,18,42,0],"gold":55,"neow_bonus":"UPGRADE_CARD","is_prod":false,"is_daily":false,"chose_seed":false,"campfire_upgraded":0,"win_rate":0,"timestamp":1544322826,"path_taken":["M","M","?","M","$","E","M","E","T","M","?","E","M","?","R","BOSS","M","M","M","?","$","R","E"],"build_version":"2018-12-06","purchased_purges":1,"victory":false,"max_hp_per_floor":[80,80,80,80,80,80,80,80,80,80,80,80,80,80,80,80,80,80,80,80,80,80,80,80],"card_choices":[{"not_picked":["Perfected Strike","True Grit","Clothesline"],"picked":"SKIP","floor":1.0},{"not_picked":["Bloodletting","True Grit","Clothesline"],"picked":"SKIP","floor":2.0},{"not_picked":["Warcry","Reckless Charge"],"picked":"Combust","floor":4.0},{"not_picked":["Juggernaut","Entrench"],"picked":"Armaments","floor":6},{"not_picked":["Heavy Blade","Bloodletting"],"picked":"Twin Strike","floor":7},{"not_picked":["Iron Wave","Disarm"],"picked":"Whirlwind","floor":8},{"not_picked":["Pommel Strike","Flame Barrier"],"picked":"Rage","floor":10},{"not_picked":["Wild Strike","Thunderclap"],"picked":"Twin Strike","floor":12},{"not_picked":["Burning Pact","Fire Breathing"],"picked":"Iron Wave","floor":13},{"not_picked":["Armaments","Thunderclap"],"picked":"Dropkick","floor":14},{"not_picked":["Immolate","Berserk"],"picked":"Feed","floor":16},{"not_picked":["Clothesline+1","Shrug It Off"],"picked":"Rampage","floor":18},{"not_picked":["Perfected Strike","Carnage"],"picked":"Blood for Blood+1","floor":19},{"not_picked":["Power Through+1","Thunderclap"],"picked":"Infernal Blade","floor":20}],"player_experience":493484,"relics_obtained":[{"floor":6,"key":"Bottled Flame"},{"floor":8,"key":"Pen Nib"},{"floor":9,"key":"Oddly Smooth Stone"},{"floor":12,"key":"Smiling Mask"}],"event_choices":[{"damage_healed":0.0,"max_hp_gain":0.0,"max_hp_loss":0.0,"gold_gain":0.0,"event_name":"Lab","player_choice":"Got Potions","floor":3.0,"gold_loss":0.0,"damage_taken":0.0},{"damage_healed":0,"gold_gain":99,"player_choice":"Stole From Cult","damage_taken":0,"max_hp_gain":0,"max_hp_loss":0,"event_name":"Nest","floor":21,"gold_loss":0}],"is_beta":false,"boss_relics":[{"not_picked":["Busted Crown","Orrery"],"picked":"Sozu"}],"items_purged_floors":[22],"is_endless":false,"potions_floor_spawned":[2,6,7,8,10,20],"killed_by":"Gremlin Leader","ascension_level":2}