{"gold_per_floor":[114,129,204,219,144,174,174,74,149,149,164,264,264,279,279,379,379,394,269,294,309,324,324,354,369,369,369,399,414,414,429,429,529,529,544,559,173,273,21,21,51,51,76,110,125,140,155,155,155,155],"floor_reached":51,"playtime":1271,"items_purged":["Strike_R","Defend_R","Strike_R","Normality","Strike_R"],"score":1017,"play_id":"db7b54e2-0d27-4917-ae86-4a841259ebab","local_time":"20190115170648","daily_mods":["Cursed Run","Time Dilation","Lethality"],"is_ascension_mode":false,"campfire_choices":[{"floor":7,"key":"REST"},{"data":"Bash","floor":10,"key":"SMITH"},{"data":"Shrug It Off","floor":13,"key":"SMITH"},{"data":"Heavy Blade","floor":15,"key":"SMITH"},{"floor":23,"key":"REST"},{"floor":32,"key":"REST"},{"floor":40,"key":"REST"},{"floor":49,"key":"REST"}],"neow_cost":"","seed_source_timestamp":0,"circlet_count":0,"master_deck":["Strike_R","Strike_R","Defend_R","Defend_R","Defend_R","Bash+1","Spot Weakness","Shrug It Off+1","Parasite","Spot Weakness+1","Heavy Blade+1","Shame","Pummel","Decay","Burning Pact+1","Feed","Clumsy","Flex+1","Pommel Strike+1","Pummel+1","Impatience+1","Heavy Blade+1","Dropkick","Dramatic Entrance","Decay","Flex+1","Pain"],"special_seed":17912,"relics":["Cursed Key","Darkstone Periapt","Du-Vu Doll","Pear","Toxic Egg 2","Lizard Tail","PreservedInsect","Boot","Strawberry","Ancient Tea Set","Velvet Choker","Bronze Scales","WingedGreaves","Bird Faced Urn","Pen Nib","Mango"],"potions_floor_usage":[22,24,28,33,33,33,33,41,41,50,50,50],"damage_taken":[{"damage":0,"enemies":"Small Slimes","floor":1,"turns":2},{"damage":0,"enemies":"Cultist","floor":2,"turns":2},{"damage":0,"enemies":"2 Louse","floor":4,"turns":1},{"damage":8,"enemies":"Gremlin Nob","floor":6,"turns":3},{"damage":3,"enemies":"2 Fungi Beasts","floor":11,"turns":2},{"damage":2,"enemies":"Looter","floor":14,"turns":2},{"damage":0,"enemies":"Slime Boss","floor":16,"turns":6},{"damage":18,"enemies":"2 Thieves","floor":18,"turns":3},{"damage":0,"enemies":"Spheric Guardian","floor":21,"turns":2},{"damage":0,"enemies":"Snake Plant","floor":22,"turns":2},{"damage":54,"enemies":"Slavers","floor":24,"turns":5},{"damage":11,"enemies":"Snecko","floor":25,"turns":3},{"damage":0,"enemies":"Gremlin Leader","floor":28,"turns":3},{"damage":10,"enemies":"Centurion and Healer","floor":29,"turns":3},{"damage":24,"enemies":"3 Cultists","floor":31,"turns":3},{"damage":35,"enemies":"Champ","floor":33,"turns":5},{"damage":15,"enemies":"Orb Walker","floor":35,"turns":3},{"damage":0,"enemies":"3 Shapes","floor":36,"turns":2},{"damage":26,"enemies":"Mind Bloom Boss Battle","floor":38,"turns":4},{"damage":0,"enemies":"Nemesis","floor":41,"turns":1},{"damage":32,"enemies":"2 Orb Walkers","floor":44,"turns":3},{"damage":2,"enemies":"Sphere and 2 Shapes","floor":45,"turns":2},{"damage":5,"enemies":"4 Shapes","floor":46,"turns":2},{"damage":2,"enemies":"Transient","floor":47,"turns":5},{"damage":93,"enemies":"Time Eater","floor":50,"turns":6}],"seed_played":"-4273612193647818048","potions_obtained":[{"floor":2,"key":"Swift Potion"},{"floor":16,"key":"SteroidPotion"},{"floor":18,"key":"FearPotion"},{"floor":22,"key":"SpeedPotion"},{"floor":24,"key":"EntropicBrew"},{"floor":29,"key":"SmokeBomb"},{"floor":33,"key":"Explosive Potion"},{"floor":35,"key":"Poison Potion"},{"floor":38,"key":"Dexterity Potion"},{"floor":41,"key":"SpeedPotion"},{"floor":47,"key":"Dexterity Potion"}],"is_trial":false,"path_per_floor":["M","M","?","M","$","E","R","$","T","R","M","?","R","M","R","B",null,"M","$","T","M","M","R","E","M","T","?","E","M","?","M","R","B",null,"M","M","$","?","$","R","E","?","T","?","M","M","M","?","R","B",null],"character_chosen":"IRONCLAD","items_purchased":["Impatience+1","Bronze Scales","Dropkick"],"campfire_rested":5,"item_purchase_floors":[37,37,39],"current_hp_per_floor":[80,80,72,72,72,74,90,90,96,96,93,93,93,91,91,97,102,84,84,90,90,90,108,54,43,56,56,56,46,46,22,58,29,127,112,112,112,86,86,124,124,124,130,112,110,107,105,105,147,60],"gold":155,"neow_bonus":"","is_prod":false,"is_daily":true,"chose_seed":false,"campfire_upgraded":3,"win_rate":0,"timestamp":1547600808,"path_taken":["M","M","?","M","$","E","R","$","T","R","?","?","R","M","R","BOSS","M","$","?","M","M","R","E","M","T","?","E","?","?","M","R","BOSS","M","M","$","?","$","R","E","?","T","?","M","M","M","?","R","BOSS"],"build_version":"2019-01-10","purchased_purges":5,"victory":true,"max_hp_per_floor":[80,80,80,80,80,90,90,90,96,96,96,96,96,96,96,102,102,102,102,108,108,108,108,108,108,121,121,121,121,121,121,121,127,127,127,127,127,127,127,127,127,127,133,147,147,147,147,147,147,153],"card_choices":[{"not_picked":["Flex","Flame Barrier"],"picked":"Spot Weakness","floor":1},{"not_picked":["Warcry","Body Slam"],"picked":"Shrug It Off","floor":2},{"not_picked":["Havoc","Wild Strike","Perfected Strike"],"picked":"SKIP","floor":4},{"not_picked":["Fire Breathing","Blood for Blood","Berserk"],"picked":"SKIP","floor":6},{"not_picked":["Searing Blow","Headbutt"],"picked":"Spot Weakness+1","floor":11},{"not_picked":["Clash","Battle Trance+1"],"picked":"Heavy Blade","floor":14},{"not_picked":["Reaper","Berserk"],"picked":"Demon Form","floor":16},{"not_picked":["Havoc+1","Flex+1"],"picked":"Pummel","floor":18},{"not_picked":["Rupture","Anger"],"picked":"Burning Pact+1","floor":21},{"not_picked":["Clash","Clothesline","Sword Boomerang"],"picked":"SKIP","floor":22},{"not_picked":["Cleave","Headbutt"],"picked":"Feed","floor":24},{"not_picked":["Carnage","Wild Strike","Clash"],"picked":"SKIP","floor":25},{"not_picked":["Thunderclap","Feel No Pain"],"picked":"Flex+1","floor":28},{"not_picked":["Twin Strike","Iron Wave"],"picked":"Pommel Strike+1","floor":29},{"not_picked":["Pommel Strike","Warcry+1","Twin Strike"],"picked":"SKIP","floor":31},{"not_picked":["Pommel Strike","Headbutt","Armaments+1"],"picked":"SKIP","floor":35},{"not_picked":["Headbutt+1","Warcry+1"],"picked":"Pummel+1","floor":36},{"not_picked":["Sever Soul+1","Iron Wave"],"picked":"Heavy Blade+1","floor":38},{"not_picked":["Pommel Strike","Metallicize+1","Spot Weakness+1"],"picked":"SKIP","floor":41},{"not_picked":["Blind+1","Finesse+1"],"picked":"Dramatic Entrance","floor":42},{"not_picked":["Anger","Havoc+1"],"picked":"Flex+1","floor":45},{"not_picked":["Iron Wave+1","Hemokinesis+1","Entrench+1"],"picked":"SKIP","floor":46},{"not_picked":["Anger","Iron Wave","Clothesline"],"picked":"SKIP","floor":47}],"player_experience":136710,"relics_obtained":[{"floor":6,"key":"Pear"},{"floor":9,"key":"Toxic Egg 2"},{"floor":20,"key":"PreservedInsect"},{"floor":24,"key":"Boot"},{"floor":26,"key":"Strawberry"},{"floor":28,"key":"Ancient Tea Set"},{"floor":38,"key":"WingedGreaves"},{"floor":41,"key":"Bird Faced Urn"},{"floor":43,"key":"Pen Nib"},{"floor":44,"key":"Mango"}],"event_choices":[{"damage_healed":0,"gold_gain":75,"player_choice":"Touch","damage_taken":8,"max_hp_gain":0,"max_hp_loss":0,"event_name":"FaceTrader","floor":3,"gold_loss":0},{"damage_healed":0,"gold_gain":100,"player_choice":"Pray","damage_taken":0,"max_hp_gain":0,"max_hp_loss":0,"event_name":"Golden Shrine","floor":12,"gold_loss":0},{"damage_healed":0,"gold_gain":0,"player_choice":"Got Potions","damage_taken":0,"max_hp_gain":0,"max_hp_loss":0,"event_name":"Lab","floor":27,"gold_loss":0},{"damage_healed":0,"gold_gain":0,"player_choice":"Bought 0 Potions","damage_taken":0,"max_hp_gain":0,"max_hp_loss":0,"event_name":"The Woman in Blue","floor":30,"gold_loss":0},{"damage_healed":0,"gold_gain":0,"player_choice":"Fight","damage_taken":0,"max_hp_gain":0,"max_hp_loss":0,"event_name":"MindBloom","floor":38,"gold_loss":0},{"damage_healed":0,"gold_gain":0,"player_choice":"Memory 1","damage_taken":0,"max_hp_gain":0,"max_hp_loss":0,"event_name":"SensoryStone","floor":42,"gold_loss":0},{"damage_healed":0,"gold_gain":0,"player_choice":"Fight","damage_taken":0,"max_hp_gain":0,"max_hp_loss":0,"event_name":"Mysterious Sphere","floor":44,"gold_loss":0},{"cards_removed":["Demon Form"],"damage_healed":0,"gold_gain":0,"player_choice":"Removed Power","damage_taken":0,"max_hp_gain":0,"max_hp_loss":0,"event_name":"Falling","floor":48,"gold_loss":0}],"is_beta":false,"boss_relics":[{"not_picked":["Eternal Feather","Tiny House"],"picked":"Lizard Tail"},{"not_picked":["Fusion Hammer","Runic Dome"],"picked":"Velvet Choker"}],"items_purged_floors":[5,8,19,37,39],"is_endless":false,"potions_floor_spawned":[2,16,18,22,24,29,33,35,38,41,47],"ascension_level":0}