{"gold_per_floor":[112,37,37,37,55,80,92,118,118,118,134,134,148,161,161,161],"floor_reached":16,"playtime":423,"items_purged":[],"score":274,"play_id":"262956b7-f3b4-41d8-a3aa-b4d15530bfc8","local_time":"20190702000018","is_ascension_mode":true,"campfire_choices":[{"data":"Bash","floor":15,"key":"SMITH"}],"neow_cost":"NONE","seed_source_timestamp":0,"circlet_count":0,"master_deck":["AscendersBane","Strike_R","Strike_R","Defend_R","Defend_R","Defend_R","Defend_R","Bash+1","Headbutt","Iron Wave","Shrug It Off","Ghostly Armor+1","Anger","Entrench+1","Inflame","Intimidate+1","True Grit+1","Dual Wield+1"],"special_seed":0,"relics":["Burning Blood","NeowsBlessing","Toxic Egg 2","Pear","Mercury Hourglass"],"potions_floor_usage":[],"damage_taken":[{"damage":0.0,"enemies":"Small Slimes","floor":1.0,"turns":1.0},{"damage":0.0,"enemies":"Cultist","floor":5.0,"turns":1.0},{"damage":0.0,"enemies":"Gremlin Nob","floor":6.0,"turns":1.0},{"damage":2.0,"enemies":"Jaw Worm","floor":7.0,"turns":4.0},{"damage":40.0,"enemies":"Lagavulin","floor":8.0,"turns":8.0},{"damage":1.0,"enemies":"Looter","floor":11.0,"turns":4.0},{"damage":5.0,"enemies":"Gremlin Gang","floor":13.0,"turns":4.0},{"damage":0,"enemies":"2 Fungi Beasts","floor":14,"turns":3},{"damage":53,"enemies":"The Guardian","floor":16,"turns":13}],"seed_played":"-200090885691660672","potions_obtained":[{"floor":6.0,"key":"BloodPotion"},{"floor":11.0,"key":"Poison Potion"},{"floor":12.0,"key":"Fire Potion"},{"floor":13.0,"key":"Strength Potion"}],"is_trial":false,"path_per_floor":["M","?","$","?","M","E","M","E","T","?","M","?","M","M","R","B"],"character_chosen":"IRONCLAD","items_purchased":[],"campfire_rested":0,"item_purchase_floors":[],"current_hp_per_floor":[74,74,74,74,75,75,75,51,51,51,56,56,57,63,63,10],"gold":161,"neow_bonus":"THREE_ENEMY_KILL","is_prod":false,"is_daily":false,"chose_seed":false,"campfire_upgraded":1,"win_rate":0,"timestamp":1562022018,"path_taken":["M","?","$","?","?","E","M","E","T","?","M","?","?","M","R","BOSS"],"build_version":"2019-07-01","purchased_purges":0,"victory":false,"max_hp_per_floor":[75,75,75,75,75,75,75,85,85,85,85,85,85,85,85,85],"card_choices":[{"not_picked":["Body Slam","Wild Strike"],"picked":"Headbutt","floor":1.0},{"not_picked":["Burning Pact","Thunderclap"],"picked":"Shrug It Off","floor":5.0},{"not_picked":["Iron Wave","Perfected Strike"],"picked":"Ghostly Armor","floor":6.0},{"not_picked":["Burning Pact+1","Clash"],"picked":"Anger","floor":7.0},{"not_picked":["Perfected Strike","Dual Wield+1"],"picked":"Entrench+1","floor":8.0},{"not_picked":["Iron Wave","Twin Strike"],"picked":"Intimidate+1","floor":11.0},{"not_picked":["Heavy Blade","Brutality"],"picked":"True Grit+1","floor":13.0},{"not_picked":["Shrug It Off+1","Sentinel+1"],"picked":"Dual Wield+1","floor":14}],"player_experience":1527378,"relics_obtained":[{"floor":6.0,"key":"Toxic Egg 2"},{"floor":8.0,"key":"Pear"},{"floor":9.0,"key":"Mercury Hourglass"}],"event_choices":[{"cards_removed":["Strike_R"],"damage_healed":0.0,"max_hp_gain":0.0,"max_hp_loss":0.0,"gold_gain":0.0,"event_name":"The Cleric","player_choice":"Card Removal","floor":2.0,"gold_loss":75.0,"damage_taken":0.0},{"damage_healed":0.0,"max_hp_gain":0.0,"max_hp_loss":0.0,"gold_gain":0.0,"cards_transformed":["Strike_R"],"event_name":"Transmorgrifier","player_choice":"Transformed","floor":4.0,"gold_loss":0.0,"damage_taken":0.0,"cards_obtained":["Iron Wave"]},{"damage_healed":0.0,"max_hp_gain":0.0,"max_hp_loss":0.0,"gold_gain":0.0,"cards_transformed":["Strike_R"],"event_name":"Living Wall","player_choice":"Change","floor":10.0,"gold_loss":0.0,"damage_taken":0.0,"cards_obtained":["Inflame"]},{"damage_healed":0.0,"max_hp_gain":0.0,"max_hp_loss":0.0,"gold_gain":0.0,"event_name":"Lab","player_choice":"Got Potions","floor":12.0,"gold_loss":0.0,"damage_taken":0.0}],"is_beta":false,"boss_relics":[],"items_purged_floors":[],"is_endless":false,"potions_floor_spawned":[6,11,13],"killed_by":"The Guardian","ascension_level":20}