{"gold_per_floor":[361,55,75,85,101,101,101,130,178,196,196,207,236,236,236,341,341,360,320,267,75,75,75,91,91,91,91,109,9,9,21,21,21],"floor_reached":33,"playtime":1214,"items_purged":["Strike_R"],"score":358,"play_id":"500584cf-32be-4f29-aa20-14ca91ebe4a7","local_time":"20190710194333","is_ascension_mode":true,"campfire_choices":[{"data":"Body Slam","floor":6,"key":"SMITH"},{"data":"Rage","floor":11,"key":"SMITH"},{"floor":15,"key":"REST"},{"data":"Apotheosis","floor":23,"key":"SMITH"},{"floor":25,"key":"REST"},{"data":"Fire Breathing","floor":27,"key":"SMITH"},{"data":"Metallicize","floor":30,"key":"SMITH"},{"floor":32,"key":"REST"}],"neow_cost":"PERCENT_DAMAGE","seed_source_timestamp":16988650984177,"circlet_count":0,"master_deck":["Strike_R","Strike_R","Strike_R","Strike_R","Defend_R","Defend_R","Defend_R","Defend_R","Bash","Rage+1","Headbutt","Body Slam+1","Metallicize+1","Spot Weakness","Warcry","Fire Breathing+1","Clash","Double Tap","Evolve","True Grit","Apotheosis+1","Shockwave+1","Thunderclap","Whirlwind"],"relics":["Black Blood","Champion Belt","Odd Mushroom","Happy Flower","Vajra","Sundial","Pantograph"],"potions_floor_usage":[8,8,13,14,16,24,24,24,28,28,31,33],"damage_taken":[{"damage":6,"enemies":"Cultist","floor":1,"turns":4},{"damage":5,"enemies":"2 Louse","floor":3,"turns":3},{"damage":9,"enemies":"Jaw Worm","floor":4,"turns":3},{"damage":9,"enemies":"Blue Slaver","floor":5,"turns":4},{"damage":15,"enemies":"The Mushroom Lair","floor":8,"turns":5},{"damage":5,"enemies":"Exordium Thugs","floor":10,"turns":6},{"damage":15,"enemies":"Exordium Wildlife","floor":12,"turns":6},{"damage":11,"enemies":"3 Sentries","floor":13,"turns":7},{"damage":0,"enemies":"Gremlin Gang","floor":14,"turns":1},{"damage":38,"enemies":"Hexaghost","floor":16,"turns":11},{"damage":32,"enemies":"2 Thieves","floor":18,"turns":5},{"damage":23,"enemies":"Shell Parasite","floor":24,"turns":5},{"damage":38,"enemies":"Sentry and Sphere","floor":28,"turns":9},{"damage":38,"enemies":"3 Cultists","floor":31,"turns":6},{"damage":81,"enemies":"Champ","floor":33,"turns":11}],"seed_played":"-881352933294747201","potions_obtained":[{"floor":1,"key":"FearPotion"},{"floor":3,"key":"EntropicBrew"},{"floor":19,"key":"Poison Potion"},{"floor":19,"key":"EntropicBrew"},{"floor":19,"key":"PowerPotion"},{"floor":31,"key":"Swift Potion"}],"is_trial":false,"path_per_floor":["M","$","M","M","M","R","?","?","T","M","R","M","E","M","R","B",null,"M","?","$","$","T","R","M","R","T","R","M","$","R","M","R","B"],"character_chosen":"IRONCLAD","items_purchased":["Champion Belt","True Grit","Apotheosis","Thunderclap"],"campfire_rested":3,"item_purchase_floors":[2,20,21,29],"current_hp_per_floor":[51,51,52,49,46,46,46,37,37,38,38,29,24,30,54,22,66,44,44,44,44,44,44,31,55,55,55,79,79,79,51,75,0],"gold":21,"neow_bonus":"TWO_FIFTY_GOLD","is_prod":false,"is_daily":false,"chose_seed":false,"campfire_upgraded":5,"win_rate":0,"timestamp":1562759013,"path_taken":["M","$","?","?","M","R","?","?","T","M","R","M","E","M","R","BOSS","M","?","?","$","?","R","?","R","T","R","M","$","R","M","R","BOSS"],"build_version":"2019-07-05","purchased_purges":1,"victory":false,"max_hp_per_floor":[80,80,80,80,80,80,80,80,80,80,80,80,80,80,80,80,80,80,80,80,80,80,80,80,80,80,80,80,80,80,80,80,80],"card_choices":[{"not_picked":["Havoc","Clash"],"picked":"Rage","floor":1},{"not_picked":["Clash","Bloodletting"],"picked":"Headbutt","floor":3},{"not_picked":["Evolve","Berserk"],"picked":"Body Slam","floor":4},{"not_picked":["Sever Soul","Heavy Blade"],"picked":"Metallicize","floor":5},{"not_picked":["Sever Soul","Clothesline"],"picked":"Spot Weakness","floor":8},{"not_picked":["Twin Strike","Clothesline"],"picked":"Warcry","floor":10},{"not_picked":["True Grit","Sever Soul"],"picked":"Fire Breathing","floor":12},{"not_picked":["Cleave","Carnage"],"picked":"Clash","floor":13},{"not_picked":["Immolate","Dark Embrace"],"picked":"Double Tap","floor":16},{"not_picked":["Sword Boomerang","Corruption"],"picked":"Evolve","floor":18},{"not_picked":["Rage","Pommel Strike","Metallicize"],"picked":"SKIP","floor":24},{"not_picked":["Armaments","Second Wind"],"picked":"Shockwave+1","floor":28},{"not_picked":["True Grit+1","Rupture"],"picked":"Whirlwind","floor":31}],"player_experience":1035902,"relics_obtained":[{"floor":8,"key":"Odd Mushroom"},{"floor":9,"key":"Happy Flower"},{"floor":13,"key":"Vajra"},{"floor":22,"key":"Sundial"},{"floor":26,"key":"Pantograph"}],"event_choices":[{"damage_healed":0,"gold_gain":0,"player_choice":"Fled","damage_taken":0,"max_hp_gain":0,"max_hp_loss":0,"event_name":"Scrap Ooze","floor":7,"gold_loss":0},{"damage_healed":0,"gold_gain":0,"player_choice":"Fought Mushrooms","damage_taken":0,"max_hp_gain":0,"max_hp_loss":0,"event_name":"Mushrooms","floor":8,"gold_loss":0},{"damage_healed":0,"gold_gain":0,"player_choice":"Bought 3 Potions","damage_taken":0,"max_hp_gain":0,"max_hp_loss":0,"event_name":"The Woman in Blue","floor":19,"gold_loss":0}],"is_beta":false,"boss_relics":[{"not_picked":["Sozu","Astrolabe"],"picked":"Black Blood"}],"items_purged_floors":[29],"is_endless":false,"potions_floor_spawned":[1,3,12,14,24,31],"killed_by":"Champ","ascension_level":9}