{"gold_per_floor":[111,128,147,72,84,114,114,176,176,207,222,12,45,60,60,157,157,169,169,44,44,44,44,44],"floor_reached":24,"playtime":935,"items_purged":["Strike_R","Strike_R","Writhe"],"score":235,"play_id":"55b7aca7-e662-4368-b17c-a183621fdd0a","local_time":"20181211150804","is_ascension_mode":true,"campfire_choices":[{"data":"Bash","floor":7.0,"key":"SMITH"},{"data":"Evolve","floor":15.0,"key":"SMITH"},{"data":"Armaments","floor":23,"key":"SMITH"}],"neow_cost":"NONE","seed_source_timestamp":0,"circlet_count":0,"master_deck":["Strike_R","Strike_R","Strike_R","Defend_R","Defend_R","Defend_R","Defend_R","Bash+1","Flex","Iron Wave","Rage","Headbutt","Spot Weakness","Inflame","Fire Breathing","Flex","Spot Weakness","Evolve+1","Wild Strike","Armaments+1","Impervious","Sever Soul+1"],"special_seed":0,"relics":["Burning Blood","Centennial Puzzle","Shuriken","Pantograph","Meat on the Bone","Juzu Bracelet","Bronze Scales","Snecko Eye","Oddly Smooth Stone"],"potions_floor_usage":[24],"damage_taken":[{"damage":6.0,"enemies":"Cultist","floor":1.0,"turns":3.0},{"damage":4.0,"enemies":"2 Louse","floor":2.0,"turns":4.0},{"damage":7.0,"enemies":"Small Slimes","floor":3.0,"turns":3.0},{"damage":20.0,"enemies":"Exordium Wildlife","floor":5.0,"turns":3.0},{"damage":17.0,"enemies":"Lagavulin","floor":6.0,"turns":5.0},{"damage":22.0,"enemies":"Gremlin Nob","floor":8.0,"turns":4.0},{"damage":6.0,"enemies":"3 Sentries","floor":10.0,"turns":8.0},{"damage":3.0,"enemies":"Blue Slaver","floor":11.0,"turns":4.0},{"damage":23.0,"enemies":"Lagavulin","floor":13.0,"turns":5.0},{"damage":16.0,"enemies":"Lots of Slimes","floor":14.0,"turns":4.0},{"damage":41.0,"enemies":"The Guardian","floor":16.0,"turns":11.0},{"damage":12,"enemies":"2 Thieves","floor":18,"turns":4},{"damage":80,"enemies":"Slavers","floor":24,"turns":4}],"seed_played":"-8356606085588921855","potions_obtained":[{"floor":2.0,"key":"Fire Potion"},{"floor":6.0,"key":"EssenceOfSteel"},{"floor":10.0,"key":"Regen Potion"},{"floor":13.0,"key":"FearPotion"},{"floor":18,"key":"SteroidPotion"}],"is_trial":false,"path_per_floor":["M","M","M","$","M","E","R","?","T","E","M","$","E","M","R","B",null,"M","?","$","?","$","R","E"],"character_chosen":"IRONCLAD","items_purchased":["Spot Weakness","Evolve"],"campfire_rested":0,"item_purchase_floors":[12,12],"current_hp_per_floor":[80,80,79,79,65,54,54,38,38,50,53,53,50,52,52,54,80,74,74,74,74,74,74,0],"gold":44,"neow_bonus":"RANDOM_COMMON_RELIC","is_prod":false,"is_daily":false,"chose_seed":false,"campfire_upgraded":3,"win_rate":0,"timestamp":1544558884,"path_taken":["M","M","?","$","M","E","R","?","T","E","M","$","E","M","R","BOSS","M","?","$","?","$","R","E"],"build_version":"2018-12-06","purchased_purges":3,"victory":false,"max_hp_per_floor":[80,80,80,80,80,80,80,80,80,80,80,80,80,80,80,80,80,80,80,80,80,80,80,80],"card_choices":[{"not_picked":["Cleave","Shrug It Off"],"picked":"Flex","floor":1.0},{"not_picked":["Body Slam","Twin Strike"],"picked":"Iron Wave","floor":2.0},{"not_picked":["Warcry","Body Slam"],"picked":"Rage","floor":3.0},{"not_picked":["Second Wind","Wild Strike"],"picked":"Headbutt","floor":5.0},{"not_picked":["Bludgeon","Flame Barrier"],"picked":"Spot Weakness","floor":6.0},{"not_picked":["Rampage","Wild Strike"],"picked":"Inflame","floor":8.0},{"not_picked":["Blood for Blood","Dark Embrace"],"picked":"Fire Breathing","floor":10.0},{"not_picked":["Rupture","True Grit"],"picked":"Flex","floor":11.0},{"not_picked":["Havoc","Bloodletting"],"picked":"Wild Strike","floor":13.0},{"not_picked":["Uppercut","Flame Barrier"],"picked":"Armaments","floor":14.0},{"not_picked":["Exhume","Brutality"],"picked":"Impervious","floor":16.0},{"not_picked":["Second Wind","Body Slam+1"],"picked":"Sever Soul+1","floor":18}],"player_experience":494319,"relics_obtained":[{"floor":6.0,"key":"Shuriken"},{"floor":9.0,"key":"Meat on the Bone"},{"floor":10.0,"key":"Juzu Bracelet"},{"floor":13.0,"key":"Bronze Scales"}],"event_choices":[{"damage_healed":0.0,"max_hp_gain":0.0,"max_hp_loss":0.0,"gold_gain":0.0,"event_name":"Dead Adventurer","player_choice":"Searched \u00272\u0027 times","floor":8.0,"gold_loss":0.0,"damage_taken":0.0,"relics_obtained":["Pantograph"]},{"damage_healed":0,"gold_gain":0,"player_choice":"Opened","damage_taken":0,"relics_obtained":["Oddly Smooth Stone"],"max_hp_gain":0,"max_hp_loss":0,"event_name":"The Mausoleum","floor":19,"gold_loss":0,"cards_obtained":["Writhe"]},{"damage_healed":0,"gold_gain":0,"player_choice":"Ignored","damage_taken":0,"max_hp_gain":0,"max_hp_loss":0,"event_name":"Vampires","floor":21,"gold_loss":0}],"is_beta":false,"boss_relics":[{"not_picked":["Busted Crown","Black Star"],"picked":"Snecko Eye"}],"items_purged_floors":[4,12,20],"is_endless":false,"potions_floor_spawned":[2,6,10,13,18],"killed_by":"Slavers","ascension_level":2}