{"gold_per_floor":[11,11,29,52,52,83,83,118,145,145,161,201,23,59,59,188,188,211,224,85,105,105,105,51,65,89,127,143,143,143,162,162,286,286,310,333,156,156,169,169,169,169,193,209,229,56,56,96,96,96],"floor_reached":50,"playtime":1680,"items_purged":["Strike_R","Strike_R"],"score":546,"play_id":"2c279407-0a7f-41ff-b13c-1582e794085b","local_time":"20181208004624","is_ascension_mode":true,"campfire_choices":[{"data":"Bash","floor":7.0,"key":"SMITH"},{"floor":10.0,"key":"REST"},{"data":"Armaments","floor":15.0,"key":"SMITH"},{"data":"Double Tap","floor":23.0,"key":"SMITH"},{"data":"Entrench","floor":29.0,"key":"SMITH"},{"floor":32.0,"key":"REST"},{"data":"Metallicize","floor":40.0,"key":"SMITH"},{"floor":42.0,"key":"REST"},{"data":"Apotheosis","floor":47.0,"key":"SMITH"},{"floor":49.0,"key":"REST"}],"neow_cost":"NO_GOLD","seed_source_timestamp":554711843410939,"circlet_count":0,"master_deck":["Strike_R","Defend_R","Defend_R","Defend_R","Bash+1","Spot Weakness","Pommel Strike+1","Armaments+1","Rampage","Twin Strike","Barricade+1","Double Tap+1","Heavy Blade","Flex","Whirlwind+1","Heavy Blade","Entrench+1","Flex+1","Reaper+1","Metallicize+1","Metallicize+1","Rage","Trip","Flame Barrier","Shrug It Off+1","Apotheosis+1","Body Slam+1"],"special_seed":0,"relics":["Burning Blood","Golden Idol","Ancient Tea Set","Strawberry","Pen Nib","Meat on the Bone","Potion Belt","Sozu","Bag of Marbles","Oddly Smooth Stone","MutagenicStrength","Black Star","Whetstone","Darkstone Periapt","PreservedInsect"],"potions_floor_usage":[50],"damage_taken":[{"damage":5.0,"enemies":"Jaw Worm","floor":1.0,"turns":5.0},{"damage":7.0,"enemies":"Small Slimes","floor":3.0,"turns":3.0},{"damage":1.0,"enemies":"Cultist","floor":4.0,"turns":3.0},{"damage":33.0,"enemies":"Gremlin Nob","floor":6.0,"turns":5.0},{"damage":21.0,"enemies":"Lagavulin","floor":8.0,"turns":6.0},{"damage":6.0,"enemies":"Lots of Slimes","floor":11.0,"turns":5.0},{"damage":6.0,"enemies":"Gremlin Nob","floor":12.0,"turns":3.0},{"damage":13.0,"enemies":"Lagavulin","floor":14.0,"turns":4.0},{"damage":20.0,"enemies":"The Guardian","floor":16.0,"turns":10.0},{"damage":14.0,"enemies":"Chosen","floor":18.0,"turns":5.0},{"damage":37.0,"enemies":"3 Byrds","floor":19.0,"turns":6.0},{"damage":9.0,"enemies":"Snecko","floor":21.0,"turns":5.0},{"damage":5.0,"enemies":"Cultist and Chosen","floor":25.0,"turns":4.0},{"damage":36.0,"enemies":"Gremlin Leader","floor":27.0,"turns":5.0},{"damage":19.0,"enemies":"Shelled Parasite and Fungi","floor":28.0,"turns":3.0},{"damage":24.0,"enemies":"Centurion and Healer","floor":31.0,"turns":4.0},{"damage":22.0,"enemies":"Champ","floor":33.0,"turns":6.0},{"damage":45.0,"enemies":"3 Darklings","floor":35.0,"turns":4.0},{"damage":10.0,"enemies":"Orb Walker","floor":36.0,"turns":2.0},{"damage":33.0,"enemies":"Spire Growth","floor":39.0,"turns":5.0},{"damage":43.0,"enemies":"Sphere and 2 Shapes","floor":44.0,"turns":9.0},{"damage":13.0,"enemies":"4 Shapes","floor":45.0,"turns":5.0},{"damage":65.0,"enemies":"Reptomancer","floor":48.0,"turns":4.0},{"damage":86,"enemies":"Awakened One","floor":50,"turns":10}],"seed_played":"-9016005906165645482","potions_obtained":[{"floor":1.0,"key":"SteroidPotion"},{"floor":4.0,"key":"SteroidPotion"},{"floor":6.0,"key":"GamblersBrew"},{"floor":8.0,"key":"Swift Potion"},{"floor":16.0,"key":"SpeedPotion"}],"is_trial":false,"path_per_floor":["M","?","M","M","?","E","R","E","T","R","M","E","$","E","R","B",null,"M","M","$","M","?","R","$","M","T","E","M","R","?","M","R","B",null,"M","M","$","?","M","R","?","R","T","M","M","$","R","E","R","B"],"character_chosen":"IRONCLAD","items_purchased":["Armaments","Rampage","Double Tap","Flex","Metallicize","Apotheosis"],"campfire_rested":4,"item_purchase_floors":[13,13,20,24,37,46],"current_hp_per_floor":[80,60,59,64,57,30,30,22,22,48,48,48,48,53,53,51,87,79,60,60,57,57,57,57,58,58,40,39,39,39,33,59,55,87,60,56,56,56,41,41,41,67,67,60,80,80,80,33,59,0],"gold":96,"neow_bonus":"REMOVE_TWO","is_prod":false,"is_daily":false,"chose_seed":false,"campfire_upgraded":6,"win_rate":0,"timestamp":1544247984,"path_taken":["M","?","M","M","?","E","R","E","T","R","M","E","?","E","R","BOSS","M","M","$","M","?","R","$","?","T","E","?","R","?","M","R","BOSS","M","M","$","?","M","R","?","R","T","?","M","$","R","E","R","BOSS"],"build_version":"2018-12-06","purchased_purges":2,"victory":false,"max_hp_per_floor":[80,80,80,80,80,80,80,87,87,87,87,87,87,87,87,87,87,87,87,87,87,87,87,87,87,87,87,87,87,87,87,87,87,87,87,87,87,87,87,87,87,87,87,87,87,87,87,87,87,87],"card_choices":[{"not_picked":["Rupture","True Grit"],"picked":"Spot Weakness","floor":1.0},{"not_picked":["Carnage","Heavy Blade"],"picked":"Pommel Strike","floor":3.0},{"not_picked":["Battle Trance","Burning Pact","Sentinel"],"picked":"SKIP","floor":4.0},{"not_picked":["Body Slam","Perfected Strike","Flame Barrier"],"picked":"SKIP","floor":6.0},{"not_picked":["Evolve","Uppercut","Sentinel"],"picked":"SKIP","floor":8.0},{"not_picked":["Headbutt","Infernal Blade"],"picked":"Inflame","floor":11.0},{"not_picked":["Clash","Havoc","True Grit"],"picked":"SKIP","floor":12.0},{"not_picked":["Heavy Blade","Bludgeon"],"picked":"Twin Strike","floor":14.0},{"not_picked":["Dark Embrace","Immolate"],"picked":"Barricade","floor":16.0},{"not_picked":["True Grit","Feel No Pain+1","Warcry"],"picked":"SKIP","floor":18.0},{"not_picked":["Cleave","Havoc","Combust"],"picked":"SKIP","floor":19.0},{"not_picked":["Seeing Red","Shockwave"],"picked":"Heavy Blade","floor":21.0},{"not_picked":["Cleave","Havoc"],"picked":"Whirlwind+1","floor":25.0},{"not_picked":["Perfected Strike","Disarm"],"picked":"Heavy Blade","floor":27.0},{"not_picked":["True Grit","Spot Weakness"],"picked":"Entrench","floor":28.0},{"not_picked":["Heavy Blade","Spot Weakness"],"picked":"Flex+1","floor":31.0},{"not_picked":["Impervious","Immolate"],"picked":"Reaper","floor":33.0},{"not_picked":["Pommel Strike+1","Blood for Blood+1"],"picked":"Metallicize+1","floor":35.0},{"not_picked":["Pommel Strike","Thunderclap+1","Body Slam"],"picked":"SKIP","floor":36.0},{"not_picked":["Body Slam+1","Sever Soul+1"],"picked":"Rage","floor":39.0},{"not_picked":["Wild Strike+1","Burning Pact+1","Havoc"],"picked":"SKIP","floor":44.0},{"not_picked":["Rage","Shrug It Off+1","Carnage"],"picked":"SKIP","floor":45.0},{"not_picked":["Rage","Carnage"],"picked":"Shrug It Off+1","floor":45.0},{"not_picked":["Iron Wave","Clothesline+1"],"picked":"Body Slam+1","floor":48.0}],"player_experience":489068,"relics_obtained":[{"floor":6.0,"key":"Ancient Tea Set"},{"floor":8.0,"key":"Strawberry"},{"floor":9.0,"key":"Pen Nib"},{"floor":12.0,"key":"Meat on the Bone"},{"floor":14.0,"key":"Potion Belt"},{"floor":26.0,"key":"Bag of Marbles"},{"floor":27.0,"key":"Oddly Smooth Stone"},{"floor":43.0,"key":"Whetstone"},{"floor":48.0,"key":"Darkstone Periapt"},{"floor":48.0,"key":"PreservedInsect"}],"event_choices":[{"damage_healed":0.0,"max_hp_gain":0.0,"max_hp_loss":0.0,"gold_gain":0.0,"event_name":"Golden Idol","player_choice":"Take Damage","floor":2.0,"gold_loss":0.0,"damage_taken":20.0,"relics_obtained":["Golden Idol"]},{"cards_removed":["Strike_R"],"damage_healed":0.0,"max_hp_gain":0.0,"max_hp_loss":0.0,"gold_gain":0.0,"event_name":"Golden Wing","player_choice":"Card Removal","floor":5.0,"gold_loss":0.0,"damage_taken":7.0},{"damage_healed":0.0,"max_hp_gain":0.0,"max_hp_loss":0.0,"gold_gain":0.0,"event_name":"Upgrade Shrine","player_choice":"Upgraded","floor":22.0,"gold_loss":0.0,"damage_taken":0.0,"cards_upgraded":["Barricade"]},{"damage_healed":0.0,"max_hp_gain":0.0,"max_hp_loss":0.0,"gold_gain":0.0,"event_name":"Drug Dealer","player_choice":"Inject Mutagens","floor":30.0,"gold_loss":0.0,"damage_taken":0.0,"relics_obtained":["MutagenicStrength"]},{"cards_removed":["Inflame"],"damage_healed":0.0,"max_hp_gain":0.0,"max_hp_loss":0.0,"gold_gain":0.0,"event_name":"Falling","player_choice":"Removed Power","floor":38.0,"gold_loss":0.0,"damage_taken":0.0},{"damage_healed":0.0,"max_hp_gain":0.0,"max_hp_loss":0.0,"gold_gain":0.0,"event_name":"Match and Keep!","player_choice":"2 cards matched","floor":41.0,"gold_loss":0.0,"damage_taken":0.0,"cards_obtained":["Trip","Flame Barrier"]}],"is_beta":false,"boss_relics":[{"not_picked":["Coffee Dripper","Philosopher\u0027s Stone"],"picked":"Sozu"},{"not_picked":["Black Blood","White Beast Statue"],"picked":"Black Star"}],"items_purged_floors":[13,37],"is_endless":false,"potions_floor_spawned":[1,4,6,8,16,18,19,25,31,36,39,44,48],"killed_by":"Awakened One","ascension_level":1}