{"gold_per_floor":[111,125,125,125,125,125,125,158,158,177,190,224,238,238,238,238],"floor_reached":16,"playtime":383,"items_purged":[],"score":270,"play_id":"db3da3e7-af43-47a3-bca5-c4f6c43986f9","local_time":"20190504172621","is_ascension_mode":true,"campfire_choices":[{"data":"Neutralize","floor":7.0,"key":"SMITH"},{"data":"A Thousand Cuts","floor":15,"key":"SMITH"}],"neow_cost":"NONE","seed_source_timestamp":624044339706850,"circlet_count":0,"master_deck":["AscendersBane","Defend_G+1","Defend_G","Defend_G","Defend_G","Defend_G+1","Strike_G","Strike_G","Strike_G","Strike_G","Strike_G","Survivor","Neutralize+1","After Image","Crippling Poison","Sucker Punch","Flying Knee","A Thousand Cuts+1"],"special_seed":0,"relics":["Ring of the Snake","NeowsBlessing","Strawberry","Blood Vial","Ginger"],"potions_floor_usage":[16],"damage_taken":[{"damage":0.0,"enemies":"Small Slimes","floor":1.0,"turns":1.0},{"damage":0.0,"enemies":"2 Louse","floor":2.0,"turns":1.0},{"damage":0.0,"enemies":"3 Sentries","floor":8.0,"turns":1.0},{"damage":1.0,"enemies":"Jaw Worm","floor":10.0,"turns":7.0},{"damage":5.0,"enemies":"Large Slime","floor":11.0,"turns":8.0},{"damage":52.0,"enemies":"Gremlin Nob","floor":12.0,"turns":8.0},{"damage":0.0,"enemies":"Looter","floor":13.0,"turns":5.0},{"damage":20,"enemies":"The Guardian","floor":16,"turns":8}],"seed_played":"6643227111861374682","potions_obtained":[{"floor":2.0,"key":"EssenceOfSteel"},{"floor":8.0,"key":"EssenceOfSteel"}],"is_trial":false,"path_per_floor":["M","M","?","?","?","?","R","E","T","M","M","E","M","$","R","B"],"character_chosen":"THE_SILENT","items_purchased":[],"campfire_rested":0,"item_purchase_floors":[],"current_hp_per_floor":[59,59,59,59,39,61,61,68,68,69,66,16,18,18,18,0],"gold":238,"neow_bonus":"THREE_ENEMY_KILL","is_prod":false,"is_daily":false,"chose_seed":false,"campfire_upgraded":2,"win_rate":0,"timestamp":1557005181,"path_taken":["M","M","?","?","?","?","R","E","T","M","M","E","M","$","R","BOSS"],"build_version":"2019-01-23","purchased_purges":0,"victory":false,"max_hp_per_floor":[66,66,66,66,66,66,66,73,73,73,73,73,73,73,73,73],"card_choices":[{"not_picked":["Backflip","Deflect","Prepared"],"picked":"SKIP","floor":1.0},{"not_picked":["Underhanded Strike","Deadly Poison","Slice"],"picked":"SKIP","floor":2.0},{"not_picked":["Prepared","PiercingWail"],"picked":"After Image","floor":8.0},{"not_picked":["Calculated Gamble","Acrobatics"],"picked":"Crippling Poison","floor":10.0},{"not_picked":["Dodge and Roll","PiercingWail"],"picked":"Sucker Punch","floor":11.0},{"not_picked":["Slice","Quick Slash"],"picked":"Flying Knee","floor":12.0},{"not_picked":["Heel Hook","All Out Attack"],"picked":"A Thousand Cuts","floor":13}],"player_experience":673393,"relics_obtained":[{"floor":8.0,"key":"Strawberry"},{"floor":9.0,"key":"Blood Vial"},{"floor":12.0,"key":"Ginger"}],"event_choices":[{"damage_healed":0.0,"max_hp_gain":0.0,"max_hp_loss":0.0,"gold_gain":0.0,"event_name":"Liars Game","player_choice":"Ignored","floor":3.0,"gold_loss":0.0,"damage_taken":0.0},{"damage_healed":0.0,"max_hp_gain":0.0,"max_hp_loss":0.0,"gold_gain":0.0,"event_name":"The Cleric","player_choice":"Leave","floor":4.0,"gold_loss":0.0,"damage_taken":0.0},{"damage_healed":0.0,"max_hp_gain":0.0,"max_hp_loss":0.0,"gold_gain":0.0,"event_name":"Shining Light","player_choice":"Entered Light","floor":5.0,"gold_loss":0.0,"damage_taken":20.0,"cards_upgraded":["Defend_G","Defend_G"]},{"damage_healed":22.0,"max_hp_gain":0.0,"max_hp_loss":0.0,"gold_gain":0.0,"event_name":"Big Fish","player_choice":"Banana","floor":6.0,"gold_loss":0.0,"damage_taken":0.0}],"is_beta":false,"boss_relics":[],"items_purged_floors":[],"is_endless":false,"potions_floor_spawned":[2,8],"killed_by":"The Guardian","ascension_level":20}