{"gold_per_floor":[111,111,161,176,23,48,48,73,73,90,104,137,153,118,118,190,190,141,191,40,40,56,56,56,87,87,112,112,141,41,53,53,124,124,140,155,165,165,165,191,191,191],"floor_reached":42,"playtime":2119,"items_purged":["Strike_G","Strike_G+1"],"score":1014,"play_id":"af0b12d2-6060-4ca3-85cc-7f148ec8c1a5","local_time":"20190702185920","is_ascension_mode":true,"campfire_choices":[{"data":"Malaise","floor":7.0,"key":"SMITH"},{"data":"Calculated Gamble","floor":15.0,"key":"SMITH"},{"data":"Neutralize","floor":23.0,"key":"SMITH"},{"floor":28.0,"key":"REST"},{"data":"Noxious Fumes","floor":32.0,"key":"SMITH"},{"data":"Wraith Form v2","floor":41.0,"key":"SMITH"}],"neow_cost":"NONE","seed_source_timestamp":0,"circlet_count":0,"master_deck":["AscendersBane","Defend_G+1","Defend_G+1","Defend_G+1","Defend_G+1","Defend_G+1","Survivor","Neutralize+1","Dash","Malaise+1","Dagger Spray","Dagger Spray","Predator","Calculated Gamble+1","Wraith Form v2+1","Caltrops","Footwork","Dash","Dodge and Roll","Leg Sweep+1","Malaise","Noxious Fumes+1","Tools of the Trade","Unload+1","Underhanded Strike+1","Dash+1","Bouncing Flask","Panacea","PiercingWail+1"],"special_seed":0,"relics":["Ring of the Snake","NeowsBlessing","Peace Pipe","Meat on the Bone","Matryoshka","Oddly Smooth Stone","Velvet Choker","Red Mask","Bag of Marbles","Ice Cream","Orichalcum","Juzu Bracelet","Astrolabe","Snake Skull"],"potions_floor_usage":[42],"damage_taken":[{"damage":0.0,"enemies":"Jaw Worm","floor":1.0,"turns":1.0},{"damage":0.0,"enemies":"Cultist","floor":4.0,"turns":1.0},{"damage":0.0,"enemies":"3 Sentries","floor":6.0,"turns":1.0},{"damage":25.0,"enemies":"Gremlin Nob","floor":8.0,"turns":7.0},{"damage":0.0,"enemies":"Small Slimes","floor":10.0,"turns":4.0},{"damage":0.0,"enemies":"2 Fungi Beasts","floor":11.0,"turns":3.0},{"damage":9.0,"enemies":"3 Sentries","floor":12.0,"turns":6.0},{"damage":1.0,"enemies":"Exordium Thugs","floor":13.0,"turns":5.0},{"damage":13.0,"enemies":"The Guardian","floor":16.0,"turns":16.0},{"damage":3.0,"enemies":"2 Thieves","floor":18.0,"turns":5.0},{"damage":16.0,"enemies":"Spheric Guardian","floor":22.0,"turns":5.0},{"damage":33.0,"enemies":"Masked Bandits","floor":25.0,"turns":5.0},{"damage":4.0,"enemies":"Slavers","floor":27.0,"turns":8.0},{"damage":29.0,"enemies":"Gremlin Leader","floor":29.0,"turns":16.0},{"damage":0.0,"enemies":"Cultist and Chosen","floor":31.0,"turns":9.0},{"damage":38.0,"enemies":"Champ","floor":33.0,"turns":16.0},{"damage":15.0,"enemies":"Orb Walker","floor":35.0,"turns":7.0},{"damage":0.0,"enemies":"3 Shapes","floor":36.0,"turns":8.0},{"damage":14.0,"enemies":"Jaw Worm Horde","floor":37.0,"turns":6.0},{"damage":5.0,"enemies":"Nemesis","floor":40.0,"turns":13.0},{"damage":51,"enemies":"Reptomancer","floor":42,"turns":5}],"seed_played":"9018109315518611985","potions_obtained":[{"floor":8.0,"key":"Weak Potion"},{"floor":11.0,"key":"Fire Potion"},{"floor":13.0,"key":"LiquidBronze"},{"floor":22.0,"key":"GhostInAJar"},{"floor":27.0,"key":"Explosive Potion"},{"floor":29.0,"key":"PowerPotion"},{"floor":31.0,"key":"GamblersBrew"},{"floor":35.0,"key":"SpeedPotion"}],"is_trial":false,"path_per_floor":["M","$","?","M","$","E","R","E","T","M","M","E","M","?","R","B",null,"M","?","$","?","M","R","?","?","T","E","R","E","$","M","R","B",null,"M","M","M","?","?","E","R","E"],"character_chosen":"THE_SILENT","items_purchased":["Malaise","Footwork"],"campfire_rested":1,"item_purchase_floors":[5,20],"current_hp_per_floor":[59,59,59,59,59,59,59,34,34,34,34,37,36,52,52,39,59,56,56,56,56,40,40,40,19,19,27,46,29,29,41,41,15,53,38,38,36,36,36,43,43,0],"gold":191,"neow_bonus":"THREE_ENEMY_KILL","is_prod":false,"is_daily":false,"chose_seed":false,"campfire_upgraded":5,"win_rate":0,"timestamp":1562108360,"path_taken":["M","$","?","M","$","E","R","E","T","M","M","E","?","?","R","BOSS","M","?","$","?","M","R","?","?","T","E","R","E","?","M","R","BOSS","M","M","M","?","?","E","R","E"],"build_version":"2019-07-01","purchased_purges":2,"victory":false,"max_hp_per_floor":[66,66,66,66,66,66,66,66,66,66,66,66,66,66,66,66,66,66,66,66,66,66,66,66,66,66,66,66,66,66,66,66,66,66,66,66,66,66,66,66,66,66],"card_choices":[{"not_picked":["Blade Dance","Skewer"],"picked":"Dash","floor":1.0},{"not_picked":["Bane","Deadly Poison"],"picked":"Sucker Punch","floor":4.0},{"not_picked":["Blur","Concentrate","Blade Dance"],"picked":"SKIP","floor":6.0},{"not_picked":["Prepared","Finisher"],"picked":"Dagger Spray","floor":8.0},{"not_picked":["Backflip","Underhanded Strike"],"picked":"Dagger Spray","floor":10.0},{"not_picked":["Dagger Spray","Blade Dance"],"picked":"Predator","floor":11.0},{"not_picked":["Outmaneuver","Infinite Blades","Grand Finale"],"picked":"SKIP","floor":12.0},{"not_picked":["Backflip","Flying Knee"],"picked":"Calculated Gamble","floor":13.0},{"not_picked":["Malaise","Glass Knife"],"picked":"Wraith Form v2","floor":16.0},{"not_picked":["Setup","Terror"],"picked":"Caltrops","floor":18.0},{"not_picked":["Cloak And Dagger","Finisher"],"picked":"Dash","floor":22.0},{"not_picked":["Blur","Accuracy"],"picked":"Dodge and Roll","floor":25.0},{"not_picked":["Prepared","Eviscerate"],"picked":"Leg Sweep+1","floor":27.0},{"not_picked":["Backflip","Underhanded Strike"],"picked":"Malaise","floor":29.0},{"not_picked":["Catalyst","Leg Sweep"],"picked":"Noxious Fumes","floor":31.0},{"not_picked":["Adrenaline","Doppelganger"],"picked":"Tools of the Trade","floor":33.0},{"not_picked":["Predator","Blade Dance","Dagger Throw"],"picked":"SKIP","floor":35.0},{"not_picked":["Dagger Spray","Poisoned Stab","Deflect"],"picked":"SKIP","floor":36.0},{"not_picked":["Sucker Punch+1","Deadly Poison+1"],"picked":"Bouncing Flask","floor":37.0},{"not_picked":["Thinking Ahead","Trip"],"picked":"Panacea","floor":39.0},{"not_picked":["Terror","Acrobatics+1"],"picked":"PiercingWail+1","floor":40.0}],"player_experience":838183,"relics_obtained":[{"floor":6.0,"key":"Peace Pipe"},{"floor":8.0,"key":"Meat on the Bone"},{"floor":9.0,"key":"Matryoshka"},{"floor":12.0,"key":"Oddly Smooth Stone"},{"floor":25.0,"key":"Red Mask"},{"floor":26.0,"key":"Bag of Marbles"},{"floor":26.0,"key":"Ice Cream"},{"floor":27.0,"key":"Orichalcum"},{"floor":29.0,"key":"Juzu Bracelet"},{"floor":40.0,"key":"Snake Skull"}],"event_choices":[{"damage_healed":0.0,"max_hp_gain":0.0,"max_hp_loss":0.0,"gold_gain":50.0,"event_name":"Golden Shrine","player_choice":"Pray","floor":3.0,"gold_loss":0.0,"damage_taken":0.0},{"damage_healed":16.0,"max_hp_gain":0.0,"max_hp_loss":0.0,"gold_gain":0.0,"event_name":"The Cleric","player_choice":"Healed","floor":14.0,"gold_loss":35.0,"damage_taken":0.0},{"damage_healed":0.0,"max_hp_gain":0.0,"max_hp_loss":0.0,"gold_gain":50.0,"event_name":"Nest","player_choice":"Stole From Cult","floor":19.0,"gold_loss":0.0,"damage_taken":0.0},{"damage_healed":0.0,"max_hp_gain":0.0,"max_hp_loss":0.0,"gold_gain":0.0,"event_name":"Back to Basics","player_choice":"Simplicity","floor":24.0,"gold_loss":0.0,"damage_taken":0.0,"cards_upgraded":["Strike_G","Strike_G","Strike_G","Strike_G","Defend_G","Defend_G","Defend_G","Defend_G","Defend_G"]},{"damage_healed":0.0,"max_hp_gain":0.0,"max_hp_loss":0.0,"gold_gain":0.0,"event_name":"Masked Bandits","player_choice":"Fought Bandits","floor":25.0,"gold_loss":0.0,"damage_taken":0.0},{"cards_removed":["Sucker Punch"],"damage_healed":0.0,"max_hp_gain":0.0,"max_hp_loss":0.0,"gold_gain":0.0,"event_name":"Falling","player_choice":"Removed Attack","floor":38.0,"gold_loss":0.0,"damage_taken":0.0},{"damage_healed":0.0,"max_hp_gain":0.0,"max_hp_loss":0.0,"gold_gain":0.0,"event_name":"SensoryStone","player_choice":"Memory 1","floor":39.0,"gold_loss":0.0,"damage_taken":0.0}],"is_beta":false,"boss_relics":[{"not_picked":["Empty Cage","Busted Crown"],"picked":"Velvet Choker"},{"not_picked":["Runic Dome","Black Star"],"picked":"Astrolabe"}],"items_purged_floors":[20,30],"is_endless":false,"potions_floor_spawned":[8,11,13,22,27,29,31,35],"killed_by":"Reptomancer","ascension_level":20}