{"gold_per_floor":[116,116,116,134,80,111,111,144,144,169,179,179,196,196,196,292,292,305,319,118,138,60,86,185,213,213,213,213,230,258,274,274,378,378,396,414,79,90,103,129,129,129,129,141,141,154,154,154,154,154],"floor_reached":51,"playtime":2149,"items_purged":["Strike_R"],"score":1056,"play_id":"35b90379-4ba7-4adb-8365-94afd6f1e2f8","local_time":"20181215140753","is_ascension_mode":true,"campfire_choices":[{"data":"Armaments","floor":7.0,"key":"SMITH"},{"floor":12.0,"key":"REST"},{"data":"Metallicize","floor":15.0,"key":"SMITH"},{"floor":28.0,"key":"REST"},{"data":"Evolve","floor":32.0,"key":"SMITH"},{"data":"Enlightenment","floor":42.0,"key":"SMITH"},{"floor":45.0,"key":"REST"},{"floor":47.0,"key":"REST"},{"data":"Limit Break","floor":49.0,"key":"SMITH"}],"neow_cost":"NONE","seed_source_timestamp":1207041286123537,"circlet_count":0,"master_deck":["Strike_R+1","Strike_R+1","Strike_R+1","Defend_R","Defend_R","Defend_R","Defend_R","Bash","Metallicize+1","Thunderclap+1","Armaments+1","Fire Breathing","Bludgeon","Uppercut","Reaper","Flex+1","Rampage+1","Shockwave","Shrug It Off","Evolve+1","Limit Break+1","Spot Weakness","Headbutt","Heavy Blade","Blood for Blood","Battle Trance","Double Tap","Enlightenment+1","Mayhem","Wild Strike+1"],"special_seed":0,"relics":["Burning Blood","Letter Opener","PreservedInsect","Orichalcum","Whetstone","Mercury Hourglass","Mark of Pain","OrangePellets","Lantern","Anchor","Bag of Preparation","Darkstone Periapt","Orrery","Dodecahedron","Question Card"],"potions_floor_usage":[50,50,50],"damage_taken":[{"damage":0.0,"enemies":"Small Slimes","floor":1.0,"turns":3.0},{"damage":3.0,"enemies":"Jaw Worm","floor":4.0,"turns":4.0},{"damage":31.0,"enemies":"Gremlin Nob","floor":6.0,"turns":5.0},{"damage":2.0,"enemies":"3 Sentries","floor":8.0,"turns":6.0},{"damage":24.0,"enemies":"Lagavulin","floor":10.0,"turns":9.0},{"damage":0.0,"enemies":"Cultist","floor":11.0,"turns":2.0},{"damage":3.0,"enemies":"2 Fungi Beasts","floor":13.0,"turns":2.0},{"damage":24.0,"enemies":"The Guardian","floor":16.0,"turns":11.0},{"damage":4.0,"enemies":"Chosen","floor":18.0,"turns":5.0},{"damage":8.0,"enemies":"3 Byrds","floor":19.0,"turns":4.0},{"damage":38.0,"enemies":"Snake Plant","floor":21.0,"turns":5.0},{"damage":21.0,"enemies":"Slavers","floor":23.0,"turns":4.0},{"damage":23.0,"enemies":"Book of Stabbing","floor":25.0,"turns":3.0},{"damage":17.0,"enemies":"Shelled Parasite and Fungi","floor":29.0,"turns":5.0},{"damage":0.0,"enemies":"Gremlin Leader","floor":30.0,"turns":3.0},{"damage":11.0,"enemies":"Snecko","floor":31.0,"turns":4.0},{"damage":35.0,"enemies":"Collector","floor":33.0,"turns":10.0},{"damage":2.0,"enemies":"Orb Walker","floor":35.0,"turns":3.0},{"damage":7.0,"enemies":"3 Shapes","floor":36.0,"turns":4.0},{"damage":18.0,"enemies":"Spire Growth","floor":38.0,"turns":3.0},{"damage":0.0,"enemies":"Transient","floor":39.0,"turns":5.0},{"damage":32.0,"enemies":"Giant Head","floor":40.0,"turns":6.0},{"damage":38.0,"enemies":"Maw","floor":44.0,"turns":7.0},{"damage":21.0,"enemies":"Sphere and 2 Shapes","floor":46.0,"turns":4.0},{"damage":85,"enemies":"Donu and Deca","floor":50,"turns":7}],"seed_played":"-465509113185439313","potions_obtained":[{"floor":4.0,"key":"SkillPotion"},{"floor":10.0,"key":"SpeedPotion"},{"floor":11.0,"key":"BloodPotion"},{"floor":16.0,"key":"Fire Potion"},{"floor":30.0,"key":"Poison Potion"},{"floor":36.0,"key":"SteroidPotion"},{"floor":40.0,"key":"FearPotion"},{"floor":44.0,"key":"PowerPotion"}],"is_trial":false,"path_per_floor":["M","?","?","M","$","E","R","E","T","E","M","R","M","?","R","B",null,"M","M","$","M","$","E","?","E","T","?","R","M","E","M","R","B",null,"M","M","$","M","M","E","$","R","T","M","R","M","R","?","R","B",null],"character_chosen":"IRONCLAD","items_purchased":["Armaments","OrangePellets","Limit Break","Enlightenment","Mayhem"],"campfire_rested":4,"item_purchase_floors":[5,20,22,37,37],"current_hp_per_floor":[80,80,64,67,67,42,42,46,46,28,34,58,61,43,43,25,80,80,78,78,54,54,57,57,40,40,40,64,64,70,71,71,67,80,80,79,79,67,80,61,61,61,61,35,59,49,73,73,73,45],"gold":154,"neow_bonus":"THREE_CARDS","is_prod":false,"is_daily":false,"chose_seed":false,"campfire_upgraded":5,"win_rate":0,"timestamp":1544900873,"path_taken":["M","?","?","M","$","E","R","E","T","E","M","R","M","?","R","BOSS","M","M","$","M","$","E","?","E","T","?","R","?","E","M","R","BOSS","M","M","$","M","M","E","$","R","T","M","R","M","R","?","R","BOSS"],"build_version":"2018-12-13","purchased_purges":1,"victory":true,"max_hp_per_floor":[80,80,80,80,80,80,80,80,80,80,80,80,80,80,80,80,80,80,80,80,80,80,80,80,80,80,80,80,80,80,80,80,80,80,80,80,80,80,80,80,80,80,80,80,80,80,80,80,80,80],"card_choices":[{"not_picked":["Reckless Charge","Warcry"],"picked":"Metallicize","floor":0.0},{"not_picked":["Sword Boomerang","Searing Blow"],"picked":"Thunderclap","floor":1.0},{"not_picked":["Warcry","Wild Strike","Clothesline"],"picked":"SKIP","floor":4.0},{"not_picked":["Cleave","Clothesline"],"picked":"Fire Breathing","floor":6.0},{"not_picked":["Second Wind","Infernal Blade","Entrench"],"picked":"SKIP","floor":8.0},{"not_picked":["Fiend Fire","Entrench"],"picked":"Bludgeon","floor":10.0},{"not_picked":["Havoc","True Grit","Body Slam"],"picked":"SKIP","floor":11.0},{"not_picked":["Corruption","Wild Strike"],"picked":"Uppercut","floor":13.0},{"not_picked":["Immolate","Juggernaut"],"picked":"Reaper","floor":16.0},{"not_picked":["Iron Wave","Carnage+1","Seeing Red"],"picked":"SKIP","floor":18.0},{"not_picked":["Iron Wave","Bloodletting","Pommel Strike"],"picked":"SKIP","floor":19.0},{"not_picked":["Sword Boomerang+1","Warcry+1"],"picked":"Flex+1","floor":21.0},{"not_picked":["Searing Blow","Infernal Blade"],"picked":"Rampage+1","floor":23.0},{"not_picked":["Pommel Strike+1","Clothesline+1"],"picked":"Shockwave","floor":25.0},{"not_picked":["Pummel","Offering"],"picked":"Shrug It Off","floor":29.0},{"not_picked":["Fire Breathing","Warcry+1"],"picked":"Evolve","floor":30.0},{"not_picked":["Feel No Pain+1","Blood for Blood","Havoc"],"picked":"SKIP","floor":31.0},{"not_picked":["Fiend Fire","Dark Embrace"],"picked":"Limit Break","floor":33.0},{"not_picked":["Armaments","Cleave"],"picked":"Spot Weakness","floor":34.0},{"not_picked":["Havoc+1","Pommel Strike"],"picked":"Headbutt","floor":34.0},{"not_picked":["Body Slam","Sword Boomerang"],"picked":"Heavy Blade","floor":34.0},{"not_picked":["Cleave","Shrug It Off"],"picked":"Blood for Blood","floor":34.0},{"not_picked":["Body Slam+1","Pommel Strike+1"],"picked":"Battle Trance","floor":35.0},{"not_picked":["Twin Strike+1","Headbutt"],"picked":"Double Tap","floor":36.0},{"not_picked":["Blood for Blood","Iron Wave+1","Armaments"],"picked":"SKIP","floor":38.0},{"not_picked":["Burning Pact+1","Thunderclap+1","Uppercut"],"picked":"SKIP","floor":39.0},{"not_picked":["Sword Boomerang","Battle Trance","Dark Embrace"],"picked":"SKIP","floor":40.0},{"not_picked":["Warcry","Rage+1","Shrug It Off"],"picked":"Wild Strike+1","floor":44.0},{"not_picked":["True Grit","Headbutt+1","Clothesline+1","Corruption+1"],"picked":"SKIP","floor":46.0}],"player_experience":509546,"relics_obtained":[{"floor":6.0,"key":"Letter Opener"},{"floor":8.0,"key":"PreservedInsect"},{"floor":9.0,"key":"Orichalcum"},{"floor":10.0,"key":"Whetstone"},{"floor":23.0,"key":"Lantern"},{"floor":25.0,"key":"Anchor"},{"floor":26.0,"key":"Bag of Preparation"},{"floor":30.0,"key":"Darkstone Periapt"},{"floor":40.0,"key":"Dodecahedron"},{"floor":43.0,"key":"Question Card"}],"event_choices":[{"damage_healed":0.0,"max_hp_gain":0.0,"max_hp_loss":0.0,"gold_gain":0.0,"event_name":"Liars Game","player_choice":"Ignored","floor":2.0,"gold_loss":0.0,"damage_taken":0.0},{"damage_healed":0.0,"max_hp_gain":0.0,"max_hp_loss":0.0,"gold_gain":0.0,"event_name":"Shining Light","player_choice":"Entered Light","floor":3.0,"gold_loss":0.0,"damage_taken":16.0,"cards_upgraded":["Strike_R","Strike_R"]},{"damage_healed":0.0,"max_hp_gain":0.0,"max_hp_loss":0.0,"gold_gain":0.0,"event_name":"Scrap Ooze","player_choice":"Success","floor":14.0,"gold_loss":0.0,"damage_taken":18.0,"relics_obtained":["Mercury Hourglass"]},{"damage_healed":0.0,"max_hp_gain":0.0,"max_hp_loss":0.0,"gold_gain":99.0,"event_name":"Nest","player_choice":"Stole From Cult","floor":24.0,"gold_loss":0.0,"damage_taken":0.0},{"cards_removed":["Strike_R"],"damage_healed":0.0,"max_hp_gain":0.0,"max_hp_loss":0.0,"gold_gain":0.0,"event_name":"Wheel of Change","player_choice":"Card Removal","floor":27.0,"gold_loss":0.0,"damage_taken":0.0},{"cards_removed":["Limit Break"],"damage_healed":0.0,"max_hp_gain":0.0,"max_hp_loss":0.0,"gold_gain":0.0,"event_name":"Falling","player_choice":"Removed Skill","floor":48.0,"gold_loss":0.0,"damage_taken":0.0}],"is_beta":false,"boss_relics":[{"not_picked":["Runic Pyramid","Fusion Hammer"],"picked":"Mark of Pain"},{"not_picked":["Coffee Dripper","Runic Cube"],"picked":"Orrery"}],"items_purged_floors":[37],"is_endless":false,"potions_floor_spawned":[4,10,11,16,18,30,36,40,44],"ascension_level":4}