{"gold_per_floor":[111,131,131,146,163,163,163,190,217,217,159,188,188,92,92,92],"floor_reached":16,"playtime":420,"items_purged":[],"score":216,"play_id":"4571c22e-54b3-4bb0-b354-03c9e7027052","local_time":"20190615203435","is_ascension_mode":true,"campfire_choices":[{"data":"Neutralize","floor":6,"key":"SMITH"},{"floor":10,"key":"REST"},{"floor":15,"key":"REST"}],"neow_cost":"NONE","seed_source_timestamp":4263425622895401,"circlet_count":0,"master_deck":["AscendersBane","Defend_G","Defend_G","Defend_G","Defend_G","Defend_G","Strike_G","Strike_G","Strike_G","Strike_G","Survivor","Neutralize+1","Flying Knee","Leg Sweep","Predator","Prepared","Poisoned Stab+1","Finesse"],"relics":["Ring of the Snake","NeowsBlessing","CultistMask","Juzu Bracelet","Smiling Mask","Omamori"],"potions_floor_usage":[8],"damage_taken":[{"damage":0,"enemies":"2 Louse","floor":1,"turns":1},{"damage":0,"enemies":"Cultist","floor":2,"turns":1},{"damage":0,"enemies":"Jaw Worm","floor":4,"turns":1},{"damage":13,"enemies":"Exordium Thugs","floor":5,"turns":8},{"damage":14,"enemies":"3 Sentries","floor":8,"turns":13},{"damage":32,"enemies":"Lagavulin","floor":12,"turns":8},{"damage":51,"enemies":"Slime Boss","floor":16,"turns":7}],"seed_played":"2392636939000909935","potions_obtained":[{"floor":2,"key":"GhostInAJar"},{"floor":4,"key":"Swift Potion"},{"floor":12,"key":"SpeedPotion"}],"is_trial":false,"path_per_floor":["M","M","?","M","M","R","?","E","T","R","?","E","?","$","R","B"],"character_chosen":"THE_SILENT","items_purchased":["Finesse"],"campfire_rested":2,"item_purchase_floors":[14],"current_hp_per_floor":[59,59,59,59,46,46,46,32,32,51,51,19,19,19,38,0],"gold":92,"neow_bonus":"THREE_ENEMY_KILL","is_prod":false,"is_daily":false,"chose_seed":false,"campfire_upgraded":1,"win_rate":0,"timestamp":1560645275,"path_taken":["M","M","?","M","?","R","?","E","T","R","?","E","?","$","R","BOSS"],"build_version":"2019-01-23","purchased_purges":0,"victory":false,"max_hp_per_floor":[66,66,66,66,66,66,66,66,66,66,66,66,66,66,66,66],"card_choices":[{"not_picked":["Bane","Poisoned Stab"],"picked":"Flying Knee","floor":1},{"not_picked":["Flechettes","Well Laid Plans"],"picked":"Leg Sweep","floor":2},{"not_picked":["Backflip","Dodge and Roll","PiercingWail"],"picked":"SKIP","floor":4},{"not_picked":["Sucker Punch","Calculated Gamble"],"picked":"Predator","floor":5},{"not_picked":["PiercingWail","Grand Finale"],"picked":"Poisoned Stab","floor":8},{"not_picked":["Slice","Concentrate","Accuracy"],"picked":"SKIP","floor":12}],"player_experience":741586,"relics_obtained":[{"floor":8,"key":"Juzu Bracelet"},{"floor":9,"key":"Smiling Mask"},{"floor":12,"key":"Omamori"}],"event_choices":[{"damage_healed":0,"gold_gain":0,"player_choice":"Trade","damage_taken":0,"relics_obtained":["CultistMask"],"max_hp_gain":0,"max_hp_loss":0,"event_name":"FaceTrader","floor":3,"gold_loss":0},{"damage_healed":0,"gold_gain":0,"cards_transformed":["Strike_G"],"player_choice":"Transformed","damage_taken":0,"max_hp_gain":0,"max_hp_loss":0,"event_name":"Transmorgrifier","floor":7,"gold_loss":0,"cards_obtained":["Prepared"]},{"damage_healed":0,"gold_gain":0,"player_choice":"Left Gold","damage_taken":0,"max_hp_gain":0,"max_hp_loss":0,"event_name":"World of Goop","floor":11,"gold_loss":58},{"damage_healed":0,"gold_gain":0,"player_choice":"Grow","damage_taken":0,"max_hp_gain":0,"max_hp_loss":0,"event_name":"Living Wall","floor":13,"gold_loss":0,"cards_upgraded":["Poisoned Stab"]}],"is_beta":false,"boss_relics":[],"items_purged_floors":[],"is_endless":false,"potions_floor_spawned":[2,4,5,12],"killed_by":"Slime Boss","ascension_level":20}