{"gold_per_floor":[118,136,136,57,69,69,34,60,85,85,103,103,10,26,26,98,98,111,0,0,17,35,35,6,22,22,22,22,35,35,35],"floor_reached":31,"playtime":759,"items_purged":[],"score":472,"play_id":"f32c9328-3d61-49df-8a1c-4fa0dcf483ad","local_time":"20180921233110","is_ascension_mode":true,"campfire_choices":[{"data":"Zap","floor":6.0,"key":"SMITH"},{"floor":10.0,"key":"REST"},{"floor":12.0,"key":"REST"},{"data":"Loop","floor":15.0,"key":"SMITH"},{"floor":23,"key":"REST"},{"floor":28,"key":"REST"}],"neow_cost":"NONE","seed_source_timestamp":0,"circlet_count":0,"master_deck":["Defend_B","Defend_B","Defend_B","Defend_B","Zap+1","Dualcast","AscendersBane","Steam","Steam","Leap","Sweeping Beam","Core Surge","Leap","Loop+1","Biased Cognition","Ball Lightning","FTL","Sunder","Go for the Eyes","Stack","Bite","Bite","Bite","Bite","Bite"],"special_seed":0,"relics":["Cracked Core","DataDisk","Ancient Tea Set","Bronze Scales","Eternal Feather","Sundial"],"potions_floor_usage":[22,31],"damage_taken":[{"damage":2.0,"enemies":"Jaw Worm","floor":1.0,"turns":4.0},{"damage":0.0,"enemies":"Cultist","floor":2.0,"turns":3.0},{"damage":7.0,"enemies":"2 Louse","floor":5.0,"turns":3.0},{"damage":51.0,"enemies":"3 Sentries","floor":8.0,"turns":9.0},{"damage":3.0,"enemies":"Large Slime","floor":11.0,"turns":4.0},{"damage":10.0,"enemies":"Exordium Thugs","floor":14.0,"turns":3.0},{"damage":18.0,"enemies":"Hexaghost","floor":16.0,"turns":9.0},{"damage":15.0,"enemies":"Spheric Guardian","floor":18.0,"turns":4.0},{"damage":19.0,"enemies":"Chosen","floor":21.0,"turns":4.0},{"damage":13,"enemies":"3 Cultists","floor":22,"turns":5},{"damage":44,"enemies":"Centurion and Healer","floor":25,"turns":6},{"damage":35,"enemies":"Snake Plant","floor":29,"turns":4},{"damage":7,"enemies":"3 Cultists","floor":31,"turns":2}],"seed_played":"-3517481048216481223","potions_obtained":[{"floor":5.0,"key":"SpeedPotion"},{"floor":8.0,"key":"Dexterity Potion"},{"floor":16.0,"key":"Poison Potion"},{"floor":18.0,"key":"Dexterity Potion"},{"floor":29,"key":"Poison Potion"}],"is_trial":false,"path_per_floor":["M","M","?","$","M","R","?","E","T","R","M","R","$","M","R","B",null,"M","?","?","M","M","R","$","M","T","?","R","M","?"],"character_chosen":"DEFECT","items_purchased":["Leap","Sweeping Beam","Loop","Go for the Eyes"],"campfire_rested":4,"item_purchase_floors":[4,4,13,24],"current_hp_per_floor":[62,62,62,62,55,55,71,20,20,41,38,59,59,49,49,31,61,46,46,46,27,14,47,47,3,3,3,36,1,1,0],"gold":35,"neow_bonus":"RANDOM_COMMON_RELIC","is_prod":false,"is_daily":false,"chose_seed":false,"campfire_upgraded":2,"win_rate":0,"timestamp":1537587070,"path_taken":["M","M","?","$","M","R","?","E","T","R","?","R","$","M","R","BOSS","M","?","?","?","M","R","$","M","T","?","R","?","?","M"],"build_version":"2018-09-20","purchased_purges":0,"victory":false,"max_hp_per_floor":[71,71,71,71,71,71,71,71,71,71,71,71,71,71,71,71,71,71,71,71,71,71,71,71,71,71,71,71,71,49,49],"card_choices":[{"not_picked":["Rebound","Chill"],"picked":"Steam","floor":1.0},{"not_picked":["Lockon","Streamline"],"picked":"Steam","floor":2.0},{"not_picked":["Heatsinks","Stack","Fusion"],"picked":"SKIP","floor":5.0},{"not_picked":["Go for the Eyes","Fusion"],"picked":"Core Surge","floor":8.0},{"not_picked":["Steam","Beam Cell"],"picked":"Leap","floor":11.0},{"not_picked":["Steam","Turbo","Gash"],"picked":"SKIP","floor":14.0},{"not_picked":["Machine Learning","Reboot"],"picked":"Biased Cognition","floor":16.0},{"not_picked":["Leap","Rip and Tear"],"picked":"Ball Lightning","floor":18.0},{"not_picked":["Melter+1","Fusion"],"picked":"FTL","floor":21.0},{"not_picked":["Reprogram+1","Heatsinks"],"picked":"Sunder","floor":22},{"not_picked":["Barrage","Gash","Scrape"],"picked":"SKIP","floor":25},{"not_picked":["Steam","Hello World"],"picked":"Stack","floor":29}],"player_experience":342756,"relics_obtained":[{"floor":8.0,"key":"Ancient Tea Set"},{"floor":9.0,"key":"Bronze Scales"},{"floor":26,"key":"Sundial"}],"event_choices":[{"event_name":"Golden Wing","player_choice":"Ignored","floor":3.0,"damage_taken":0.0},{"event_name":"The Cleric","player_choice":"Healed","floor":7.0,"damage_taken":0.0},{"event_name":"Masked Bandits","player_choice":"Paid Fearfully","floor":19.0,"damage_taken":0.0},{"event_name":"The Mausoleum","player_choice":"No","floor":20.0,"damage_taken":0.0},{"event_name":"Cursed Tome","player_choice":"Ignored","floor":27,"damage_taken":0},{"event_name":"Vampires","player_choice":"Became a vampire","floor":30,"damage_taken":0}],"is_beta":false,"boss_relics":[{"not_picked":["Cursed Key","Astrolabe"],"picked":"Eternal Feather"}],"items_purged_floors":[],"is_endless":false,"potions_floor_spawned":[5,8,16,18,29],"killed_by":"3 Cultists","ascension_level":18}