{"gold_per_floor":[115,190,190,200,200,225,225,145,193,206,206,261,83,100,100,174,174,187,201,201,221,25,25,36,36,36,53,73,73],"floor_reached":29,"playtime":1345,"items_purged":[],"score":545,"play_id":"ae6696d7-76a9-4c54-8cb4-427a14d0a2c5","local_time":"20190701151939","is_ascension_mode":true,"campfire_choices":[{"data":"Neutralize","floor":11.0,"key":"SMITH"},{"data":"Caltrops","floor":15.0,"key":"SMITH"},{"data":"Apotheosis","floor":23.0,"key":"SMITH"},{"data":"Malaise","floor":25.0,"key":"SMITH"}],"neow_cost":"NONE","seed_source_timestamp":0,"circlet_count":0,"master_deck":["AscendersBane","Defend_G","Defend_G","Defend_G","Defend_G","Defend_G","Survivor","Neutralize+1","Predator","Backstab","Dodge and Roll","Caltrops+1","Cloak And Dagger","Dodge and Roll","Sadistic Nature","Malaise+1","Adrenaline+1","Infinite Blades+1","Escape Plan+1","Bouncing Flask","Dagger Spray+1","Bite","Bite","Bite","Bite","Bite","Dagger Spray+1","Apotheosis+1","Terror","Leg Sweep","Tools of the Trade"],"special_seed":0,"relics":["Ring of the Snake","NeowsBlessing","Regal Pillow","Oddly Smooth Stone","Tiny Chest","Astrolabe"],"potions_floor_usage":[29],"damage_taken":[{"damage":0.0,"enemies":"Jaw Worm","floor":1.0,"turns":1.0},{"damage":0.0,"enemies":"2 Louse","floor":4.0,"turns":1.0},{"damage":0.0,"enemies":"Gremlin Nob","floor":6.0,"turns":1.0},{"damage":0.0,"enemies":"Cultist","floor":10.0,"turns":3.0},{"damage":23.0,"enemies":"Lagavulin","floor":12.0,"turns":6.0},{"damage":4.0,"enemies":"Red Slaver","floor":14.0,"turns":5.0},{"damage":1.0,"enemies":"The Guardian","floor":16.0,"turns":12.0},{"damage":9.0,"enemies":"Shell Parasite","floor":18.0,"turns":9.0},{"damage":0.0,"enemies":"Spheric Guardian","floor":19.0,"turns":6.0},{"damage":23.0,"enemies":"Centurion and Healer","floor":21.0,"turns":15.0},{"damage":19.0,"enemies":"Snake Plant","floor":24.0,"turns":4.0},{"damage":44.0,"enemies":"Shelled Parasite and Fungi","floor":27.0,"turns":22.0},{"damage":22.0,"enemies":"Chosen and Byrds","floor":28.0,"turns":7.0},{"damage":47,"enemies":"Slavers","floor":29,"turns":2}],"seed_played":"2541707846019404836","potions_obtained":[{"floor":1.0,"key":"Poison Potion"},{"floor":3.0,"key":"Fruit Juice"},{"floor":3.0,"key":"Swift Potion"},{"floor":4.0,"key":"Fire Potion"},{"floor":14.0,"key":"PowerPotion"},{"floor":18.0,"key":"EssenceOfSteel"},{"floor":21.0,"key":"Ancient Potion"}],"is_trial":false,"path_per_floor":["M","?","?","M","$","E","?","$","T","M","R","E","$","M","R","B",null,"M","M","?","M","$","R","M","R","T","M","M","E"],"character_chosen":"THE_SILENT","items_purchased":["Caltrops","Sadistic Nature","Apotheosis"],"campfire_rested":0,"item_purchase_floors":[8,13,22],"current_hp_per_floor":[59,48,53,53,53,53,53,53,53,53,53,30,30,26,26,25,60,51,51,49,49,49,49,36,36,36,49,33,0],"gold":73,"neow_bonus":"THREE_ENEMY_KILL","is_prod":false,"is_daily":false,"chose_seed":false,"campfire_upgraded":4,"win_rate":0,"timestamp":1562008779,"path_taken":["M","?","?","?","?","E","?","$","T","M","R","E","$","M","R","BOSS","M","M","?","M","$","R","M","R","T","M","M","E"],"build_version":"2019-01-23","purchased_purges":0,"victory":false,"max_hp_per_floor":[66,66,71,71,71,71,71,71,71,71,71,71,71,71,71,71,71,71,71,49,49,49,49,49,49,49,49,49,49],"card_choices":[{"not_picked":["Skewer","Sucker Punch"],"picked":"Predator","floor":1.0},{"not_picked":["Well Laid Plans","Terror"],"picked":"Backstab","floor":4.0},{"not_picked":["Tactician","PiercingWail"],"picked":"Dodge and Roll","floor":6.0},{"not_picked":["Slice","Outmaneuver"],"picked":"Cloak And Dagger","floor":10.0},{"not_picked":["Acrobatics","Eviscerate"],"picked":"Dodge and Roll","floor":12.0},{"not_picked":["Catalyst","Dagger Throw","Acrobatics"],"picked":"SKIP","floor":14.0},{"not_picked":["Night Terror","A Thousand Cuts"],"picked":"Malaise","floor":16.0},{"not_picked":["Bane","Outmaneuver"],"picked":"Bouncing Flask","floor":18.0},{"not_picked":["Acrobatics","Dagger Throw"],"picked":"Dagger Spray+1","floor":19.0},{"not_picked":["Prepared","Quick Slash"],"picked":"Dagger Spray+1","floor":21.0},{"not_picked":["Finisher","Slice"],"picked":"Terror","floor":24.0},{"not_picked":["Heel Hook","Deflect"],"picked":"Leg Sweep","floor":27.0},{"not_picked":["Endless Agony","Cloak And Dagger"],"picked":"Tools of the Trade","floor":28.0}],"player_experience":825564,"relics_obtained":[{"floor":6.0,"key":"Regal Pillow"},{"floor":9.0,"key":"Oddly Smooth Stone"},{"floor":12.0,"key":"Tiny Chest"}],"event_choices":[{"damage_healed":0.0,"max_hp_gain":0.0,"max_hp_loss":0.0,"gold_gain":75.0,"event_name":"World of Goop","player_choice":"Gather Gold","floor":2.0,"gold_loss":0.0,"damage_taken":11.0},{"damage_healed":0.0,"max_hp_gain":0.0,"max_hp_loss":0.0,"gold_gain":0.0,"event_name":"Lab","player_choice":"Got Potions","floor":3.0,"gold_loss":0.0,"damage_taken":0.0},{"damage_healed":0.0,"max_hp_gain":0.0,"max_hp_loss":0.0,"gold_gain":0.0,"event_name":"Liars Game","player_choice":"Ignored","floor":7.0,"gold_loss":0.0,"damage_taken":0.0},{"damage_healed":0.0,"max_hp_gain":0.0,"max_hp_loss":22.0,"gold_gain":0.0,"event_name":"Vampires","player_choice":"Became a vampire","floor":20.0,"gold_loss":0.0,"damage_taken":0.0,"cards_obtained":["Bite","Bite","Bite","Bite","Bite"]}],"is_beta":false,"boss_relics":[{"not_picked":["White Beast Statue","Tiny House"],"picked":"Astrolabe"}],"items_purged_floors":[],"is_endless":false,"potions_floor_spawned":[1,4,14,18,21,27],"killed_by":"Slavers","ascension_level":20}