{"gold_per_floor":[119,136,136,151,168,201,201,201,201,221,246,246],"floor_reached":12,"playtime":327,"items_purged":[],"score":180,"play_id":"dfa6395a-ddbb-4006-b91a-08fc2c210985","local_time":"20190705143928","is_ascension_mode":true,"campfire_choices":[{"data":"Uppercut","floor":7,"key":"SMITH"}],"neow_cost":"NONE","seed_source_timestamp":5969872736339402,"circlet_count":0,"master_deck":["AscendersBane","Strike_R","Strike_R","Strike_R","Strike_R+1","Strike_R","Defend_R+1","Defend_R","Defend_R","Defend_R","Bash+1","Pommel Strike","Headbutt","Second Wind","Uppercut+1","Cleave","Metallicize+1","Pommel Strike"],"relics":["Burning Blood","Toxic Egg 2","Frozen Egg 2","Unceasing Top"],"potions_floor_usage":[11,12],"damage_taken":[{"damage":5,"enemies":"2 Louse","floor":1,"turns":3},{"damage":2,"enemies":"Jaw Worm","floor":2,"turns":3},{"damage":3,"enemies":"Small Slimes","floor":4,"turns":4},{"damage":8,"enemies":"Blue Slaver","floor":5,"turns":5},{"damage":44,"enemies":"Lagavulin","floor":6,"turns":6},{"damage":19,"enemies":"2 Fungi Beasts","floor":10,"turns":3},{"damage":22,"enemies":"Gremlin Nob","floor":11,"turns":5},{"damage":13,"enemies":"Exordium Wildlife","floor":12,"turns":1}],"seed_played":"7104680413584765393","potions_obtained":[{"floor":4,"key":"SpeedPotion"},{"floor":11,"key":"Swift Potion"}],"is_trial":false,"path_per_floor":["M","M","?","M","M","E","R","?","T","M","E","M"],"character_chosen":"IRONCLAD","items_purchased":[],"campfire_rested":0,"item_purchase_floors":[],"current_hp_per_floor":[69,73,50,53,51,13,13,38,38,25,9,0],"gold":246,"neow_bonus":"UPGRADE_CARD","is_prod":false,"is_daily":false,"chose_seed":false,"campfire_upgraded":1,"win_rate":0,"timestamp":1562351968,"path_taken":["M","M","?","M","M","E","R","?","T","M","E","M"],"build_version":"2019-07-01","purchased_purges":0,"victory":false,"max_hp_per_floor":[75,75,75,75,75,75,75,75,75,75,75,75],"card_choices":[{"not_picked":["Shrug It Off","Corruption"],"picked":"Pommel Strike","floor":1},{"not_picked":["Inflame","Twin Strike"],"picked":"Headbutt","floor":2},{"not_picked":["Thunderclap","Sword Boomerang"],"picked":"Second Wind","floor":4},{"not_picked":["Sword Boomerang","Flex"],"picked":"Uppercut","floor":5},{"not_picked":["Sever Soul","Perfected Strike"],"picked":"Cleave","floor":6},{"not_picked":["Sword Boomerang","Thunderclap"],"picked":"Metallicize+1","floor":10},{"not_picked":["Bloodletting+1","Seeing Red+1"],"picked":"Pommel Strike","floor":11}],"player_experience":874405,"relics_obtained":[{"floor":6,"key":"Toxic Egg 2"},{"floor":9,"key":"Frozen Egg 2"},{"floor":11,"key":"Unceasing Top"}],"event_choices":[{"damage_healed":0,"gold_gain":0,"player_choice":"Entered Light","damage_taken":23,"max_hp_gain":0,"max_hp_loss":0,"event_name":"Shining Light","floor":3,"gold_loss":0,"cards_upgraded":["Strike_R","Defend_R"]},{"damage_healed":25,"gold_gain":0,"player_choice":"Banana","damage_taken":0,"max_hp_gain":0,"max_hp_loss":0,"event_name":"Big Fish","floor":8,"gold_loss":0}],"is_beta":false,"boss_relics":[],"items_purged_floors":[],"is_endless":false,"potions_floor_spawned":[4,11],"killed_by":"Exordium Wildlife","ascension_level":20}