{"gold_per_floor":[218,218,237,135,151,151,171,171,171,171,184,184,201,227,227,304,304,278,288,288,298,298],"floor_reached":22,"playtime":682,"items_purged":[],"score":376,"play_id":"64884f82-adc3-4ae1-8430-d98878d97e81","local_time":"20190624192325","is_ascension_mode":true,"campfire_choices":[{"data":"Spot Weakness","floor":6.0,"key":"SMITH"},{"data":"Demon Form","floor":8.0,"key":"SMITH"},{"data":"Bash","floor":10.0,"key":"SMITH"},{"data":"Heavy Blade","floor":15.0,"key":"SMITH"}],"neow_cost":"NONE","seed_source_timestamp":0,"circlet_count":0,"master_deck":["AscendersBane","Strike_R","Strike_R","Strike_R","Defend_R","Defend_R","Defend_R","Defend_R","Bash+1","Iron Wave","Headbutt","Spot Weakness+1","Shrug It Off","Headbutt","Demon Form+1","Cleave","Heavy Blade+1","Evolve","Reaper","Twin Strike","Flame Barrier+1"],"special_seed":0,"relics":["Burning Blood","Paper Frog","Pear","Gambling Chip","Eternal Feather"],"potions_floor_usage":[],"damage_taken":[{"damage":7.0,"enemies":"Small Slimes","floor":1.0,"turns":3.0},{"damage":1.0,"enemies":"Cultist","floor":3.0,"turns":3.0},{"damage":0.0,"enemies":"Jaw Worm","floor":5.0,"turns":4.0},{"damage":30.0,"enemies":"Lots of Slimes","floor":7.0,"turns":4.0},{"damage":13.0,"enemies":"Exordium Thugs","floor":11.0,"turns":5.0},{"damage":3.0,"enemies":"Exordium Wildlife","floor":13.0,"turns":2.0},{"damage":25.0,"enemies":"3 Sentries","floor":14.0,"turns":6.0},{"damage":37.0,"enemies":"Hexaghost","floor":16.0,"turns":9.0},{"damage":45.0,"enemies":"2 Thieves","floor":18.0,"turns":5.0},{"damage":63.0,"enemies":"3 Byrds","floor":19.0,"turns":6.0},{"damage":43,"enemies":"3 Cultists","floor":21,"turns":4},{"damage":44,"enemies":"Shelled Parasite and Fungi","floor":22,"turns":3}],"seed_played":"3414559646325285787","potions_obtained":[{"floor":5.0,"key":"Energy Potion"},{"floor":7.0,"key":"AttackPotion"},{"floor":18.0,"key":"Fruit Juice"}],"is_trial":false,"path_per_floor":["M","?","M","$","M","R","M","R","T","R","M","T","M","E","R","B",null,"M","M","?","M","M"],"character_chosen":"IRONCLAD","items_purchased":["Spot Weakness","Shrug It Off"],"campfire_rested":0,"item_purchase_floors":[4,4],"current_hp_per_floor":[67,67,72,72,75,75,51,51,51,51,44,54,57,38,38,7,66,60,20,20,25,0],"gold":298,"neow_bonus":"HUNDRED_GOLD","is_prod":false,"is_daily":false,"chose_seed":false,"campfire_upgraded":4,"win_rate":0,"timestamp":1561418605,"path_taken":["M","?","?","$","M","R","M","R","T","R","M","?","M","E","R","BOSS","M","?","?","M","M"],"build_version":"2019-06-21","purchased_purges":0,"victory":false,"max_hp_per_floor":[75,75,75,75,75,75,75,75,75,75,75,85,85,85,85,85,85,90,90,90,90,90],"card_choices":[{"not_picked":["Sword Boomerang","Burning Pact"],"picked":"Iron Wave","floor":1.0},{"not_picked":["True Grit","Havoc"],"picked":"Headbutt","floor":3.0},{"not_picked":["Sword Boomerang","Havoc"],"picked":"Headbutt","floor":5.0},{"not_picked":["Feel No Pain","Twin Strike"],"picked":"Demon Form","floor":7.0},{"not_picked":["Body Slam","Havoc"],"picked":"Cleave","floor":11.0},{"not_picked":["Rupture","Havoc"],"picked":"Heavy Blade","floor":13.0},{"not_picked":["Havoc","Entrench"],"picked":"Evolve","floor":14.0},{"not_picked":["Double Tap","Fiend Fire"],"picked":"Reaper","floor":16.0},{"not_picked":["Dropkick","Perfected Strike+1"],"picked":"Twin Strike","floor":18.0},{"not_picked":["Anger","Havoc","Body Slam"],"picked":"SKIP","floor":19.0},{"not_picked":["Flex+1","Infernal Blade"],"picked":"Flame Barrier+1","floor":21}],"player_experience":775408,"relics_obtained":[{"floor":9.0,"key":"Paper Frog"},{"floor":12.0,"key":"Pear"},{"floor":14.0,"key":"Gambling Chip"}],"event_choices":[{"cards_removed":["Strike_R"],"damage_healed":0.0,"max_hp_gain":0.0,"max_hp_loss":0.0,"gold_gain":0.0,"event_name":"Purifier","player_choice":"Purged","floor":2.0,"gold_loss":0.0,"damage_taken":0.0},{"cards_removed":["Strike_R"],"damage_healed":0.0,"max_hp_gain":0.0,"max_hp_loss":0.0,"gold_gain":0.0,"event_name":"Purifier","player_choice":"Purged","floor":20.0,"gold_loss":0.0,"damage_taken":0.0}],"is_beta":true,"boss_relics":[{"not_picked":["Busted Crown","Pandora\u0027s Box"],"picked":"Eternal Feather"}],"items_purged_floors":[],"is_endless":false,"potions_floor_spawned":[5,7,11,18],"killed_by":"Shelled Parasite and Fungi","ascension_level":20}