{"gold_per_floor":[109,109,122,36,36,68,68,98,98,98,118,137,137,165,165,237,237,248,267,267,105,155,155,186,186,241,241,241,89,107,124,124,198,198,212,232,250,250,250],"floor_reached":39,"playtime":1162,"items_purged":["Strike_B","Strike_B"],"score":884,"play_id":"c2ba4972-745c-4f3a-a1b4-4dfc20d49ea7","local_time":"20190317171027","is_ascension_mode":true,"campfire_choices":[{"data":"Defragment","floor":10.0,"key":"SMITH"},{"floor":13.0,"key":"REST"},{"data":"Static Discharge","floor":15.0,"key":"SMITH"},{"data":"Loop","floor":23.0,"key":"SMITH"},{"data":"Hologram","floor":25.0,"key":"SMITH"},{"data":"Zap","floor":27.0,"key":"SMITH"},{"floor":32.0,"key":"REST"}],"neow_cost":"NONE","seed_source_timestamp":0,"circlet_count":0,"master_deck":["AscendersBane","Strike_B","Defend_B","Defend_B","Defend_B","Defend_B","Zap+1","Dualcast","Static Discharge+1","Sweeping Beam","Defragment+1","Gash","Cold Snap","FTL","Cold Snap","Conserve Battery","Electrodynamics","Coolheaded+1","Barrage","Loop+1","Hologram+1","Defragment+1","Ball Lightning","Gash","Gash","Auto Shields+1","Ball Lightning","Conserve Battery","Chrysalis"],"special_seed":0,"relics":["Cracked Core","NeowsBlessing","Meat on the Bone","Blue Candle","Incense Burner","Cables","Inserter","Pen Nib","Potion Belt","Velvet Choker"],"potions_floor_usage":[37],"damage_taken":[{"damage":0.0,"enemies":"Small Slimes","floor":1.0,"turns":1.0},{"damage":0.0,"enemies":"Cultist","floor":3.0,"turns":1.0},{"damage":0.0,"enemies":"3 Sentries","floor":6.0,"turns":1.0},{"damage":35.0,"enemies":"Gremlin Nob","floor":8.0,"turns":4.0},{"damage":5.0,"enemies":"2 Louse","floor":11.0,"turns":2.0},{"damage":21.0,"enemies":"Large Slime","floor":12.0,"turns":5.0},{"damage":8.0,"enemies":"Lagavulin","floor":14.0,"turns":7.0},{"damage":20.0,"enemies":"The Guardian","floor":16.0,"turns":10.0},{"damage":5.0,"enemies":"3 Byrds","floor":18.0,"turns":3.0},{"damage":18.0,"enemies":"Shell Parasite","floor":19.0,"turns":5.0},{"damage":18.0,"enemies":"Slavers","floor":24.0,"turns":2.0},{"damage":3.0,"enemies":"3 Cultists","floor":30.0,"turns":3.0},{"damage":3.0,"enemies":"Cultist and Chosen","floor":31.0,"turns":5.0},{"damage":9.0,"enemies":"Champ","floor":33.0,"turns":10.0},{"damage":5.0,"enemies":"3 Shapes","floor":35.0,"turns":5.0},{"damage":16.0,"enemies":"Orb Walker","floor":36.0,"turns":3.0},{"damage":49,"enemies":"3 Darklings","floor":37,"turns":3},{"damage":17,"enemies":"Sphere and 2 Shapes","floor":39,"turns":2}],"seed_played":"6554696800678066937","potions_obtained":[{"floor":1.0,"key":"EntropicBrew"},{"floor":8.0,"key":"Block Potion"},{"floor":12.0,"key":"Explosive Potion"},{"floor":14.0,"key":"FearPotion"},{"floor":24.0,"key":"Block Potion"},{"floor":36.0,"key":"Regen Potion"},{"floor":37,"key":"Poison Potion"}],"is_trial":false,"path_per_floor":["M","?","M","$","?","E","?","E","T","R","M","M","R","E","R","B",null,"M","M","?","$","?","R","E","R","T","R","?","$","M","M","R","B",null,"M","M","M","?","M"],"character_chosen":"DEFECT","items_purchased":["Defragment","Loop","Ball Lightning"],"campfire_rested":2,"item_purchase_floors":[4,21,29],"current_hp_per_floor":[64,64,64,64,64,64,64,41,41,41,36,27,48,40,40,32,61,56,38,38,38,38,38,32,32,32,32,32,32,41,38,59,50,66,61,45,17,17,0],"gold":250,"neow_bonus":"THREE_ENEMY_KILL","is_prod":false,"is_daily":false,"chose_seed":false,"campfire_upgraded":5,"win_rate":0,"timestamp":1552857027,"path_taken":["M","?","?","$","?","E","?","E","T","R","M","M","R","E","R","BOSS","M","M","?","$","?","R","E","R","T","R","?","$","M","?","R","BOSS","M","M","M","?","M"],"build_version":"2019-01-23","purchased_purges":2,"victory":false,"max_hp_per_floor":[71,71,71,71,71,71,71,71,71,71,71,71,71,71,71,71,71,71,71,71,71,71,71,71,71,71,71,71,71,71,71,71,71,71,71,71,71,71,71],"card_choices":[{"not_picked":["Chill","Beam Cell"],"picked":"Static Discharge","floor":1.0},{"not_picked":["Rip and Tear","Aggregate"],"picked":"Sweeping Beam","floor":3.0},{"not_picked":["Fission","Rebound"],"picked":"Gash","floor":6.0},{"not_picked":["Steam Power","Rebound"],"picked":"Cold Snap","floor":8.0},{"not_picked":["Auto Shields","Storm"],"picked":"FTL","floor":11.0},{"not_picked":["Streamline","Redo"],"picked":"Cold Snap","floor":12.0},{"not_picked":["Capacitor","Auto Shields"],"picked":"Conserve Battery","floor":14.0},{"not_picked":["Hyperbeam","Fission"],"picked":"Electrodynamics","floor":16.0},{"not_picked":["Recycle","Rebound"],"picked":"Coolheaded+1","floor":18.0},{"not_picked":["Aggregate","Turbo"],"picked":"Barrage","floor":19.0},{"not_picked":["Streamline","All For One"],"picked":"Hologram","floor":24.0},{"not_picked":["Static Discharge","Tempest"],"picked":"Gash","floor":30.0},{"not_picked":["Steam","Rebound"],"picked":"Gash","floor":31.0},{"not_picked":["Compile Driver","Cold Snap"],"picked":"Auto Shields+1","floor":35.0},{"not_picked":["Barrage","Hello World"],"picked":"Ball Lightning","floor":36.0},{"not_picked":["Undo","Beam Cell"],"picked":"Conserve Battery","floor":37},{"not_picked":["Trip","HandOfGreed"],"picked":"Chrysalis","floor":38}],"player_experience":591646,"relics_obtained":[{"floor":6.0,"key":"Meat on the Bone"},{"floor":8.0,"key":"Blue Candle"},{"floor":9.0,"key":"Incense Burner"},{"floor":14.0,"key":"Cables"},{"floor":24.0,"key":"Pen Nib"},{"floor":26.0,"key":"Potion Belt"}],"event_choices":[{"cards_removed":["Strike_B"],"damage_healed":0.0,"max_hp_gain":0.0,"max_hp_loss":0.0,"gold_gain":0.0,"event_name":"Purifier","player_choice":"Purged","floor":2.0,"gold_loss":0.0,"damage_taken":0.0},{"damage_healed":0.0,"max_hp_gain":0.0,"max_hp_loss":0.0,"gold_gain":0.0,"event_name":"Golden Idol","player_choice":"Ignored","floor":5.0,"gold_loss":0.0,"damage_taken":0.0},{"damage_healed":0.0,"max_hp_gain":0.0,"max_hp_loss":0.0,"gold_gain":0.0,"event_name":"Scrap Ooze","player_choice":"Fled","floor":7.0,"gold_loss":0.0,"damage_taken":0.0},{"damage_healed":0.0,"max_hp_gain":0.0,"max_hp_loss":0.0,"gold_gain":50.0,"event_name":"Nest","player_choice":"Stole From Cult","floor":22.0,"gold_loss":0.0,"damage_taken":0.0},{"damage_healed":0.0,"max_hp_gain":0.0,"max_hp_loss":0.0,"gold_gain":0.0,"event_name":"Duplicator","player_choice":"Copied","floor":28.0,"gold_loss":0.0,"damage_taken":0.0,"cards_obtained":["Defragment"]},{"damage_healed":0,"gold_gain":0,"player_choice":"Memory 1","damage_taken":0,"max_hp_gain":0,"max_hp_loss":0,"event_name":"SensoryStone","floor":38,"gold_loss":0}],"is_beta":false,"boss_relics":[{"not_picked":["Ectoplasm","Empty Cage"],"picked":"Inserter"},{"not_picked":["Snecko Eye","FrozenCore"],"picked":"Velvet Choker"}],"items_purged_floors":[21,29],"is_endless":false,"potions_floor_spawned":[1,8,12,14,24,36,37],"killed_by":"Sphere and 2 Shapes","ascension_level":20}