{"gold_per_floor":[116,30,30,48,48,48,65,65,65,65,25,25,25],"floor_reached":13,"playtime":263,"items_purged":[],"score":146,"play_id":"abd6a251-0b83-4128-b366-f32591429cd9","local_time":"20181201163710","is_ascension_mode":true,"campfire_choices":[{"floor":6.0,"key":"REST"},{"data":"Neutralize","floor":8.0,"key":"SMITH"}],"neow_cost":"NONE","seed_source_timestamp":8820676776475,"circlet_count":0,"master_deck":["AscendersBane","Defend_G","Defend_G","Defend_G","Defend_G","Defend_G","Strike_G","Strike_G","Strike_G","Strike_G","Survivor","Neutralize+1","Poisoned Stab","Bouncing Flask","Deadly Poison","Dagger Spray","Footwork+1"],"special_seed":0,"relics":["Ring of the Snake","Oddly Smooth Stone","Frozen Egg 2"],"potions_floor_usage":[13],"damage_taken":[{"damage":4.0,"enemies":"Cultist","floor":1.0,"turns":5.0},{"damage":0.0,"enemies":"2 Louse","floor":4.0,"turns":3.0},{"damage":0.0,"enemies":"Small Slimes","floor":7.0,"turns":4.0},{"damage":0.0,"enemies":"Gremlin Gang","floor":12.0,"turns":1.0},{"damage":42,"enemies":"Gremlin Nob","floor":13,"turns":4}],"seed_played":"2203407648699245241","potions_obtained":[{"floor":0.0,"key":"SmokeBomb"},{"floor":0.0,"key":"Strength Potion"}],"is_trial":false,"path_per_floor":["M","$","?","M","?","R","M","R","T","?","$","M","E"],"character_chosen":"THE_SILENT","items_purchased":["Bouncing Flask","Footwork+1"],"campfire_rested":1,"item_purchase_floors":[2,11],"current_hp_per_floor":[55,55,48,48,22,41,41,41,41,41,41,41,0],"gold":25,"neow_bonus":"THREE_SMALL_POTIONS","is_prod":false,"is_daily":false,"chose_seed":false,"campfire_upgraded":1,"win_rate":0,"timestamp":1543700230,"path_taken":["M","$","?","M","?","R","M","R","T","?","$","M","E"],"build_version":"2018-11-15","purchased_purges":0,"victory":false,"max_hp_per_floor":[66,66,66,66,66,66,66,66,66,66,66,66,66],"card_choices":[{"not_picked":["Slice","Choke"],"picked":"Poisoned Stab","floor":1.0},{"not_picked":["Setup","Reflex"],"picked":"Deadly Poison","floor":4.0},{"not_picked":["Outmaneuver","Dodge and Roll"],"picked":"Dagger Spray","floor":7.0}],"player_experience":471791,"relics_obtained":[{"floor":9.0,"key":"Frozen Egg 2"}],"event_choices":[{"cards_removed":["Strike_G"],"damage_healed":0.0,"max_hp_gain":0.0,"max_hp_loss":0.0,"gold_gain":0.0,"event_name":"Golden Wing","player_choice":"Card Removal","floor":3.0,"gold_loss":0.0,"damage_taken":7.0},{"damage_healed":0.0,"max_hp_gain":0.0,"max_hp_loss":0.0,"gold_gain":0.0,"event_name":"Scrap Ooze","player_choice":"Success","floor":5.0,"gold_loss":0.0,"damage_taken":26.0,"relics_obtained":["Oddly Smooth Stone"]},{"damage_healed":0.0,"max_hp_gain":0.0,"max_hp_loss":0.0,"gold_gain":0.0,"event_name":"Liars Game","player_choice":"Ignored","floor":10.0,"gold_loss":0.0,"damage_taken":0.0}],"is_beta":false,"boss_relics":[],"items_purged_floors":[],"is_endless":false,"potions_floor_spawned":[1,4],"killed_by":"Gremlin Nob","ascension_level":20}