{"gold_per_floor":[144,189,189,39,108,108,198,243,318,363,438,153,153,119,119,419,419,464,464,464,764,69,69,69,69,144,144,189,234,324,369,369,669,669,714,759,759,759,759,849,326,371,371,371,461,506,506,551,551,551],"floor_reached":51,"playtime":1873,"items_purged":[],"score":846,"play_id":"8dbbe519-8cad-4281-a27b-df1128e0a1be","local_time":"20190216193428","daily_mods":["Chimera","Time Dilation","Midas"],"is_ascension_mode":false,"campfire_choices":[{"floor":6,"key":"REST"},{"floor":13,"key":"REST"},{"floor":15,"key":"REST"},{"floor":23,"key":"REST"},{"floor":25,"key":"REST"},{"floor":27,"key":"REST"},{"floor":32,"key":"REST"},{"floor":44,"key":"REST"},{"floor":49,"key":"REST"}],"neow_cost":"","seed_source_timestamp":0,"circlet_count":0,"master_deck":["Bash+1","Survivor+1","Zap+1","Strike_R+1","Strike_G+1","Strike_B+1","Defend_R+1","Defend_G+1","Defend_B+1","Rebound+1","Chill+1","Hello World+1","Streamline+1","Glacier+1","Chaos+1","Sunder+1","Multi-Cast+1","Tempest+1","Leap+1","Mind Blast+1","Stack+1","Rebound+1","Shame","Consume+1","Steam+1","Melter+1","Electrodynamics+1","Conserve Battery+1","Redo+1","Dramatic Entrance+1","Creative AI+1","Defragment+1","Defragment+1","Self Repair+1","Coolheaded+1"],"special_seed":17944,"relics":["Cracked Core","Vajra","Bag of Preparation","Mercury Hourglass","Cables","Lizard Tail","MutagenicStrength","Emotion Chip","StoneCalendar","Molten Egg 2","PreservedInsect","ClockworkSouvenir","Pen Nib","Toxic Egg 2","Letter Opener","Singing Bowl","Philosopher\u0027s Stone","Mummified Hand","Pear","Strange Spoon","Blue Candle","Ginger","Mark of the Bloom"],"potions_floor_usage":[16,16,21,28,33,45,50,50],"damage_taken":[{"damage":6,"enemies":"Jaw Worm","floor":1,"turns":3},{"damage":0,"enemies":"Small Slimes","floor":2,"turns":3},{"damage":0,"enemies":"3 Sentries","floor":7,"turns":8},{"damage":1,"enemies":"2 Louse","floor":8,"turns":3},{"damage":0,"enemies":"Exordium Wildlife","floor":10,"turns":1},{"damage":31,"enemies":"Hexaghost","floor":16,"turns":6},{"damage":4,"enemies":"3 Byrds","floor":18,"turns":4},{"damage":8,"enemies":"Colosseum Slavers","floor":21,"turns":5},{"damage":30,"enemies":"Colosseum Nobs","floor":21,"turns":4},{"damage":2,"enemies":"2 Thieves","floor":28,"turns":3},{"damage":2,"enemies":"Centurion and Healer","floor":29,"turns":3},{"damage":2,"enemies":"Book of Stabbing","floor":30,"turns":3},{"damage":4,"enemies":"3 Cultists","floor":31,"turns":4},{"damage":58,"enemies":"Automaton","floor":33,"turns":11},{"damage":0,"enemies":"3 Shapes","floor":35,"turns":3},{"damage":0,"enemies":"3 Darklings","floor":36,"turns":4},{"damage":11,"enemies":"Giant Head","floor":40,"turns":8},{"damage":0,"enemies":"Maw","floor":42,"turns":6},{"damage":11,"enemies":"Reptomancer","floor":45,"turns":3},{"damage":0,"enemies":"Jaw Worm Horde","floor":46,"turns":2},{"damage":0,"enemies":"Transient","floor":48,"turns":5},{"damage":17,"enemies":"Awakened One","floor":50,"turns":12}],"seed_played":"3988833726402513641","potions_obtained":[{"floor":2,"key":"LiquidBronze"},{"floor":8,"key":"Fire Potion"},{"floor":10,"key":"PowerPotion"},{"floor":28,"key":"Fruit Juice"},{"floor":31,"key":"Block Potion"},{"floor":33,"key":"LiquidBronze"},{"floor":35,"key":"FearPotion"},{"floor":36,"key":"Block Potion"}],"is_trial":false,"path_per_floor":["M","M","?","$","?","R","E","M","T","M","?","$","R","$","R","B",null,"M","?","T","?","$","R","?","R","T","R","M","M","E","M","R","B",null,"M","M","?","?","?","E","$","M","T","R","E","M","?","M","R","B",null],"character_chosen":"DEFECT","items_purchased":["Vajra","Cables","Chaos","Sunder","Mind Blast+1","PreservedInsect","ClockworkSouvenir","Pen Nib","Stack","Rebound+1","Pear","Defragment","Strange Spoon"],"campfire_rested":9,"item_purchase_floors":[4,12,12,14,22,22,22,22,22,22,41,41,41],"current_hp_per_floor":[69,69,54,54,54,75,75,74,74,74,63,63,75,75,75,44,75,71,71,71,33,33,55,55,75,75,75,78,76,74,72,82,24,82,82,82,82,82,82,71,81,81,81,92,83,83,83,83,83,66],"gold":551,"neow_bonus":"","is_prod":false,"is_daily":true,"chose_seed":false,"campfire_upgraded":0,"win_rate":0,"timestamp":1550374468,"path_taken":["M","M","?","$","?","R","E","M","T","?","?","$","R","$","R","BOSS","M","?","?","?","$","R","?","R","T","R","M","M","E","M","R","BOSS","M","M","?","?","?","E","$","M","T","R","E","?","?","M","R","BOSS"],"build_version":"2019-01-23","purchased_purges":0,"victory":true,"max_hp_per_floor":[75,75,75,75,75,75,75,75,75,75,75,75,75,75,75,75,75,75,75,75,75,75,75,75,75,75,75,80,80,80,82,82,82,82,82,82,82,82,82,82,92,92,92,92,94,94,94,94,94,94],"card_choices":[{"not_picked":["Ball Lightning","Hologram"],"picked":"Rebound","floor":1},{"not_picked":["Redo","Lockon"],"picked":"Chill","floor":2},{"not_picked":["Chill","Gash"],"picked":"Hello World","floor":7},{"not_picked":["Ball Lightning","Recycle"],"picked":"Streamline","floor":8},{"not_picked":["Chaos","Gash"],"picked":"Glacier","floor":10},{"not_picked":["Amplify","Reboot"],"picked":"Multi-Cast","floor":16},{"not_picked":["Redo","Rebound"],"picked":"Tempest+1","floor":18},{"not_picked":["Loop","Compile Driver"],"picked":"Leap","floor":21},{"not_picked":["Chill+1","Ball Lightning+1"],"picked":"Consume+1","floor":28},{"not_picked":["Fusion+1","Storm"],"picked":"Steam+1","floor":29},{"not_picked":["Steam Power+1","Redo+1"],"picked":"Melter+1","floor":30},{"not_picked":["Fusion+1","Streamline+1","Steam+1"],"picked":"Singing Bowl","floor":31},{"not_picked":["All For One+1","Fission+1"],"picked":"Electrodynamics","floor":33},{"not_picked":["Aggregate+1","Beam Cell+1"],"picked":"Conserve Battery+1","floor":35},{"not_picked":["Gash+1","Hologram+1"],"picked":"Redo+1","floor":36},{"not_picked":["Madness+1","Good Instincts+1"],"picked":"Dramatic Entrance+1","floor":37},{"not_picked":["White Noise+1","Recycle+1"],"picked":"Creative AI","floor":40},{"not_picked":["Hologram+1","Blizzard+1"],"picked":"Defragment","floor":42},{"not_picked":["Heatsinks+1","Barrage+1","Hologram+1"],"picked":"Singing Bowl","floor":45},{"not_picked":["Sweeping Beam+1","Steam+1"],"picked":"Self Repair+1","floor":46},{"not_picked":["FTL+1","Seek+1"],"picked":"Coolheaded+1","floor":48}],"player_experience":214081,"relics_obtained":[{"floor":7,"key":"Bag of Preparation"},{"floor":9,"key":"Mercury Hourglass"},{"floor":20,"key":"Emotion Chip"},{"floor":21,"key":"StoneCalendar"},{"floor":21,"key":"Molten Egg 2"},{"floor":26,"key":"Letter Opener"},{"floor":30,"key":"Singing Bowl"},{"floor":40,"key":"Mummified Hand"},{"floor":43,"key":"Blue Candle"},{"floor":45,"key":"Ginger"}],"event_choices":[{"damage_healed":0,"gold_gain":0,"player_choice":"Entered Light","damage_taken":15,"max_hp_gain":0,"max_hp_loss":0,"event_name":"Shining Light","floor":3,"gold_loss":0,"cards_upgraded":["Chill","Rebound"]},{"damage_healed":0,"gold_gain":69,"player_choice":"Gained Gold","damage_taken":0,"max_hp_gain":0,"max_hp_loss":0,"event_name":"Golden Wing","floor":5,"gold_loss":0},{"damage_healed":0,"gold_gain":75,"player_choice":"Gather Gold","damage_taken":11,"max_hp_gain":0,"max_hp_loss":0,"event_name":"World of Goop","floor":11,"gold_loss":0},{"damage_healed":0,"gold_gain":0,"player_choice":"Inject Mutagens","damage_taken":0,"relics_obtained":["MutagenicStrength"],"max_hp_gain":0,"max_hp_loss":0,"event_name":"Drug Dealer","floor":19,"gold_loss":0},{"damage_healed":0,"gold_gain":0,"player_choice":"Fight","damage_taken":0,"max_hp_gain":0,"max_hp_loss":0,"event_name":"Colosseum","floor":21,"gold_loss":0},{"damage_healed":0,"gold_gain":0,"player_choice":"Fought Nobs","damage_taken":0,"max_hp_gain":0,"max_hp_loss":0,"event_name":"Colosseum","floor":21,"gold_loss":0},{"damage_healed":0,"gold_gain":0,"player_choice":"Stole Relic","damage_taken":0,"relics_obtained":["Toxic Egg 2"],"max_hp_gain":0,"max_hp_loss":0,"event_name":"Addict","floor":24,"gold_loss":0,"cards_obtained":["Shame"]},{"damage_healed":0,"gold_gain":0,"player_choice":"Memory 1","damage_taken":0,"max_hp_gain":0,"max_hp_loss":0,"event_name":"SensoryStone","floor":37,"gold_loss":0},{"damage_healed":0,"gold_gain":0,"player_choice":"Ignored","damage_taken":0,"max_hp_gain":0,"max_hp_loss":0,"event_name":"Tomb of Lord Red Mask","floor":38,"gold_loss":0},{"damage_healed":0,"gold_gain":0,"player_choice":"Ignored","damage_taken":0,"max_hp_gain":0,"max_hp_loss":0,"event_name":"Mysterious Sphere","floor":39,"gold_loss":0},{"damage_healed":0,"gold_gain":0,"player_choice":"Upgrade","damage_taken":0,"relics_obtained":["Mark of the Bloom"],"max_hp_gain":0,"max_hp_loss":0,"event_name":"MindBloom","floor":47,"gold_loss":0,"cards_upgraded":["Bash","Survivor","Zap","Strike_R","Strike_G","Strike_B","Defend_R","Defend_G","Defend_B","Hello World","Streamline","Glacier","Chaos","Sunder","Multi-Cast","Leap","Stack","Electrodynamics","Creative AI","Defragment","Defragment"]}],"is_beta":false,"boss_relics":[{"not_picked":["Runic Dome","Eternal Feather"],"picked":"Lizard Tail"},{"not_picked":["FrozenCore","Empty Cage"],"picked":"Philosopher\u0027s Stone"}],"items_purged_floors":[],"is_endless":false,"potions_floor_spawned":[2,8,10,21,28,31,33,35,36],"ascension_level":0}