{"gold_per_floor":[119,139,139,156,156,156,183,183,208,208,226,236,161,193,193,264,264,278,278,288,307,67,67,92,92,118,143,143,177,188,204,204,280,280,299,344,344,206,218,218,229,229,229,149,149],"floor_reached":45,"playtime":1816,"items_purged":["Strike_B","Strike_B"],"score":903,"play_id":"b18118cb-2be7-4c04-812d-0c9282d026db","local_time":"20180728161224","is_ascension_mode":true,"campfire_choices":[{"data":"Zap","floor":6.0,"key":"SMITH"},{"floor":8.0,"key":"REST"},{"floor":15.0,"key":"REST"},{"floor":23.0,"key":"REST"},{"floor":28.0,"key":"REST"},{"floor":32.0,"key":"REST"},{"data":"1","floor":40.0,"key":"LIFT"}],"neow_cost":"NONE","seed_source_timestamp":1796741354034717,"circlet_count":0,"master_deck":["Defend_B","Defend_B","Zap+1","Dualcast","AscendersBane","Ball Lightning","Conserve Battery","Go for the Eyes","Cold Snap","Hologram","Compile Driver","Reinforced Body","Barrage","Electrodynamics","Steam","Sunder","Ball Lightning","Conserve Battery","Compile Driver","Cold Snap","Leap","Seek","Stack+1","Cold Snap","Trip","Capacitor","Rebound+1","Reinforced Body+1","Loop"],"special_seed":0,"relics":["Cracked Core","Centennial Puzzle","DataDisk","Juzu Bracelet","Sozu","Mercury Hourglass","Mummified Hand","Ancient Tea Set","Bronze Scales","Regal Pillow","Lantern","Empty Cage","Girya","Peace Pipe"],"potions_floor_usage":[],"damage_taken":[{"damage":6.0,"enemies":"2 Louse","floor":1.0,"turns":2.0},{"damage":7.0,"enemies":"Small Slimes","floor":2.0,"turns":3.0},{"damage":0.0,"enemies":"Jaw Worm","floor":4.0,"turns":3.0},{"damage":9.0,"enemies":"3 Sentries","floor":7.0,"turns":6.0},{"damage":0.0,"enemies":"Large Slime","floor":11.0,"turns":4.0},{"damage":12.0,"enemies":"3 Louse","floor":12.0,"turns":3.0},{"damage":0.0,"enemies":"Lagavulin","floor":14.0,"turns":6.0},{"damage":7.0,"enemies":"Slime Boss","floor":16.0,"turns":9.0},{"damage":14.0,"enemies":"Spheric Guardian","floor":18.0,"turns":4.0},{"damage":0.0,"enemies":"Chosen","floor":20.0,"turns":4.0},{"damage":11.0,"enemies":"Snake Plant","floor":21.0,"turns":4.0},{"damage":0.0,"enemies":"Gremlin Leader","floor":24.0,"turns":6.0},{"damage":22.0,"enemies":"Slavers","floor":27.0,"turns":3.0},{"damage":35.0,"enemies":"Gremlin Leader","floor":29.0,"turns":6.0},{"damage":23.0,"enemies":"Slaver and Parasite","floor":30.0,"turns":3.0},{"damage":0.0,"enemies":"Sentry and Sphere","floor":31.0,"turns":3.0},{"damage":24.0,"enemies":"Champ","floor":33.0,"turns":11.0},{"damage":0.0,"enemies":"Orb Walker","floor":35.0,"turns":4.0},{"damage":0.0,"floor":36.0,"turns":3.0},{"damage":34.0,"enemies":"3 Darklings","floor":39.0,"turns":3.0},{"damage":24.0,"enemies":"4 Shapes","floor":41.0,"turns":4.0},{"damage":20,"enemies":"Maw","floor":45,"turns":6}],"seed_played":"1990008642894114935","potions_obtained":[{"floor":2.0,"key":"Block Potion"},{"floor":4.0,"key":"GamblersBrew"},{"floor":7.0,"key":"Swift Potion"},{"floor":10.0,"key":"FocusPotion"},{"floor":10.0,"key":"Fire Potion"}],"is_trial":false,"path_per_floor":["M","M","$","M","?","R","E","R","T","?","M","M","$","E","R","B",null,"M","?","M","M","$","R","E","?","T","E","R","E","M","M","R","B",null,"M","?","?","$","M","R","M","?","T","$"],"character_chosen":"DEFECT","items_purchased":["Mercury Hourglass","Capacitor","Loop"],"campfire_rested":5,"item_purchase_floors":[22,38,44],"current_hp_per_floor":[58,51,51,51,44,44,35,56,56,56,56,44,44,44,65,58,68,54,41,41,30,30,52,52,52,52,30,67,32,9,9,46,22,63,63,63,63,63,29,29,5,5,5,5,0],"gold":149,"neow_bonus":"THREE_CARDS","is_prod":false,"is_daily":false,"chose_seed":false,"campfire_upgraded":1,"win_rate":0,"timestamp":1532808744,"path_taken":["M","M","$","M","?","R","E","R","T","?","M","M","$","E","R","BOSS","M","?","M","M","$","R","E","?","T","E","R","E","M","M","R","BOSS","M","?","?","$","M","R","M","?","T","$","M"],"build_version":"2018-07-26","purchased_purges":2,"victory":false,"max_hp_per_floor":[71,71,71,71,71,71,71,71,71,71,71,71,71,71,71,71,71,71,76,76,76,76,76,76,76,76,76,76,76,76,76,76,76,76,76,76,76,76,76,76,76,76,76,76,76],"card_choices":[{"not_picked":["Blizzard","Go for the Eyes"],"picked":"Ball Lightning","floor":0.0},{"not_picked":["Streamline","Recycle"],"picked":"Conserve Battery","floor":1.0},{"not_picked":["Storm","Barrage"],"picked":"Go for the Eyes","floor":2.0},{"not_picked":["Sweeping Beam","Stack"],"picked":"Cold Snap","floor":4.0},{"not_picked":["Turbo","Undo"],"picked":"Hologram","floor":7.0},{"not_picked":["Cold Snap","Rebound"],"picked":"Compile Driver","floor":11.0},{"not_picked":["Darkness","Hyperbeam"],"picked":"Reinforced Body","floor":12.0},{"not_picked":["Redo","Gash"],"picked":"Barrage","floor":14.0},{"not_picked":["Core Surge","Multi-Cast"],"picked":"Electrodynamics","floor":16.0},{"not_picked":["Barrage","Stack"],"picked":"Steam","floor":18.0},{"not_picked":["Ball Lightning","Leap"],"picked":"Sunder","floor":20.0},{"not_picked":["Reprogram","Steam"],"picked":"Ball Lightning","floor":21.0},{"not_picked":["Stack","Hologram"],"picked":"Conserve Battery","floor":24.0},{"not_picked":["Static Discharge","All For One"],"picked":"Compile Driver","floor":27.0},{"not_picked":["Fusion","Aggregate","Sunder"],"picked":"SKIP","floor":29.0},{"not_picked":["Steam","Conserve Battery"],"picked":"Cold Snap","floor":30.0},{"not_picked":["Lockon+1","Aggregate"],"picked":"Leap","floor":31.0},{"not_picked":["Reboot","Electrodynamics"],"picked":"Seek","floor":33.0},{"not_picked":["Blizzard","Hologram"],"picked":"Stack+1","floor":35.0},{"not_picked":["Hello World","Genetic Algorithm"],"picked":"Cold Snap","floor":36.0},{"not_picked":["Transmutation","Dark Shackles"],"picked":"Trip","floor":37.0},{"not_picked":["Reinforced Body","Scrape"],"picked":"Rebound+1","floor":39.0},{"not_picked":["Hologram+1","Double Energy+1"],"picked":"Reinforced Body+1","floor":41.0}],"player_experience":173311,"relics_obtained":[{"floor":7.0,"key":"Centennial Puzzle"},{"floor":9.0,"key":"DataDisk"},{"floor":14.0,"key":"Juzu Bracelet"},{"floor":24.0,"key":"Mummified Hand"},{"floor":26.0,"key":"Bronze Scales"},{"floor":27.0,"key":"Regal Pillow"},{"floor":29.0,"key":"Lantern"},{"floor":36.0,"key":"Girya"},{"floor":43.0,"key":"Peace Pipe"}],"event_choices":[{"event_name":"Golden Wing","player_choice":"Card Removal","floor":5.0,"damage_taken":0.0},{"event_name":"The Lab","player_choice":"Got Potions","floor":10.0,"damage_taken":0.0},{"event_name":"Forgotten Altar","player_choice":"Shed Blood","floor":19.0,"damage_taken":0.0},{"event_name":"The Mausoleum","player_choice":"Yes","floor":25.0,"damage_taken":0.0},{"event_name":"Mysterious Sphere","player_choice":"Fight","floor":36.0,"damage_taken":0.0},{"event_name":"SensoryStone","player_choice":"Memory 1","floor":37.0,"damage_taken":0.0},{"event_name":"Purifier","player_choice":"One Purge","floor":42.0,"damage_taken":0.0}],"is_beta":false,"boss_relics":[{"not_picked":["Astrolabe","Orrery"],"picked":"Sozu"},{"not_picked":["Cursed Key","Runic Dome"],"picked":"Empty Cage"}],"items_purged_floors":[13,38],"is_endless":false,"potions_floor_spawned":[2,4,7,11,12,18,27,31,33,35,36,41],"killed_by":"Maw","ascension_level":14}