{"gold_per_floor":[116,132,150,163,88,88,107,107,107,107,118,144,69,49,49,49],"floor_reached":16,"playtime":444,"items_purged":["Strike_G"],"score":204,"play_id":"2b36f1a0-b175-44f5-8ed7-bd715eaa251d","local_time":"20190504223954","is_ascension_mode":true,"campfire_choices":[{"data":"Noxious Fumes","floor":6.0,"key":"SMITH"},{"data":"Neutralize","floor":8.0,"key":"SMITH"},{"data":"Dash","floor":10.0,"key":"SMITH"},{"floor":15,"key":"REST"}],"neow_cost":"NONE","seed_source_timestamp":17717412855600,"circlet_count":0,"master_deck":["AscendersBane","Defend_G","Defend_G","Defend_G","Defend_G","Defend_G","Strike_G","Strike_G","Strike_G","Survivor","Neutralize+1","Cloak And Dagger","Dagger Throw","Noxious Fumes+1","Deflect","Dash+1","Regret","Dagger Throw","Bane"],"special_seed":0,"relics":["Cursed Key","Anchor","Bronze Scales"],"potions_floor_usage":[12,12,16],"damage_taken":[{"damage":1.0,"enemies":"Cultist","floor":1.0,"turns":4.0},{"damage":9.0,"enemies":"Jaw Worm","floor":2.0,"turns":5.0},{"damage":0.0,"enemies":"2 Louse","floor":3.0,"turns":3.0},{"damage":5.0,"enemies":"Lots of Slimes","floor":4.0,"turns":6.0},{"damage":0.0,"enemies":"2 Fungi Beasts","floor":7.0,"turns":4.0},{"damage":9.0,"enemies":"Large Slime","floor":11.0,"turns":6.0},{"damage":32,"enemies":"Gremlin Nob","floor":12,"turns":5},{"damage":29,"enemies":"Slime Boss","floor":16,"turns":6}],"seed_played":"8349200749685021615","potions_obtained":[{"floor":2.0,"key":"EssenceOfSteel"},{"floor":7.0,"key":"Weak Potion"},{"floor":12,"key":"Fire Potion"},{"floor":14,"key":"FairyPotion"}],"is_trial":false,"path_per_floor":["M","M","M","M","?","R","M","R","T","R","M","E","$","?","R","B"],"character_chosen":"THE_SILENT","items_purchased":[],"campfire_rested":1,"item_purchase_floors":[],"current_hp_per_floor":[58,49,49,44,44,44,44,44,44,44,35,3,3,3,22,0],"gold":49,"neow_bonus":"BOSS_RELIC","is_prod":false,"is_daily":false,"chose_seed":false,"campfire_upgraded":3,"win_rate":0,"timestamp":1557005994,"path_taken":["M","?","M","M","?","R","M","R","T","R","M","E","$","?","R","BOSS"],"build_version":"2019-01-23","purchased_purges":1,"victory":false,"max_hp_per_floor":[66,66,66,66,66,66,66,66,66,66,66,66,66,66,66,66],"card_choices":[{"not_picked":["Outmaneuver","Sucker Punch"],"picked":"Cloak And Dagger","floor":1.0},{"not_picked":["Poisoned Stab","Flying Knee"],"picked":"Dagger Throw","floor":2.0},{"not_picked":["Blade Dance","Sucker Punch"],"picked":"Noxious Fumes","floor":3.0},{"not_picked":["Prepared","Slice"],"picked":"Deflect","floor":4.0},{"not_picked":["Dodge and Roll","Expertise"],"picked":"Dash","floor":7.0},{"not_picked":["Slice","Outmaneuver"],"picked":"Dagger Throw","floor":11.0},{"not_picked":["Acrobatics","Calculated Gamble"],"picked":"Bane","floor":12}],"player_experience":1336207,"relics_obtained":[{"floor":9.0,"key":"Anchor"},{"floor":12,"key":"Bronze Scales"}],"event_choices":[{"cards_removed":["Strike_G"],"damage_healed":0.0,"max_hp_gain":0.0,"max_hp_loss":0.0,"gold_gain":0.0,"event_name":"The Cleric","player_choice":"Card Removal","floor":5.0,"gold_loss":75.0,"damage_taken":0.0},{"damage_healed":0,"gold_gain":0,"player_choice":"Bought 1 Potion","damage_taken":0,"max_hp_gain":0,"max_hp_loss":0,"event_name":"The Woman in Blue","floor":14,"gold_loss":0}],"is_beta":false,"boss_relics":[],"items_purged_floors":[13],"is_endless":false,"potions_floor_spawned":[2,7,12],"killed_by":"Slime Boss","ascension_level":20}