{"gold_per_floor":[115,115,126,144,155,185,185,213,289,289,289,289,310,289,289,409,409,427,154,167,167,181,181,222,272,272,272,290,311,311,336,336,465,465,490,124,0,0,19,19,32,32,55,55,76,95,16,34,34,34],"floor_reached":50,"playtime":2131,"items_purged":["Strike_G","Strike_G"],"score":640,"play_id":"26a2b86d-b461-4ce6-a184-1e017b63eafb","local_time":"20180814205211","is_ascension_mode":true,"campfire_choices":[{"data":"Neutralize","floor":7.0,"key":"SMITH"},{"data":"Cloak And Dagger","floor":10.0,"key":"SMITH"},{"floor":12.0,"key":"REST"},{"data":"Footwork","floor":15.0,"key":"SMITH"},{"floor":23.0,"key":"REST"},{"data":"Apotheosis","floor":27.0,"key":"SMITH"},{"floor":30.0,"key":"REST"},{"floor":32.0,"key":"REST"},{"floor":40.0,"key":"REST"},{"floor":42.0,"key":"REST"},{"data":"After Image","floor":44.0,"key":"SMITH"},{"floor":49.0,"key":"REST"}],"neow_cost":"","seed_source_timestamp":3281976937619195,"circlet_count":0,"master_deck":["Defend_G","Defend_G","Defend_G","Defend_G","Defend_G","Strike_G","Strike_G","Strike_G","Survivor","Neutralize+1","Backstab","Poisoned Stab","Footwork+1","Cloak And Dagger+1","Dodge and Roll","Predator","Envenom","Noxious Fumes","Apotheosis+1","Dagger Spray+1","Leg Sweep","Riddle With Holes","Quick Slash","Infinite Blades+1","After Image+1","Backflip+1","Accuracy","Madness","Madness","Flying Knee+1","Bullet Time","Caltrops","Cloak And Dagger"],"special_seed":0,"relics":["Ring of the Serpent","Ninja Scroll","The Specimen","Bottled Tornado","Golden Idol","Anchor","Pen Nib","WristBlade","TwistedFunnel","Red Mask","Potion Belt"],"potions_floor_usage":[50,50],"damage_taken":[{"damage":2.0,"enemies":"2 Louse","floor":1.0,"turns":4.0},{"damage":0.0,"enemies":"Small Slimes","floor":3.0,"turns":3.0},{"damage":0.0,"enemies":"Cultist","floor":4.0,"turns":3.0},{"damage":0.0,"enemies":"Large Slime","floor":5.0,"turns":6.0},{"damage":10.0,"enemies":"3 Sentries","floor":6.0,"turns":10.0},{"damage":22.0,"enemies":"Gremlin Nob","floor":8.0,"turns":4.0},{"damage":0.0,"enemies":"Blue Slaver","floor":13.0,"turns":3.0},{"damage":1.0,"enemies":"The Guardian","floor":16.0,"turns":13.0},{"damage":0.0,"enemies":"3 Byrds","floor":18.0,"turns":8.0},{"damage":1.0,"enemies":"Chosen","floor":20.0,"turns":6.0},{"damage":31.0,"enemies":"3 Cultists","floor":22.0,"turns":7.0},{"damage":13.0,"enemies":"Gremlin Leader","floor":24.0,"turns":6.0},{"damage":12.0,"enemies":"Centurion and Healer","floor":28.0,"turns":6.0},{"damage":6.0,"enemies":"Cultist and Chosen","floor":29.0,"turns":7.0},{"damage":14.0,"enemies":"Sentry and Sphere","floor":31.0,"turns":8.0},{"damage":37.0,"enemies":"Champ","floor":33.0,"turns":13.0},{"damage":13.0,"enemies":"Flame Bruiser 1 Orb","floor":35.0,"turns":7.0},{"damage":1.0,"enemies":"Orb Walker","floor":39.0,"turns":3.0},{"damage":18.0,"enemies":"Spire Growth","floor":41.0,"turns":6.0},{"damage":10.0,"enemies":"Sphere and 2 Shapes","floor":45.0,"turns":6.0},{"damage":9.0,"enemies":"Flame Bruiser 2 Orb","floor":46.0,"turns":5.0},{"damage":20.0,"enemies":"Maw","floor":48.0,"turns":8.0},{"damage":45,"enemies":"Time Eater","floor":50,"turns":7}],"seed_played":"2197848729198333523","potions_obtained":[{"floor":1.0,"key":"Regen Potion"},{"floor":3.0,"key":"Strength Potion"},{"floor":5.0,"key":"LiquidBronze"},{"floor":20.0,"key":"Block Potion"},{"floor":28.0,"key":"FearPotion"},{"floor":31.0,"key":"SkillPotion"},{"floor":35.0,"key":"Weak Potion"},{"floor":41.0,"key":"Dexterity Potion"},{"floor":45.0,"key":"Block Potion"}],"is_trial":false,"path_per_floor":["M","?","M","M","M","E","R","E","T","R","?","R","M","?","R","B",null,"M","$","M","?","M","R","E","?","T","R","M","M","R","M","R","B",null,"M","$","?","?","M","R","M","R","T","R","M","M","$","M","R"],"character_chosen":"THE_SILENT","items_purchased":["Apotheosis","TwistedFunnel","Accuracy","Caltrops"],"campfire_rested":7,"item_purchase_floors":[19,36,36,47],"current_hp_per_floor":[61,61,61,61,61,51,51,29,29,29,12,33,33,33,33,32,61,61,61,60,60,29,50,52,52,52,52,40,34,55,41,62,25,59,46,46,46,37,36,57,39,60,60,60,50,41,41,21,42,0],"gold":34,"neow_bonus":"","is_prod":false,"is_daily":false,"chose_seed":false,"campfire_upgraded":5,"win_rate":0,"timestamp":1534294331,"path_taken":["M","?","M","M","M","E","R","E","T","R","?","R","M","?","R","BOSS","M","$","M","?","M","R","E","?","T","R","M","M","R","M","R","BOSS","M","$","?","?","?","R","M","R","T","R","M","M","?","?","R","BOSS"],"build_version":"2018-08-09","purchased_purges":2,"victory":false,"max_hp_per_floor":[70,70,70,70,70,70,70,70,70,70,70,70,70,70,70,70,70,70,70,70,70,70,70,70,70,70,70,70,70,70,70,70,70,70,70,70,70,70,70,70,70,70,70,70,70,70,70,70,70,70],"card_choices":[{"not_picked":["Calculated Gamble","Finisher"],"picked":"Backstab","floor":1.0},{"not_picked":["Underhanded Strike","Expertise"],"picked":"Poisoned Stab","floor":3.0},{"not_picked":["Terror","Deadly Poison"],"picked":"Footwork","floor":4.0},{"not_picked":["A Thousand Cuts","Dagger Spray"],"picked":"Cloak And Dagger","floor":5.0},{"not_picked":["Concentrate","Deflect","Endless Agony"],"picked":"SKIP","floor":6.0},{"not_picked":["Eviscerate","Poisoned Stab"],"picked":"Dodge and Roll","floor":8.0},{"not_picked":["Deflect","Blade Dance"],"picked":"Predator","floor":13.0},{"not_picked":["Grand Finale","Burst"],"picked":"Envenom","floor":16.0},{"not_picked":["Flying Knee+1","Heel Hook"],"picked":"Noxious Fumes","floor":18.0},{"not_picked":["Concentrate+1","Distraction"],"picked":"Dagger Spray+1","floor":20.0},{"not_picked":["Quick Slash","Bane+1"],"picked":"Riddle With Holes","floor":22.0},{"not_picked":["Slice+1","Underhanded Strike+1","All Out Attack"],"picked":"SKIP","floor":24.0},{"not_picked":["Dagger Spray+1","Escape Plan","Acrobatics"],"picked":"SKIP","floor":28.0},{"not_picked":["Quick Slash","Eviscerate","Poisoned Stab"],"picked":"SKIP","floor":29.0},{"not_picked":["Eviscerate","Poisoned Stab"],"picked":"Quick Slash","floor":29.0},{"not_picked":["Predator","Poisoned Stab"],"picked":"Infinite Blades+1","floor":31.0},{"not_picked":["Unload","Burst"],"picked":"After Image","floor":33.0},{"not_picked":["Underhanded Strike+1","Dagger Throw"],"picked":"Backflip+1","floor":35.0},{"not_picked":["Acrobatics","Reflex","Choke"],"picked":"SKIP","floor":39.0},{"not_picked":["Flying Knee","Distraction+1","Endless Agony+1"],"picked":"SKIP","floor":41.0},{"not_picked":["Tactician+1","Deadly Poison+1"],"picked":"Flying Knee+1","floor":45.0},{"not_picked":["Finisher","Acrobatics+1"],"picked":"Bullet Time","floor":46.0},{"not_picked":["Deadly Poison+1","Bane+1"],"picked":"Cloak And Dagger","floor":48.0}],"player_experience":261016,"relics_obtained":[{"floor":6.0,"key":"Ninja Scroll"},{"floor":8.0,"key":"The Specimen"},{"floor":9.0,"key":"Bottled Tornado"},{"floor":24.0,"key":"Anchor"},{"floor":26.0,"key":"Pen Nib"},{"floor":43.0,"key":"Potion Belt"}],"event_choices":[{"event_name":"The Cleric","player_choice":"Leave","floor":2.0,"damage_taken":0.0},{"event_name":"Golden Idol","player_choice":"Take Damage","floor":11.0,"damage_taken":0.0},{"event_name":"World of Goop","player_choice":"Left","floor":14.0,"damage_taken":0.0},{"event_name":"The Library","player_choice":"Read","floor":21.0,"damage_taken":0.0},{"event_name":"The Joust","player_choice":"Bet on Murderer","floor":25.0,"damage_taken":0.0},{"event_name":"Tomb of Lord Red Mask","player_choice":"Paid","floor":37.0,"damage_taken":0.0},{"event_name":"Winding Halls","player_choice":"Embrace Madness","floor":38.0,"damage_taken":0.0}],"is_beta":false,"boss_relics":[{"not_picked":["Lizard Tail","Runic Dome"],"picked":"Ring of the Serpent"},{"not_picked":["Busted Crown","Coffee Dripper"],"picked":"WristBlade"}],"items_purged_floors":[19,36],"is_endless":false,"potions_floor_spawned":[1,3,5,20,28,31,35,41,45],"killed_by":"Time Eater","ascension_level":7}