{"gold_per_floor":[219,238,238,254,266,266,266,41,123,123,123,67,80,95,95,172,172,190,190,51,51,63,63,76,76,76,86,106,106,125,135,135,135],"floor_reached":33,"playtime":1367,"items_purged":[],"score":482,"play_id":"e8dde7e1-e858-4aab-92e5-a163e700ff9a","local_time":"20181006145502","is_ascension_mode":true,"campfire_choices":[{"data":"Zap","floor":6.0,"key":"SMITH"},{"data":"Sweeping Beam","floor":11.0,"key":"SMITH"},{"data":"Hologram","floor":15.0,"key":"SMITH"},{"floor":23.0,"key":"REST"},{"floor":25.0,"key":"REST"},{"floor":29.0,"key":"REST"},{"floor":32,"key":"REST"}],"neow_cost":"NONE","seed_source_timestamp":833381384648919,"circlet_count":0,"master_deck":["Strike_B","Strike_B","Strike_B","Defend_B","Defend_B","Defend_B","Defend_B","Zap+1","Dualcast","AscendersBane","Cold Snap","Sweeping Beam+1","Hologram+1","Glacier","Coolheaded","Echo Form","Go for the Eyes","Coolheaded+1","Ball Lightning","Blizzard","Compile Driver"],"special_seed":0,"relics":["Cracked Core","Lee\u0027s Waffle","Symbiotic Virus","Inserter","Du-Vu Doll"],"potions_floor_usage":[31,33],"damage_taken":[{"damage":0.0,"enemies":"Cultist","floor":1.0,"turns":3.0},{"damage":2.0,"enemies":"Jaw Worm","floor":2.0,"turns":4.0},{"damage":0.0,"enemies":"Small Slimes","floor":4.0,"turns":3.0},{"damage":15.0,"enemies":"3 Louse","floor":5.0,"turns":4.0},{"damage":7.0,"enemies":"2 Fungi Beasts","floor":13.0,"turns":2.0},{"damage":3.0,"enemies":"Red Slaver","floor":14.0,"turns":3.0},{"damage":26.0,"enemies":"The Guardian","floor":16.0,"turns":16.0},{"damage":15.0,"enemies":"Chosen","floor":18.0,"turns":9.0},{"damage":25.0,"enemies":"3 Byrds","floor":22.0,"turns":6.0},{"damage":25.0,"enemies":"Cultist and Chosen","floor":24.0,"turns":7.0},{"damage":16.0,"enemies":"Chosen and Byrds","floor":27.0,"turns":7.0},{"damage":22.0,"enemies":"Centurion and Healer","floor":28.0,"turns":6.0},{"damage":0.0,"enemies":"Snecko","floor":30.0,"turns":6.0},{"damage":4,"enemies":"Snake Plant","floor":31,"turns":5},{"damage":84,"enemies":"Collector","floor":33,"turns":8}],"seed_played":"-2300098004579592044","potions_obtained":[{"floor":1.0,"key":"SteroidPotion"},{"floor":5.0,"key":"Strength Potion"},{"floor":22.0,"key":"AttackPotion"},{"floor":24.0,"key":"Weak Potion"},{"floor":27.0,"key":"GamblersBrew"},{"floor":28.0,"key":"Dexterity Potion"}],"is_trial":false,"path_per_floor":["M","M","?","M","M","R","?","$","T","?","R","$","M","M","R","B",null,"M","?","$","?","M","R","M","R","T","M","M","R","M","M","R"],"character_chosen":"DEFECT","items_purchased":["Lee\u0027s Waffle","Hologram","Regen Potion","Go for the Eyes"],"campfire_rested":4,"item_purchase_floors":[8,12,20,20],"current_hp_per_floor":[64,62,62,62,47,47,40,78,78,78,78,78,71,68,68,42,69,54,54,54,32,22,46,21,45,45,29,7,31,31,27,51,0],"gold":135,"neow_bonus":"HUNDRED_GOLD","is_prod":false,"is_daily":false,"chose_seed":false,"campfire_upgraded":3,"win_rate":0,"timestamp":1538852102,"path_taken":["M","?","?","M","M","R","?","$","T","?","R","?","?","M","R","BOSS","M","?","$","?","M","R","M","R","T","M","M","R","M","M","R","BOSS"],"build_version":"2018-10-04v2","purchased_purges":0,"victory":false,"max_hp_per_floor":[71,71,71,71,71,71,71,78,78,78,78,78,78,78,78,78,78,78,78,78,83,83,83,83,83,83,83,83,83,83,83,83,83],"card_choices":[{"not_picked":["Hello World","Streamline","Barrage"],"picked":"SKIP","floor":1.0},{"not_picked":["Rip and Tear","Conserve Battery"],"picked":"Cold Snap","floor":2.0},{"not_picked":["Stack","Streamline","Chill"],"picked":"SKIP","floor":4.0},{"not_picked":["Fission","Streamline"],"picked":"Sweeping Beam","floor":5.0},{"not_picked":["Skim","Turbo"],"picked":"Glacier","floor":13.0},{"not_picked":["Rebound","Turbo"],"picked":"Coolheaded","floor":14.0},{"not_picked":["Buffer","Meteor Strike"],"picked":"Echo Form","floor":16.0},{"not_picked":["Sweeping Beam","Stack","Chaos"],"picked":"SKIP","floor":18.0},{"not_picked":["Heatsinks+1","Rebound","Sweeping Beam"],"picked":"SKIP","floor":22.0},{"not_picked":["Stack","Chaos"],"picked":"Coolheaded+1","floor":24.0},{"not_picked":["Rebound","Conserve Battery"],"picked":"Ball Lightning","floor":27.0},{"not_picked":["Recycle","Rebound","Gash"],"picked":"SKIP","floor":28.0},{"not_picked":["Hyperbeam","Beam Cell"],"picked":"Blizzard","floor":30.0},{"not_picked":["Force Field","Chill"],"picked":"Compile Driver","floor":31}],"player_experience":364710,"relics_obtained":[{"floor":9.0,"key":"Symbiotic Virus"},{"floor":26.0,"key":"Du-Vu Doll"}],"event_choices":[{"event_name":"Golden Idol","player_choice":"Ignored","floor":3.0,"damage_taken":0.0},{"event_name":"Golden Wing","player_choice":"Card Removal","floor":7.0,"damage_taken":0.0},{"event_name":"Liars Game","player_choice":"disagreed","floor":10.0,"damage_taken":0.0},{"event_name":"Ghosts","player_choice":"Ignored","floor":19.0,"damage_taken":0.0},{"event_name":"Forgotten Altar","player_choice":"Shed Blood","floor":21.0,"damage_taken":0.0}],"is_beta":false,"boss_relics":[{"not_picked":["Philosopher\u0027s Stone","Busted Crown"],"picked":"Inserter"}],"items_purged_floors":[],"is_endless":false,"potions_floor_spawned":[1,5,13,14,22,24,27,28],"killed_by":"Collector","ascension_level":20}