{"gold_per_floor":[111,386,404,422,7,7,38,38,85,118,118,132,150,165,165,261,261,275,275,275,293,148,148,174,174,174,189,189,64,44,79,79,183,183,200,50,65,80,180,180,211,211,211,222,254,266,6,22,22,22],"floor_reached":51,"playtime":2618,"items_purged":["Regret","Pain","Strike_B","Rebound+1"],"score":1280,"play_id":"7012e2c1-4470-41c7-b6bc-1243e752a761","local_time":"20190710175954","is_ascension_mode":true,"campfire_choices":[{"data":"Zap","floor":6,"key":"SMITH"},{"data":"Dualcast","floor":8,"key":"SMITH"},{"floor":15,"key":"REST"},{"data":"Defragment","floor":23,"key":"SMITH"},{"floor":25,"key":"REST"},{"data":"Strike_B","floor":28,"key":"PURGE"},{"data":"Strike_B","floor":32,"key":"PURGE"},{"data":"Defend_B","floor":40,"key":"PURGE"},{"data":"Defend_B","floor":42,"key":"PURGE"},{"data":"Coolheaded","floor":46,"key":"SMITH"},{"data":"Biased Cognition","floor":49,"key":"SMITH"}],"neow_cost":"NONE","seed_source_timestamp":82511931915256,"circlet_count":0,"master_deck":["AscendersBane","Zap+1","Dualcast+1","Reinforced Body","Steam","Gash","All For One","Coolheaded","Biased Cognition+1","Go for the Eyes","White Noise","Defragment+1","Coolheaded+1","Gash+1","Reboot","All For One+1","Beam Cell+1","Gash","Hologram+1","Capacitor"],"relics":["Cracked Core","Boot","PreservedInsect","Anchor","DataDisk","Mango","WarpedTongs","Nuclear Battery","Sundial","Pantograph","Peace Pipe","Bronze Scales","Astrolabe","Bird Faced Urn","Symbiotic Virus","MawBank","ClockworkSouvenir"],"potions_floor_usage":[7,7,24,24,31,33,41,50],"damage_taken":[{"damage":4,"enemies":"2 Louse","floor":1,"turns":4},{"damage":9,"enemies":"Cultist","floor":3,"turns":4},{"damage":8,"enemies":"Jaw Worm","floor":4,"turns":4},{"damage":8,"enemies":"Gremlin Nob","floor":7,"turns":4},{"damage":7,"enemies":"Lagavulin","floor":10,"turns":6},{"damage":8,"enemies":"Gremlin Gang","floor":12,"turns":6},{"damage":0,"enemies":"2 Fungi Beasts","floor":13,"turns":2},{"damage":7,"enemies":"Exordium Wildlife","floor":14,"turns":5},{"damage":14,"enemies":"The Guardian","floor":16,"turns":13},{"damage":11,"enemies":"Shell Parasite","floor":18,"turns":6},{"damage":7,"enemies":"Spheric Guardian","floor":21,"turns":4},{"damage":21,"enemies":"Gremlin Leader","floor":24,"turns":11},{"damage":12,"enemies":"3 Cultists","floor":27,"turns":6},{"damage":1,"enemies":"Book of Stabbing","floor":31,"turns":4},{"damage":7,"enemies":"Collector","floor":33,"turns":9},{"damage":0,"enemies":"3 Darklings","floor":35,"turns":3},{"damage":6,"enemies":"Orb Walker","floor":37,"turns":2},{"damage":0,"enemies":"3 Darklings","floor":38,"turns":7},{"damage":0,"enemies":"Mind Bloom Boss Battle","floor":39,"turns":6},{"damage":0,"enemies":"Reptomancer","floor":41,"turns":6},{"damage":4,"enemies":"4 Shapes","floor":44,"turns":4},{"damage":0,"enemies":"Giant Head","floor":45,"turns":3},{"damage":0,"enemies":"Spire Growth","floor":48,"turns":3},{"damage":0,"enemies":"Awakened One","floor":50,"turns":10}],"seed_played":"6385513267291812105","potions_obtained":[{"floor":1,"key":"SteroidPotion"},{"floor":4,"key":"EssenceOfSteel"},{"floor":13,"key":"Energy Potion"},{"floor":14,"key":"PowerPotion"},{"floor":21,"key":"SkillPotion"},{"floor":24,"key":"Swift Potion"},{"floor":30,"key":"Block Potion"},{"floor":38,"key":"SteroidPotion"},{"floor":39,"key":"Swift Potion"},{"floor":41,"key":"SpeedPotion"}],"is_trial":false,"path_per_floor":["M","?","M","M","$","R","E","R","T","E","?","M","M","M","R","B",null,"M","?","T","M","$","R","E","R","T","M","R","$","?","E","R","B",null,"M","$","M","M","?","R","E","R","T","M","E","R","$","M","R","B",null],"character_chosen":"DEFECT","items_purchased":["PreservedInsect","All For One","Coolheaded","Coolheaded","ClockworkSouvenir","Capacitor"],"campfire_rested":2,"item_purchase_floors":[5,5,5,22,47,47],"current_hp_per_floor":[64,64,55,47,47,47,39,39,39,46,46,38,38,31,57,43,78,67,67,67,60,60,60,39,65,65,53,53,53,53,52,52,70,84,84,84,78,78,89,89,89,89,89,89,89,89,89,89,89,89],"gold":22,"neow_bonus":"RANDOM_COMMON_RELIC","is_prod":false,"is_daily":false,"chose_seed":false,"campfire_upgraded":5,"win_rate":0,"timestamp":1562774394,"path_taken":["M","?","?","M","$","R","E","R","T","E","?","?","M","M","R","BOSS","M","?","?","?","$","R","E","R","T","M","R","$","?","E","R","BOSS","M","$","M","?","?","R","E","R","T","M","E","R","$","M","R","BOSS"],"build_version":"2019-07-05","purchased_purges":4,"victory":true,"max_hp_per_floor":[75,75,75,75,75,75,75,75,75,89,89,89,89,89,89,89,89,89,89,89,89,89,89,89,89,89,89,89,89,89,89,89,89,89,89,89,89,89,89,89,89,89,89,89,89,89,89,89,89,89],"card_choices":[{"not_picked":["Compile Driver","Rebound"],"picked":"Reinforced Body","floor":1},{"not_picked":["Ball Lightning","Sweeping Beam"],"picked":"Steam","floor":3},{"not_picked":["Reinforced Body","Steam"],"picked":"Gash","floor":4},{"not_picked":["Leap","Rip and Tear","Double Energy"],"picked":"SKIP","floor":7},{"not_picked":["Self Repair","Compile Driver"],"picked":"Biased Cognition","floor":10},{"not_picked":["Melter","Leap","Heatsinks"],"picked":"SKIP","floor":12},{"not_picked":["Sweeping Beam","Beam Cell"],"picked":"Go for the Eyes","floor":13},{"not_picked":["Streamline","Doom and Gloom","Lockon"],"picked":"SKIP","floor":14},{"not_picked":["Reprogram","Steam"],"picked":"White Noise","floor":18},{"not_picked":["Hologram","Conserve Battery","Storm"],"picked":"SKIP","floor":21},{"not_picked":["Recycle","Ball Lightning","Cold Snap"],"picked":"SKIP","floor":24},{"not_picked":["Leap","Steam"],"picked":"Gash+1","floor":27},{"not_picked":["Static Discharge+1","Sweeping Beam+1","Ball Lightning"],"picked":"SKIP","floor":31},{"not_picked":["Biased Cognition","Rainbow"],"picked":"Reboot","floor":33},{"not_picked":["Melter+1","Redo","Turbo"],"picked":"SKIP","floor":35},{"not_picked":["Reprogram","Compile Driver","Steam"],"picked":"SKIP","floor":37},{"not_picked":["Tempest+1","Self Repair","Reprogram"],"picked":"SKIP","floor":38},{"not_picked":["Cold Snap","Conserve Battery"],"picked":"Gash","floor":39},{"not_picked":["Compile Driver+1","Heatsinks+1","Ball Lightning"],"picked":"SKIP","floor":41},{"not_picked":["Ball Lightning","Electrodynamics","Go for the Eyes+1"],"picked":"SKIP","floor":44},{"not_picked":["Sunder+1","Turbo+1"],"picked":"Hologram+1","floor":45},{"not_picked":["Redo+1","Heatsinks+1","FTL+1"],"picked":"SKIP","floor":48}],"player_experience":59108,"relics_obtained":[{"floor":7,"key":"Anchor"},{"floor":9,"key":"DataDisk"},{"floor":10,"key":"Mango"},{"floor":20,"key":"Sundial"},{"floor":24,"key":"Pantograph"},{"floor":26,"key":"Peace Pipe"},{"floor":31,"key":"Bronze Scales"},{"floor":39,"key":"Bird Faced Urn"},{"floor":43,"key":"Symbiotic Virus"},{"floor":45,"key":"MawBank"}],"event_choices":[{"damage_healed":0,"gold_gain":275,"player_choice":"Desecrate","damage_taken":0,"max_hp_gain":0,"max_hp_loss":0,"event_name":"Golden Shrine","floor":2,"gold_loss":0,"cards_obtained":["Regret"]},{"damage_healed":0,"gold_gain":0,"player_choice":"Rummage","damage_taken":0,"relics_obtained":["WarpedTongs"],"max_hp_gain":0,"max_hp_loss":0,"event_name":"Accursed Blacksmith","floor":11,"gold_loss":0,"cards_obtained":["Pain"]},{"damage_healed":0,"gold_gain":0,"player_choice":"Read","damage_taken":0,"max_hp_gain":0,"max_hp_loss":0,"event_name":"The Library","floor":19,"gold_loss":0,"cards_obtained":["Defragment"]},{"damage_healed":0,"gold_gain":0,"player_choice":"Bought 1 Potion","damage_taken":0,"max_hp_gain":0,"max_hp_loss":0,"event_name":"The Woman in Blue","floor":30,"gold_loss":0},{"damage_healed":0,"gold_gain":0,"player_choice":"Fight","damage_taken":0,"max_hp_gain":0,"max_hp_loss":0,"event_name":"MindBloom","floor":39,"gold_loss":0}],"is_beta":false,"boss_relics":[{"not_picked":["Philosopher\u0027s Stone","Fusion Hammer"],"picked":"Nuclear Battery"},{"not_picked":["Cursed Key","Black Star"],"picked":"Astrolabe"}],"items_purged_floors":[5,22,29,36],"is_endless":false,"potions_floor_spawned":[1,4,13,14,21,24,38,39,41,45],"ascension_level":10}