{"gold_per_floor":[365,365,45,64,74,74,107,107,134,145,145],"floor_reached":11,"playtime":288,"items_purged":[],"score":146,"play_id":"ceb1c198-10c1-46db-9e82-d3cf5ddd762e","local_time":"20190227025943","is_ascension_mode":true,"campfire_choices":[{"data":"Choke","floor":6.0,"key":"SMITH"}],"neow_cost":"PERCENT_DAMAGE","seed_source_timestamp":94146357985600,"circlet_count":0,"master_deck":["AscendersBane","Defend_G","Defend_G","Defend_G","Defend_G","Defend_G","Strike_G","Strike_G","Strike_G","Strike_G","Survivor","Neutralize","Dodge and Roll","Choke+1","Blade Dance+1","Go for the Eyes","Dual Wield"],"special_seed":0,"relics":["Ring of the Snake","PrismaticShard","Orichalcum"],"potions_floor_usage":[],"damage_taken":[{"damage":3.0,"enemies":"Cultist","floor":1.0,"turns":5.0},{"damage":0.0,"enemies":"2 Louse","floor":4.0,"turns":3.0},{"damage":0.0,"enemies":"Jaw Worm","floor":5.0,"turns":4.0},{"damage":24.0,"enemies":"Gremlin Nob","floor":7.0,"turns":4.0},{"damage":4.0,"enemies":"Blue Slaver","floor":10.0,"turns":5.0},{"damage":15,"enemies":"3 Sentries","floor":11,"turns":4}],"seed_played":"-4069897296431169684","potions_obtained":[{"floor":4.0,"key":"SteroidPotion"},{"floor":5.0,"key":"EntropicBrew"}],"is_trial":false,"path_per_floor":["M","?","$","M","M","R","E","?","T","M","E"],"character_chosen":"THE_SILENT","items_purchased":["PrismaticShard","Choke","Blade Dance"],"campfire_rested":0,"item_purchase_floors":[3,3,3],"current_hp_per_floor":[41,34,34,34,34,34,10,10,10,6,0],"gold":145,"neow_bonus":"TWO_FIFTY_GOLD","is_prod":false,"is_daily":false,"chose_seed":false,"campfire_upgraded":1,"win_rate":0,"timestamp":1551265183,"path_taken":["M","?","$","M","M","R","E","?","T","M","E"],"build_version":"2019-01-23","purchased_purges":0,"victory":false,"max_hp_per_floor":[66,66,66,66,66,66,66,66,66,66,66],"card_choices":[{"not_picked":["Acrobatics","Flechettes"],"picked":"Dodge and Roll","floor":1.0},{"not_picked":["Anger","Heavy Blade","Bane"],"picked":"SKIP","floor":4.0},{"not_picked":["Loop","PanicButton"],"picked":"Go for the Eyes","floor":5.0},{"not_picked":["Flex","Blade Dance","Riddle With Holes"],"picked":"SKIP","floor":7.0},{"not_picked":["Ghostly Armor","Anger"],"picked":"Dual Wield","floor":10.0}],"player_experience":1211674,"relics_obtained":[{"floor":7.0,"key":"Orichalcum"}],"event_choices":[{"cards_removed":["Strike_G"],"damage_healed":0.0,"max_hp_gain":0.0,"max_hp_loss":0.0,"gold_gain":0.0,"event_name":"Golden Wing","player_choice":"Card Removal","floor":2.0,"gold_loss":0.0,"damage_taken":7.0},{"damage_healed":0.0,"max_hp_gain":0.0,"max_hp_loss":0.0,"gold_gain":0.0,"event_name":"Living Wall","player_choice":"Grow","floor":8.0,"gold_loss":0.0,"damage_taken":0.0,"cards_upgraded":["Blade Dance"]}],"is_beta":false,"boss_relics":[],"items_purged_floors":[],"is_endless":false,"potions_floor_spawned":[4,5],"killed_by":"3 Sentries","ascension_level":20}