{"gold_per_floor":[113,61,77,93,109,109,138,52,99,99,113,113],"floor_reached":12,"playtime":331,"items_purged":[],"score":160,"play_id":"62655059-56a6-4eb4-b0a8-3c2834db2e80","local_time":"20190612195520","is_ascension_mode":true,"campfire_choices":[{"floor":6,"key":"REST"}],"neow_cost":"NONE","seed_source_timestamp":4002008610809962,"circlet_count":0,"master_deck":["AscendersBane","Defend_G","Defend_G","Defend_G","Defend_G","Defend_G","Strike_G","Strike_G","Strike_G","Strike_G+1","Survivor","Neutralize+1","A Thousand Cuts","Infinite Blades","Dash","Blade Dance","Predator","Flying Knee","Noxious Fumes","Well Laid Plans"],"relics":["Ring of the Snake","Ornamental Fan","Whetstone"],"potions_floor_usage":[5,5,7,11],"damage_taken":[{"damage":10,"enemies":"2 Louse","floor":1,"turns":4},{"damage":3,"enemies":"Cultist","floor":3,"turns":4},{"damage":1,"enemies":"Small Slimes","floor":4,"turns":5},{"damage":16,"enemies":"Exordium Wildlife","floor":5,"turns":7},{"damage":37,"enemies":"Gremlin Nob","floor":7,"turns":4},{"damage":5,"enemies":"3 Louse","floor":11,"turns":4},{"damage":13,"enemies":"Exordium Thugs","floor":12,"turns":2}],"seed_played":"3625206722507835054","potions_obtained":[{"floor":3,"key":"EntropicBrew"},{"floor":4,"key":"EssenceOfSteel"}],"is_trial":false,"path_per_floor":["M","?","M","M","M","R","E","$","T","?","M","M"],"character_chosen":"THE_SILENT","items_purchased":["Noxious Fumes"],"campfire_rested":1,"item_purchase_floors":[8],"current_hp_per_floor":[49,49,46,45,29,48,11,11,11,11,6,0],"gold":113,"neow_bonus":"ONE_RANDOM_RARE_CARD","is_prod":false,"is_daily":false,"chose_seed":false,"campfire_upgraded":0,"win_rate":0,"timestamp":1560383720,"path_taken":["M","?","M","M","M","R","E","$","T","?","M","M"],"build_version":"2019-01-23","purchased_purges":0,"victory":false,"max_hp_per_floor":[66,66,66,66,66,66,66,66,66,66,66,66],"card_choices":[{"not_picked":["Underhanded Strike","Deadly Poison"],"picked":"Infinite Blades","floor":1},{"not_picked":["Footwork","Flying Knee"],"picked":"Dash","floor":3},{"not_picked":["Sucker Punch","Underhanded Strike"],"picked":"Blade Dance","floor":4},{"not_picked":["Bouncing Flask","Bane"],"picked":"Predator","floor":5},{"not_picked":["Underhanded Strike","Predator"],"picked":"Flying Knee","floor":7},{"not_picked":["Slice","Deadly Poison"],"picked":"Well Laid Plans","floor":11}],"player_experience":732344,"relics_obtained":[{"floor":7,"key":"Ornamental Fan"},{"floor":9,"key":"Whetstone"}],"event_choices":[{"damage_healed":0,"gold_gain":0,"player_choice":"Left Gold","damage_taken":0,"max_hp_gain":0,"max_hp_loss":0,"event_name":"World of Goop","floor":2,"gold_loss":52},{"cards_removed":["Strike_G"],"damage_healed":0,"gold_gain":0,"player_choice":"Purged","damage_taken":0,"max_hp_gain":0,"max_hp_loss":0,"event_name":"Purifier","floor":10,"gold_loss":0}],"is_beta":false,"boss_relics":[],"items_purged_floors":[],"is_endless":false,"potions_floor_spawned":[3,4],"killed_by":"Exordium Thugs","ascension_level":20}