{"gold_per_floor":[17,17,38,38,69,81,117,129,216,153,153,153,168,168,168,291,354,372,372,372,390,410,410,479,495,495,495,513,413,446,33,33,157,157,173,23,0,0,13,13,46,46,73,106,106,140,163,204,204,204],"floor_reached":51,"playtime":3114,"items_purged":["Strike_B","Defend_B","Defend_B","Defend_B"],"score":1489,"play_id":"01b54247-9b67-447d-9843-3d6ca146e7b1","local_time":"20190709015616","is_ascension_mode":true,"campfire_choices":[{"data":"Zap","floor":6.0,"key":"SMITH"},{"data":"Dualcast","floor":8.0,"key":"SMITH"},{"data":"Coolheaded","floor":11.0,"key":"SMITH"},{"data":"Beam Cell","floor":15.0,"key":"SMITH"},{"data":"Biased Cognition","floor":23.0,"key":"SMITH"},{"floor":27.0,"key":"REST"},{"floor":32.0,"key":"REST"},{"data":"Buffer","floor":40.0,"key":"SMITH"},{"data":"Hologram","floor":42.0,"key":"SMITH"},{"data":"Core Surge","floor":45,"key":"SMITH"},{"data":"Gash","floor":49,"key":"SMITH"}],"neow_cost":"NO_GOLD","seed_source_timestamp":0,"circlet_count":0,"master_deck":["Defend_B+1","Zap+1","Dualcast+1","Coolheaded+1","Gash+1","Beam Cell+1","Coolheaded+1","Biased Cognition+1","Hologram+1","Gash+1","Core Surge+1","Buffer+1"],"special_seed":0,"relics":["Cracked Core","Golden Idol","MawBank","Gremlin Horn","Tiny House","Tiny Chest","Matryoshka","Regal Pillow","Ice Cream","Inserter","Red Mask","Meat on the Bone","Cables","Smiling Mask","Pantograph","Happy Flower","Juzu Bracelet"],"potions_floor_usage":[50,50],"damage_taken":[{"damage":1.0,"enemies":"2 Louse","floor":1.0,"turns":3.0},{"damage":2.0,"enemies":"Small Slimes","floor":3.0,"turns":4.0},{"damage":7.0,"enemies":"Jaw Worm","floor":5.0,"turns":3.0},{"damage":0.0,"enemies":"2 Fungi Beasts","floor":7.0,"turns":3.0},{"damage":0.0,"enemies":"Exordium Thugs","floor":13.0,"turns":4.0},{"damage":20.0,"enemies":"Hexaghost","floor":16.0,"turns":12.0},{"damage":13.0,"enemies":"2 Thieves","floor":18.0,"turns":3.0},{"damage":3.0,"enemies":"Chosen","floor":21.0,"turns":3.0},{"damage":0.0,"enemies":"3 Cultists","floor":22.0,"turns":6.0},{"damage":2.0,"enemies":"Book of Stabbing","floor":24.0,"turns":5.0},{"damage":8.0,"enemies":"Centurion and Healer","floor":25.0,"turns":6.0},{"damage":4.0,"enemies":"Cultist and Chosen","floor":28.0,"turns":8.0},{"damage":14.0,"enemies":"Gremlin Leader","floor":30.0,"turns":6.0},{"damage":0.0,"enemies":"Collector","floor":33.0,"turns":6.0},{"damage":16.0,"enemies":"3 Darklings","floor":35.0,"turns":5.0},{"damage":0.0,"enemies":"Orb Walker","floor":39.0,"turns":3.0},{"damage":0.0,"enemies":"Giant Head","floor":41.0,"turns":7.0},{"damage":0,"enemies":"Reptomancer","floor":44,"turns":5},{"damage":1,"enemies":"Nemesis","floor":46,"turns":7},{"damage":0,"enemies":"Transient","floor":47,"turns":5},{"damage":0,"enemies":"Giant Head","floor":48,"turns":7},{"damage":17,"enemies":"Awakened One","floor":50,"turns":8}],"seed_played":"6675276795467314063","potions_obtained":[{"floor":5.0,"key":"Weak Potion"},{"floor":7.0,"key":"PowerPotion"},{"floor":13.0,"key":"Ancient Potion"},{"floor":17.0,"key":"Energy Potion"},{"floor":20.0,"key":"AttackPotion"},{"floor":25.0,"key":"FearPotion"},{"floor":39.0,"key":"Dexterity Potion"},{"floor":41.0,"key":"PowerPotion"}],"is_trial":false,"path_per_floor":["M","?","M","?","M","R","M","R","T","$","R","?","M","?","R","B",null,"M","?","?","M","M","R","E","M","T","R","M","$","E","$","R","B",null,"M","$","?","?","M","R","E","R","T","E","R","E","M","E","R","B",null],"character_chosen":"DEFECT","items_purchased":["Ice Cream"],"campfire_rested":2,"item_purchase_floors":[31],"current_hp_per_floor":[67,67,65,47,40,40,40,40,40,40,40,26,26,26,26,6,58,45,45,45,42,42,42,40,32,32,54,50,50,36,36,73,73,74,58,58,58,58,58,58,58,58,58,58,58,57,57,57,57,57],"gold":204,"neow_bonus":"REMOVE_TWO","is_prod":false,"is_daily":false,"chose_seed":false,"campfire_upgraded":9,"win_rate":0,"timestamp":1562630176,"path_taken":["M","?","M","?","M","R","M","R","T","$","R","?","?","?","R","BOSS","M","?","?","M","?","R","E","M","T","R","M","$","E","$","R","BOSS","M","$","?","?","M","R","E","R","T","E","R","E","?","E","R","BOSS"],"build_version":"2019-07-05","purchased_purges":4,"victory":true,"max_hp_per_floor":[75,69,69,69,69,69,69,69,69,69,69,69,69,69,69,69,74,74,74,74,74,74,74,74,74,74,74,74,74,74,74,74,74,74,74,74,74,74,74,74,74,74,74,74,74,74,74,74,74,74],"card_choices":[{"not_picked":["Redo","Recycle"],"picked":"Coolheaded","floor":1.0},{"not_picked":["Leap","Steam"],"picked":"Gash","floor":3.0},{"not_picked":["Go for the Eyes","Reinforced Body"],"picked":"Beam Cell","floor":5.0},{"not_picked":["Streamline","Auto Shields","Rebound"],"picked":"SKIP","floor":7.0},{"not_picked":["White Noise","Amplify"],"picked":"Coolheaded","floor":13.0},{"not_picked":["Thunder Strike","Creative AI"],"picked":"Biased Cognition","floor":16.0},{"not_picked":["Turbo","Self Repair"],"picked":"Hologram","floor":17.0},{"not_picked":["Auto Shields","Hologram+1","Lockon+1"],"picked":"SKIP","floor":18.0},{"not_picked":["BootSequence+1","Reinforced Body","Hologram+1"],"picked":"SKIP","floor":21.0},{"not_picked":["Heatsinks","Leap","Steam+1"],"picked":"SKIP","floor":22.0},{"not_picked":["Sweeping Beam","Barrage+1"],"picked":"Gash","floor":24.0},{"not_picked":["Sunder","Streamline","Undo+1"],"picked":"SKIP","floor":25.0},{"not_picked":["Coolheaded","Sweeping Beam"],"picked":"Core Surge","floor":28.0},{"not_picked":["Glacier","Conserve Battery","Sweeping Beam"],"picked":"SKIP","floor":30.0},{"not_picked":["Creative AI","Electrodynamics"],"picked":"Buffer","floor":33.0},{"not_picked":["Sweeping Beam","Ball Lightning","Recycle"],"picked":"SKIP","floor":35.0},{"not_picked":["Sweeping Beam","Compile Driver","Double Energy+1"],"picked":"SKIP","floor":39.0},{"not_picked":["Sunder+1","Electrodynamics","Rip and Tear"],"picked":"SKIP","floor":41.0},{"not_picked":["Beam Cell","Recycle","Compile Driver"],"picked":"SKIP","floor":44},{"not_picked":["Conserve Battery+1","Leap","Auto Shields+1"],"picked":"SKIP","floor":46},{"not_picked":["Redo+1","Rebound","Undo+1"],"picked":"SKIP","floor":47},{"not_picked":["Turbo","Leap","Darkness"],"picked":"SKIP","floor":48}],"player_experience":39720,"relics_obtained":[{"floor":9.0,"key":"Gremlin Horn"},{"floor":24.0,"key":"Tiny Chest"},{"floor":26.0,"key":"Matryoshka"},{"floor":30.0,"key":"Regal Pillow"},{"floor":41.0,"key":"Meat on the Bone"},{"floor":43.0,"key":"Cables"},{"floor":43.0,"key":"Smiling Mask"},{"floor":44,"key":"Pantograph"},{"floor":46,"key":"Happy Flower"},{"floor":48,"key":"Juzu Bracelet"}],"event_choices":[{"damage_healed":0.0,"max_hp_gain":0.0,"max_hp_loss":6.0,"gold_gain":0.0,"event_name":"Golden Idol","player_choice":"Lose Max HP","floor":2.0,"gold_loss":0.0,"damage_taken":0.0,"relics_obtained":["Golden Idol"]},{"damage_healed":0.0,"max_hp_gain":0.0,"max_hp_loss":0.0,"gold_gain":0.0,"event_name":"Scrap Ooze","player_choice":"Success","floor":4.0,"gold_loss":0.0,"damage_taken":18.0,"relics_obtained":["MawBank"]},{"damage_healed":0.0,"max_hp_gain":0.0,"max_hp_loss":0.0,"gold_gain":0.0,"event_name":"Shining Light","player_choice":"Entered Light","floor":12.0,"gold_loss":0.0,"damage_taken":14.0,"cards_upgraded":["Defend_B","Gash"]},{"cards_removed":["Strike_B"],"damage_healed":0.0,"max_hp_gain":0.0,"max_hp_loss":0.0,"gold_gain":0.0,"event_name":"Purifier","player_choice":"Purged","floor":14.0,"gold_loss":0.0,"damage_taken":0.0},{"damage_healed":0.0,"max_hp_gain":0.0,"max_hp_loss":0.0,"gold_gain":0.0,"event_name":"Lab","player_choice":"Got Potions","floor":20.0,"gold_loss":0.0,"damage_taken":0.0},{"damage_healed":0.0,"max_hp_gain":0.0,"max_hp_loss":0.0,"gold_gain":0.0,"event_name":"Tomb of Lord Red Mask","player_choice":"Paid","floor":37.0,"gold_loss":23.0,"damage_taken":0.0,"relics_obtained":["Red Mask"]},{"damage_healed":0.0,"max_hp_gain":0.0,"max_hp_loss":0.0,"gold_gain":0.0,"event_name":"Transmorgrifier","player_choice":"Ignored","floor":38.0,"gold_loss":0.0,"damage_taken":0.0}],"is_beta":false,"boss_relics":[{"not_picked":["Fusion Hammer","Nuclear Battery"],"picked":"Tiny House"},{"not_picked":["FrozenCore","Runic Dome"],"picked":"Inserter"}],"items_purged_floors":[10,29,31,36],"is_endless":false,"potions_floor_spawned":[5,7,13,21,25,39,41],"ascension_level":7}