{"gold_per_floor":[110,185,197,197,297,326,18,30,30,62,62,77,77,110,110,183,183,196,50,69,69,29,64,83,99,181,181,200,231,231,249,249,326,326,338,43,43,43,60,60,60,89,89,63,63,75,89,108,108,108],"floor_reached":51,"playtime":2251,"items_purged":["Strike_R"],"score":1313,"play_id":"3fa9ab9c-ceea-491f-bdab-0c7b3477fdeb","local_time":"20190113152155","is_ascension_mode":true,"campfire_choices":[{"data":"Bash","floor":11.0,"key":"SMITH"},{"data":"Whirlwind","floor":13.0,"key":"SMITH"},{"data":"Clothesline","floor":15.0,"key":"SMITH"},{"floor":27.0,"key":"REST"},{"data":"Armaments","floor":30.0,"key":"SMITH"},{"data":"Rampage","floor":32.0,"key":"SMITH"},{"floor":40.0,"key":"REST"},{"data":"Offering","floor":45.0,"key":"SMITH"},{"floor":49.0,"key":"REST"}],"neow_cost":"NONE","seed_source_timestamp":0,"circlet_count":0,"master_deck":["AscendersBane","Strike_R+1","Strike_R","Defend_R","Defend_R+1","Defend_R","Defend_R","Bash+1","Dropkick+1","Perfected Strike","Blood for Blood","Inflame","Feed","Cleave","Evolve","Whirlwind+1","Clothesline+1","Offering+1","Flame Barrier+1","Sword Boomerang","Dropkick+1","Rampage+1","Disarm","Headbutt","Armaments+1","Shrug It Off","Shrug It Off","Clothesline","Juggernaut","Headbutt","Barricade","Perfected Strike","Dropkick","Uppercut"],"special_seed":0,"relics":["Burning Blood","NeowsBlessing","Whetstone","Kunai","Pear","Potion Belt","Snecko Eye","Happy Flower","Self Forming Clay","Question Card","Omamori","Mark of Pain","Vajra","Bronze Scales","Mercury Hourglass","War Paint"],"potions_floor_usage":[50,50],"damage_taken":[{"damage":0.0,"enemies":"2 Louse","floor":1.0,"turns":1.0},{"damage":0.0,"enemies":"Small Slimes","floor":3.0,"turns":1.0},{"damage":0.0,"enemies":"3 Sentries","floor":6.0,"turns":1.0},{"damage":1.0,"enemies":"Cultist","floor":8.0,"turns":3.0},{"damage":0.0,"enemies":"Gremlin Nob","floor":10.0,"turns":2.0},{"damage":15.0,"enemies":"2 Fungi Beasts","floor":12.0,"turns":3.0},{"damage":28.0,"enemies":"Lagavulin","floor":14.0,"turns":6.0},{"damage":71.0,"enemies":"The Guardian","floor":16.0,"turns":11.0},{"damage":8.0,"enemies":"Chosen","floor":18.0,"turns":3.0},{"damage":8.0,"enemies":"Spheric Guardian","floor":20.0,"turns":4.0},{"damage":19.0,"enemies":"Gremlin Leader","floor":23.0,"turns":5.0},{"damage":12.0,"enemies":"3 Cultists","floor":24.0,"turns":3.0},{"damage":19.0,"enemies":"Centurion and Healer","floor":25.0,"turns":8.0},{"damage":7.0,"enemies":"Cultist and Chosen","floor":28.0,"turns":4.0},{"damage":24.0,"enemies":"Book of Stabbing","floor":29.0,"turns":6.0},{"damage":0.0,"enemies":"3 Cultists","floor":31.0,"turns":4.0},{"damage":49.0,"enemies":"Automaton","floor":33.0,"turns":10.0},{"damage":21.0,"enemies":"3 Shapes","floor":35.0,"turns":4.0},{"damage":39.0,"enemies":"3 Darklings","floor":39.0,"turns":4.0},{"damage":52.0,"enemies":"Giant Head","floor":42.0,"turns":7.0},{"damage":3.0,"enemies":"Jaw Worm Horde","floor":46.0,"turns":4.0},{"damage":19.0,"enemies":"Transient","floor":47.0,"turns":5.0},{"damage":30.0,"enemies":"Writhing Mass","floor":48.0,"turns":6.0},{"damage":68,"enemies":"Time Eater","floor":50,"turns":12}],"seed_played":"4838761141813472373","potions_obtained":[{"floor":6.0,"key":"SpeedPotion"},{"floor":8.0,"key":"AttackPotion"},{"floor":12.0,"key":"BloodPotion"},{"floor":14.0,"key":"Weak Potion"},{"floor":25.0,"key":"EssenceOfSteel"},{"floor":28.0,"key":"LiquidBronze"},{"floor":29.0,"key":"Fire Potion"},{"floor":33.0,"key":"Weak Potion"},{"floor":39.0,"key":"Fire Potion"},{"floor":42.0,"key":"Ancient Potion"},{"floor":48.0,"key":"AttackPotion"}],"is_trial":false,"path_per_floor":["M","?","M","?","?","E","$","M","T","E","R","M","R","E","R","B",null,"M","$","M","?","$","E","M","M","T","R","M","E","R","M","R","B",null,"M","$","?","$","M","R","?","E","T","$","R","M","M","M","R","B",null],"character_chosen":"IRONCLAD","items_purchased":["Inflame","Feed","Happy Flower","Rampage","Vajra","Bronze Scales","Perfected Strike"],"campfire_rested":3,"item_purchase_floors":[7,7,19,22,36,36,44],"current_hp_per_floor":[78,67,73,66,66,72,72,77,77,93,93,87,87,74,74,9,74,75,75,76,76,76,66,63,53,53,86,88,70,70,79,79,36,97,82,82,82,82,49,84,113,67,67,67,67,73,60,36,72,10],"gold":108,"neow_bonus":"THREE_ENEMY_KILL","is_prod":false,"is_daily":false,"chose_seed":false,"campfire_upgraded":6,"win_rate":0,"timestamp":1547410915,"path_taken":["M","?","M","?","?","E","$","M","T","E","R","?","R","E","R","BOSS","M","$","M","?","?","E","M","?","T","R","M","E","R","M","R","BOSS","M","$","?","$","?","R","?","E","T","$","R","M","M","M","R","BOSS"],"build_version":"2019-01-10","purchased_purges":1,"victory":true,"max_hp_per_floor":[80,80,80,80,80,80,80,80,80,93,93,96,96,96,96,96,96,99,99,102,102,102,105,108,111,111,111,114,114,114,117,117,117,117,117,117,117,117,117,117,117,117,117,117,117,120,120,120,120,120],"card_choices":[{"not_picked":["Sword Boomerang","Perfected Strike"],"picked":"Dropkick","floor":1.0},{"not_picked":["Rage","Heavy Blade"],"picked":"Perfected Strike","floor":3.0},{"not_picked":["Fire Breathing","Combust"],"picked":"Blood for Blood","floor":6.0},{"not_picked":["Rupture","Combust"],"picked":"Cleave","floor":8.0},{"not_picked":["Infernal Blade","Dark Embrace"],"picked":"Evolve","floor":10.0},{"not_picked":["Havoc","Rupture"],"picked":"Whirlwind","floor":12.0},{"not_picked":["Body Slam","Twin Strike"],"picked":"Clothesline","floor":14.0},{"not_picked":["Barricade","Brutality"],"picked":"Offering","floor":16.0},{"not_picked":["Pommel Strike","Blood for Blood"],"picked":"Flame Barrier","floor":18.0},{"not_picked":["Clash","Armaments"],"picked":"Sword Boomerang","floor":20.0},{"not_picked":["Clash","Intimidate"],"picked":"Disarm","floor":23.0},{"not_picked":["Perfected Strike","Disarm"],"picked":"Headbutt","floor":24.0},{"not_picked":["Shrug It Off","Pommel Strike+1"],"picked":"Armaments","floor":25.0},{"not_picked":["Pommel Strike","Feel No Pain","True Grit"],"picked":"Shrug It Off","floor":28.0},{"not_picked":["Berserk","Cleave","Rage"],"picked":"Shrug It Off","floor":29.0},{"not_picked":["Flex","Clash","Battle Trance"],"picked":"Clothesline","floor":31.0},{"not_picked":["Immolate","Impervious","Fiend Fire"],"picked":"Juggernaut","floor":33.0},{"not_picked":["Heavy Blade+1","Carnage","True Grit","Flex+1"],"picked":"SKIP","floor":35.0},{"not_picked":["Pommel Strike","Heavy Blade","Intimidate","Combust"],"picked":"SKIP","floor":39.0},{"not_picked":["Fiend Fire","Combust","Seeing Red"],"picked":"Barricade","floor":42.0},{"not_picked":["Iron Wave+1","Rage","Twin Strike"],"picked":"Dropkick","floor":46.0},{"not_picked":["Battle Trance+1","Iron Wave+1","Flex"],"picked":"Uppercut","floor":47.0},{"not_picked":["Pommel Strike+1","Thunderclap","Corruption","Evolve"],"picked":"SKIP","floor":48.0}],"player_experience":555242,"relics_obtained":[{"floor":6.0,"key":"Whetstone"},{"floor":9.0,"key":"Kunai"},{"floor":10.0,"key":"Pear"},{"floor":14.0,"key":"Potion Belt"},{"floor":23.0,"key":"Self Forming Clay"},{"floor":26.0,"key":"Question Card"},{"floor":29.0,"key":"Omamori"},{"floor":42.0,"key":"Mercury Hourglass"},{"floor":43.0,"key":"War Paint"}],"event_choices":[{"damage_healed":0.0,"max_hp_gain":0.0,"max_hp_loss":0.0,"gold_gain":75.0,"event_name":"World of Goop","player_choice":"Gather Gold","floor":2.0,"gold_loss":0.0,"damage_taken":11.0},{"cards_removed":["Strike_R"],"damage_healed":0.0,"max_hp_gain":0.0,"max_hp_loss":0.0,"gold_gain":0.0,"event_name":"Golden Wing","player_choice":"Card Removal","floor":4.0,"gold_loss":0.0,"damage_taken":7.0},{"damage_healed":0.0,"max_hp_gain":0.0,"max_hp_loss":0.0,"gold_gain":100.0,"event_name":"Golden Shrine","player_choice":"Pray","floor":5.0,"gold_loss":0.0,"damage_taken":0.0},{"damage_healed":0.0,"max_hp_gain":0.0,"max_hp_loss":0.0,"gold_gain":0.0,"event_name":"Duplicator","player_choice":"Copied","floor":21.0,"gold_loss":0.0,"damage_taken":0.0,"cards_obtained":["Dropkick"]},{"damage_healed":0.0,"max_hp_gain":0.0,"max_hp_loss":0.0,"gold_gain":0.0,"cards_transformed":["Strike_R"],"event_name":"Transmorgrifier","player_choice":"Transformed","floor":37.0,"gold_loss":0.0,"damage_taken":0.0,"cards_obtained":["Headbutt"]},{"damage_healed":29.0,"max_hp_gain":0.0,"max_hp_loss":0.0,"gold_gain":0.0,"event_name":"Winding Halls","player_choice":"Writhe","floor":41.0,"gold_loss":0.0,"damage_taken":0.0,"cards_obtained":["Writhe"]}],"is_beta":false,"boss_relics":[{"not_picked":["Pandora\u0027s Box","Empty Cage"],"picked":"Snecko Eye"},{"not_picked":["Velvet Choker","Cursed Key"],"picked":"Mark of Pain"}],"items_purged_floors":[7],"is_endless":false,"potions_floor_spawned":[6,8,12,14,25,28,29,33,39,42,48],"ascension_level":13}