{"gold_per_floor":[112,53,72,88,103,129,129,157,236,251,251,301,335,354,354,431,431],"floor_reached":17,"playtime":532,"items_purged":[],"score":354,"play_id":"cf6009e0-8391-45c1-bbe1-a910d080458c","local_time":"20190615221715","is_ascension_mode":true,"campfire_choices":[{"floor":7,"key":"REST"},{"floor":11,"key":"REST"},{"floor":15,"key":"REST"}],"neow_cost":"NONE","seed_source_timestamp":135560664735400,"circlet_count":0,"master_deck":["AscendersBane","Defend_G","Defend_G","Defend_G","Defend_G","Defend_G","Strike_G","Strike_G","Strike_G","Strike_G","Strike_G","Survivor","Neutralize","Backflip","Endless Agony","Choke","Deadly Poison","Heel Hook","Blade Dance","Noxious Fumes","Night Terror","Blur","Wraith Form v2"],"relics":["Fusion Hammer","Ice Cream","Turnip","Bag of Preparation","Bottled Flame","Dodecahedron"],"potions_floor_usage":[14,14],"damage_taken":[{"damage":0,"enemies":"2 Louse","floor":1,"turns":4},{"damage":1,"enemies":"Cultist","floor":3,"turns":4},{"damage":0,"enemies":"Small Slimes","floor":4,"turns":3},{"damage":0,"enemies":"Exordium Thugs","floor":5,"turns":4},{"damage":26,"enemies":"Gremlin Nob","floor":6,"turns":4},{"damage":18,"enemies":"Lagavulin","floor":8,"turns":8},{"damage":13,"enemies":"3 Louse","floor":10,"turns":3},{"damage":10,"enemies":"3 Sentries","floor":13,"turns":8},{"damage":0,"enemies":"Gremlin Gang","floor":14,"turns":1},{"damage":21,"enemies":"The Guardian","floor":16,"turns":11}],"seed_played":"-3292180109602050509","potions_obtained":[{"floor":3,"key":"Dexterity Potion"},{"floor":8,"key":"AttackPotion"},{"floor":14,"key":"Fruit Juice"},{"floor":16,"key":"Regen Potion"}],"is_trial":false,"path_per_floor":["M","?","M","M","M","E","R","E","T","M","R","?","E","M","R","B",null],"character_chosen":"THE_SILENT","items_purchased":[],"campfire_rested":3,"item_purchase_floors":[],"current_hp_per_floor":[59,59,58,58,58,32,51,33,33,20,39,39,29,34,55,34,34],"gold":431,"neow_bonus":"BOSS_RELIC","is_prod":false,"is_daily":false,"chose_seed":false,"campfire_upgraded":0,"win_rate":0,"timestamp":1560633435,"path_taken":["M","?","M","?","M","E","R","E","T","M","R","?","E","M","R","BOSS"],"build_version":"2019-01-23","purchased_purges":0,"victory":false,"max_hp_per_floor":[66,66,66,66,66,66,66,66,66,66,66,66,66,71,71,71,71],"card_choices":[{"not_picked":["Acrobatics","Flying Knee"],"picked":"Backflip","floor":1},{"not_picked":["Prepared","Outmaneuver"],"picked":"Endless Agony","floor":3},{"not_picked":["Dagger Throw","Infinite Blades"],"picked":"Choke","floor":4},{"not_picked":["Backstab","Endless Agony"],"picked":"Deadly Poison","floor":5},{"not_picked":["All Out Attack","Dagger Throw"],"picked":"Heel Hook","floor":6},{"not_picked":["Prepared","Slice"],"picked":"Blade Dance","floor":8},{"not_picked":["Finisher","Dagger Spray"],"picked":"Noxious Fumes","floor":10},{"not_picked":["Sucker Punch","Underhanded Strike"],"picked":"Night Terror","floor":13},{"not_picked":["Prepared","Bane"],"picked":"Blur","floor":14},{"not_picked":["Malaise","Grand Finale"],"picked":"Wraith Form v2","floor":16}],"player_experience":1461777,"relics_obtained":[{"floor":6,"key":"Turnip"},{"floor":8,"key":"Bag of Preparation"},{"floor":9,"key":"Bottled Flame"},{"floor":13,"key":"Dodecahedron"}],"event_choices":[{"damage_healed":0,"gold_gain":0,"player_choice":"Paid Gold","damage_taken":0,"relics_obtained":["Ice Cream"],"max_hp_gain":0,"max_hp_loss":0,"event_name":"WeMeetAgain","floor":2,"gold_loss":59},{"damage_healed":0,"gold_gain":50,"player_choice":"Pray","damage_taken":0,"max_hp_gain":0,"max_hp_loss":0,"event_name":"Golden Shrine","floor":12,"gold_loss":0}],"is_beta":false,"boss_relics":[],"items_purged_floors":[],"is_endless":false,"potions_floor_spawned":[3,8,13,14,16],"ascension_level":20}