{"gold_per_floor":[109,125,140,140,140,176,176,176,176,211,211,250,48,66,66,164,164,188,4,4,4,19,19,19],"floor_reached":24,"playtime":750,"items_purged":[],"score":424,"play_id":"e2beab46-5cae-4af3-81e7-b8e545c7dee0","local_time":"20190704172415","is_ascension_mode":true,"campfire_choices":[{"data":"Neutralize","floor":7.0,"key":"SMITH"},{"floor":11.0,"key":"REST"},{"floor":15.0,"key":"REST"},{"data":"Apotheosis","floor":23,"key":"SMITH"}],"neow_cost":"NONE","seed_source_timestamp":5892870505148940,"circlet_count":0,"master_deck":["AscendersBane","Strike_G","Strike_G","Strike_G","Strike_G","Strike_G","Defend_G","Defend_G","Defend_G","Defend_G","Defend_G","Survivor","Neutralize+1","Cloak And Dagger","Bouncing Flask+1","Quick Slash","Poisoned Stab","Crippling Poison","After Image","Footwork","Bane","Malaise","PiercingWail","Apotheosis+1","Ghostly","Ghostly","Ghostly"],"special_seed":0,"relics":["Ring of the Snake","NeowsBlessing","Golden Idol","Dodecahedron","Happy Flower","Dead Branch","Centennial Puzzle","Vajra","Runic Pyramid","MutagenicStrength"],"potions_floor_usage":[16],"damage_taken":[{"damage":0.0,"enemies":"Cultist","floor":1.0,"turns":1.0},{"damage":0.0,"enemies":"2 Louse","floor":2.0,"turns":1.0},{"damage":0.0,"enemies":"Jaw Worm","floor":3.0,"turns":1.0},{"damage":33.0,"enemies":"Lagavulin","floor":6.0,"turns":7.0},{"damage":11.0,"enemies":"Gremlin Nob","floor":10.0,"turns":3.0},{"damage":12.0,"enemies":"Lagavulin","floor":12.0,"turns":6.0},{"damage":0.0,"enemies":"Looter","floor":14.0,"turns":3.0},{"damage":15,"enemies":"Slime Boss","floor":16,"turns":8},{"damage":15,"enemies":"3 Byrds","floor":18,"turns":7},{"damage":0,"enemies":"Chosen","floor":22,"turns":6},{"damage":32,"enemies":"Slavers","floor":24,"turns":3}],"seed_played":"-1399145448833854395","potions_obtained":[{"floor":1.0,"key":"SkillPotion"},{"floor":12.0,"key":"Strength Potion"},{"floor":18,"key":"Regen Potion"}],"is_trial":false,"path_per_floor":["M","M","M","?","?","E","R","?","T","E","R","E","$","M","R","B",null,"M","$","?","?","M","R","E"],"character_chosen":"THE_SILENT","items_purchased":["Footwork","Vajra","Apotheosis"],"campfire_rested":2,"item_purchase_floors":[13,13,19],"current_hp_per_floor":[59,59,59,59,59,26,26,26,26,15,33,21,21,21,39,24,51,36,36,36,30,30,30,0],"gold":19,"neow_bonus":"THREE_ENEMY_KILL","is_prod":false,"is_daily":false,"chose_seed":false,"campfire_upgraded":2,"win_rate":0,"timestamp":1562275455,"path_taken":["M","?","M","?","?","E","R","?","T","E","R","E","$","M","R","BOSS","M","$","?","?","M","R","E"],"build_version":"2019-07-01","purchased_purges":0,"victory":false,"max_hp_per_floor":[66,66,66,66,60,60,60,60,60,60,60,60,60,60,60,60,60,60,60,60,30,30,30,30],"card_choices":[{"not_picked":["Accuracy","Expertise"],"picked":"Cloak And Dagger","floor":1.0},{"not_picked":["Concentrate","Flechettes"],"picked":"Bouncing Flask","floor":2.0},{"not_picked":["Bane","Dodge and Roll"],"picked":"Quick Slash","floor":3.0},{"not_picked":["Quick Slash","Heel Hook"],"picked":"Poisoned Stab","floor":6.0},{"not_picked":["Tactician","Reflex"],"picked":"Crippling Poison","floor":10.0},{"not_picked":["Crippling Poison","Sucker Punch"],"picked":"After Image","floor":12.0},{"not_picked":["Bouncing Flask","Deadly Poison"],"picked":"Bane","floor":14.0},{"not_picked":["Bullet Time","Die Die Die"],"picked":"Malaise","floor":16},{"not_picked":["Underhanded Strike","Distraction"],"picked":"PiercingWail","floor":18},{"not_picked":["Poisoned Stab+1","Reflex","Flechettes"],"picked":"SKIP","floor":22}],"player_experience":860890,"relics_obtained":[{"floor":6.0,"key":"Dodecahedron"},{"floor":9.0,"key":"Happy Flower"},{"floor":10.0,"key":"Dead Branch"},{"floor":12.0,"key":"Centennial Puzzle"}],"event_choices":[{"damage_healed":0.0,"max_hp_gain":0.0,"max_hp_loss":0.0,"gold_gain":0.0,"event_name":"Scrap Ooze","player_choice":"Fled","floor":4.0,"gold_loss":0.0,"damage_taken":0.0},{"damage_healed":0.0,"max_hp_gain":0.0,"max_hp_loss":6.0,"gold_gain":0.0,"event_name":"Golden Idol","player_choice":"Lose Max HP","floor":5.0,"gold_loss":0.0,"damage_taken":0.0,"relics_obtained":["Golden Idol"]},{"damage_healed":0.0,"max_hp_gain":0.0,"max_hp_loss":0.0,"gold_gain":0.0,"event_name":"Accursed Blacksmith","player_choice":"Forge","floor":8.0,"gold_loss":0.0,"damage_taken":0.0,"cards_upgraded":["Bouncing Flask"]},{"damage_healed":0,"gold_gain":0,"player_choice":"Inject Mutagens","damage_taken":0,"relics_obtained":["MutagenicStrength"],"max_hp_gain":0,"max_hp_loss":0,"event_name":"Drug Dealer","floor":20,"gold_loss":0},{"damage_healed":0,"gold_gain":0,"player_choice":"Became a Ghost","damage_taken":0,"max_hp_gain":0,"max_hp_loss":30,"event_name":"Ghosts","floor":21,"gold_loss":0,"cards_obtained":["Ghostly","Ghostly","Ghostly"]}],"is_beta":false,"boss_relics":[{"not_picked":["Ring of the Serpent","Busted Crown"],"picked":"Runic Pyramid"}],"items_purged_floors":[],"is_endless":false,"potions_floor_spawned":[1,12,18],"killed_by":"Slavers","ascension_level":20}