{"gold_per_floor":[112,112,112,112,125,154,154,188,188,200,230,230,243,80,80,159,159,176,187,197,197,197,197,212,48,48,48,67,67,81,99,99,99],"floor_reached":33,"playtime":1120,"items_purged":["Strike_B"],"score":609,"play_id":"71cdd43e-04cc-4567-9010-2e4278bc1d66","local_time":"20181109190726","is_ascension_mode":true,"campfire_choices":[{"data":"Zap","floor":7,"key":"SMITH"},{"data":"Dualcast","floor":12,"key":"SMITH"},{"data":"Loop","floor":15,"key":"SMITH"},{"floor":23,"key":"REST"},{"floor":27,"key":"REST"},{"data":"Echo Form","floor":29,"key":"SMITH"},{"data":"Go for the Eyes","floor":32,"key":"SMITH"}],"neow_cost":"NONE","seed_source_timestamp":87877843396068,"circlet_count":0,"master_deck":["AscendersBane","Strike_B+1","Strike_B+1","Strike_B+1","Defend_B","Defend_B","Defend_B","Defend_B","Zap+1","Dualcast+1","Cold Snap+1","Ball Lightning","Glacier","Ball Lightning","Loop+1","Capacitor","Echo Form+1","Barrage","Hello World","Ball Lightning","Ball Lightning","Go for the Eyes+1","Sweeping Beam+1"],"relics":["Cracked Core","NeowsBlessing","Bag of Preparation","Pantograph","Whetstone","Omamori","Meat on the Bone","Snecko Eye","Necronomicon","Oddly Smooth Stone","Ornamental Fan"],"potions_floor_usage":[8,11,16,19,24,28,33],"damage_taken":[{"damage":0,"enemies":"Small Slimes","floor":1,"turns":1},{"damage":0,"enemies":"2 Louse","floor":5,"turns":1},{"damage":0,"enemies":"Gremlin Nob","floor":6,"turns":1},{"damage":16,"enemies":"Lagavulin","floor":8,"turns":5},{"damage":0,"enemies":"Jaw Worm","floor":10,"turns":2},{"damage":4,"enemies":"Gremlin Nob","floor":11,"turns":3},{"damage":0,"enemies":"Exordium Thugs","floor":13,"turns":3},{"damage":10,"enemies":"The Guardian","floor":16,"turns":8},{"damage":16,"enemies":"2 Thieves","floor":18,"turns":4},{"damage":0,"enemies":"Spheric Guardian","floor":19,"turns":3},{"damage":37,"enemies":"3 Cultists","floor":20,"turns":6},{"damage":20,"enemies":"Sentry and Sphere","floor":24,"turns":5},{"damage":4,"enemies":"Cultist and Chosen","floor":28,"turns":5},{"damage":3,"enemies":"Centurion and Healer","floor":30,"turns":5},{"damage":5,"enemies":"Sentry and Sphere","floor":31,"turns":4},{"damage":71,"enemies":"Automaton","floor":33,"turns":8}],"seed_played":"7015657091991045469","potions_obtained":[{"floor":1,"key":"PowerPotion"},{"floor":6,"key":"Ancient Potion"},{"floor":8,"key":"Weak Potion"},{"floor":13,"key":"PowerPotion"},{"floor":16,"key":"Fire Potion"},{"floor":24,"key":"SkillPotion"},{"floor":28,"key":"Swift Potion"},{"floor":31,"key":"Weak Potion"}],"is_trial":false,"path_per_floor":["M","?","?","T","M","E","R","E","T","M","E","R","M","$","R","B",null,"M","M","M","?","?","R","M","$","T","R","M","R","M","M","R","B"],"character_chosen":"DEFECT","items_purchased":["Capacitor","Oddly Smooth Stone"],"campfire_rested":2,"item_purchase_floors":[14,25],"current_hp_per_floor":[64,43,48,48,48,48,48,32,32,32,28,28,40,40,40,55,71,55,55,30,30,9,31,23,23,23,45,41,41,50,45,45,0],"gold":99,"neow_bonus":"THREE_ENEMY_KILL","is_prod":false,"is_daily":false,"chose_seed":false,"campfire_upgraded":5,"win_rate":0,"timestamp":1541808446,"path_taken":["M","?","?","?","M","E","R","E","T","M","E","R","M","$","R","BOSS","M","M","M","?","?","R","M","$","T","R","M","R","M","M","R","BOSS"],"build_version":"2018-11-08","purchased_purges":1,"victory":false,"max_hp_per_floor":[71,71,76,76,76,76,76,76,76,76,76,76,76,76,76,76,76,76,76,76,76,76,76,76,76,76,76,76,76,76,76,76,76],"card_choices":[{"not_picked":["Steam Power","Beam Cell","Gash"],"picked":"SKIP","floor":1},{"not_picked":["Turbo","Lockon"],"picked":"Cold Snap","floor":5},{"not_picked":["Buffer","Sweeping Beam"],"picked":"Ball Lightning","floor":6},{"not_picked":["Barrage","Coolheaded"],"picked":"Glacier","floor":8},{"not_picked":["Stack","Sunder"],"picked":"Ball Lightning","floor":10},{"not_picked":["Redo","Darkness","Stack"],"picked":"SKIP","floor":11},{"not_picked":["Rebound","Scrape"],"picked":"Loop","floor":13},{"not_picked":["Amplify","Rainbow"],"picked":"Echo Form","floor":16},{"not_picked":["BootSequence","Chaos"],"picked":"Barrage","floor":18},{"not_picked":["BootSequence","Stack"],"picked":"Hello World","floor":19},{"not_picked":["Genetic Algorithm+1","Glacier"],"picked":"Ball Lightning","floor":20},{"not_picked":["Rip and Tear","Consume","Aggregate"],"picked":"SKIP","floor":24},{"not_picked":["Barrage","Heatsinks"],"picked":"Ball Lightning","floor":28},{"not_picked":["Beam Cell+1","Stack"],"picked":"Go for the Eyes","floor":30},{"not_picked":["Chill","Coolheaded"],"picked":"Sweeping Beam+1","floor":31}],"player_experience":411019,"relics_obtained":[{"floor":4,"key":"Bag of Preparation"},{"floor":6,"key":"Pantograph"},{"floor":8,"key":"Whetstone"},{"floor":9,"key":"Omamori"},{"floor":11,"key":"Meat on the Bone"},{"floor":22,"key":"Necronomicon"},{"floor":26,"key":"Ornamental Fan"}],"event_choices":[{"damage_healed":0,"gold_gain":0,"player_choice":"Entered Light","damage_taken":21,"max_hp_gain":0,"max_hp_loss":0,"event_name":"Shining Light","floor":2,"gold_loss":0,"cards_upgraded":["Strike_B","Strike_B"]},{"damage_healed":0,"gold_gain":0,"player_choice":"Donut","damage_taken":0,"max_hp_gain":5,"max_hp_loss":0,"event_name":"Big Fish","floor":3,"gold_loss":0},{"damage_healed":0,"gold_gain":0,"player_choice":"Ignored","damage_taken":0,"max_hp_gain":0,"max_hp_loss":0,"event_name":"Ghosts","floor":21,"gold_loss":0},{"damage_healed":0,"gold_gain":0,"player_choice":"Obtained Book","damage_taken":21,"max_hp_gain":0,"max_hp_loss":0,"event_name":"Cursed Tome","floor":22,"gold_loss":0}],"is_beta":false,"boss_relics":[{"not_picked":["Philosopher\u0027s Stone","Busted Crown"],"picked":"Snecko Eye"}],"items_purged_floors":[14],"is_endless":false,"potions_floor_spawned":[1,6,8,13,16,24,28,31],"killed_by":"Automaton","ascension_level":20}