{"gold_per_floor":[119,61,61,61,77,77,106,106,106,140,155,155,155,169,169,240,240,258,36,47,47],"floor_reached":21,"playtime":782,"items_purged":[],"score":424,"play_id":"6bd5a4b2-b61b-47bc-b5c6-149eda042911","local_time":"20190317161711","is_ascension_mode":true,"campfire_choices":[{"data":"Zap","floor":6.0,"key":"SMITH"},{"data":"Sweeping Beam","floor":13.0,"key":"SMITH"},{"data":"Go for the Eyes","floor":15.0,"key":"SMITH"}],"neow_cost":"NONE","seed_source_timestamp":7437949935270479,"circlet_count":0,"master_deck":["AscendersBane","Strike_B","Defend_B","Defend_B","Defend_B","Defend_B","Zap+1","Dualcast","Leap","Cold Snap","Cold Snap","Auto Shields","Sweeping Beam+1","Go for the Eyes+1","Biased Cognition","Undo+1","Chill+1","Reboot+1","Hologram","Defragment","Loop","Coolheaded"],"special_seed":0,"relics":["Cracked Core","NeowsBlessing","Dream Catcher","The Courier","Strawberry","Astrolabe","Happy Flower"],"potions_floor_usage":[20],"damage_taken":[{"damage":0.0,"enemies":"Small Slimes","floor":1.0,"turns":1.0},{"damage":0.0,"enemies":"2 Louse","floor":5.0,"turns":1.0},{"damage":0.0,"enemies":"3 Sentries","floor":7.0,"turns":1.0},{"damage":11.0,"enemies":"Lagavulin","floor":10.0,"turns":6.0},{"damage":0.0,"enemies":"Cultist","floor":11.0,"turns":3.0},{"damage":1.0,"enemies":"3 Louse","floor":14.0,"turns":4.0},{"damage":49.0,"enemies":"Slime Boss","floor":16.0,"turns":11.0},{"damage":7,"enemies":"Spheric Guardian","floor":18,"turns":6},{"damage":24,"enemies":"3 Byrds","floor":20,"turns":7},{"damage":15,"enemies":"Colosseum Slavers","floor":21,"turns":6},{"damage":53,"enemies":"Colosseum Nobs","floor":21,"turns":6}],"seed_played":"-5167997054674829558","potions_obtained":[{"floor":1.0,"key":"Strength Potion"},{"floor":5.0,"key":"Swift Potion"},{"floor":10.0,"key":"FocusPotion"},{"floor":12.0,"key":"Regen Potion"},{"floor":18,"key":"Regen Potion"}],"is_trial":false,"path_per_floor":["M","$","?","?","M","R","E","?","T","E","M","?","R","M","R","B",null,"M","$","M","?"],"character_chosen":"DEFECT","items_purchased":["Cold Snap","Defragment","Happy Flower","Loop"],"campfire_rested":0,"item_purchase_floors":[2,19,19,19],"current_hp_per_floor":[64,64,64,64,64,64,64,69,69,65,65,65,65,64,64,30,70,63,63,48,0],"gold":47,"neow_bonus":"THREE_ENEMY_KILL","is_prod":false,"is_daily":false,"chose_seed":false,"campfire_upgraded":3,"win_rate":0,"timestamp":1552853831,"path_taken":["M","$","?","?","M","R","E","?","T","E","M","?","R","?","R","BOSS","M","$","M","?"],"build_version":"2019-01-23","purchased_purges":0,"victory":false,"max_hp_per_floor":[71,71,71,71,71,71,71,76,76,83,83,83,83,83,83,83,83,83,83,83,83],"card_choices":[{"not_picked":["Turbo","Compile Driver"],"picked":"Leap","floor":1.0},{"not_picked":["Undo","Streamline"],"picked":"Cold Snap","floor":5.0},{"not_picked":["Recycle","Fusion"],"picked":"Auto Shields","floor":7.0},{"not_picked":["Consume","Stack","Auto Shields"],"picked":"SKIP","floor":10.0},{"not_picked":["Fusion","Steam"],"picked":"Sweeping Beam","floor":11.0},{"not_picked":["Reinforced Body","Steam Power"],"picked":"Go for the Eyes","floor":14.0},{"not_picked":["All For One","Seek"],"picked":"Biased Cognition","floor":16.0},{"not_picked":["Scrape","Barrage"],"picked":"Hologram","floor":18},{"not_picked":["Steam Power","Heatsinks"],"picked":"Coolheaded","floor":20}],"player_experience":590846,"relics_obtained":[{"floor":7.0,"key":"Dream Catcher"},{"floor":9.0,"key":"The Courier"},{"floor":10.0,"key":"Strawberry"}],"event_choices":[{"damage_healed":0.0,"max_hp_gain":0.0,"max_hp_loss":0.0,"gold_gain":0.0,"event_name":"The Cleric","player_choice":"Leave","floor":3.0,"gold_loss":0.0,"damage_taken":0.0},{"damage_healed":0.0,"max_hp_gain":0.0,"max_hp_loss":0.0,"gold_gain":0.0,"event_name":"Liars Game","player_choice":"Ignored","floor":4.0,"gold_loss":0.0,"damage_taken":0.0},{"damage_healed":0.0,"max_hp_gain":5.0,"max_hp_loss":0.0,"gold_gain":0.0,"event_name":"Big Fish","player_choice":"Donut","floor":8.0,"gold_loss":0.0,"damage_taken":0.0},{"damage_healed":0.0,"max_hp_gain":0.0,"max_hp_loss":0.0,"gold_gain":0.0,"event_name":"Lab","player_choice":"Got Potions","floor":12.0,"gold_loss":0.0,"damage_taken":0.0},{"damage_healed":0,"gold_gain":0,"player_choice":"Fight","damage_taken":0,"max_hp_gain":0,"max_hp_loss":0,"event_name":"Colosseum","floor":21,"gold_loss":0},{"damage_healed":0,"gold_gain":0,"player_choice":"Fought Nobs","damage_taken":0,"max_hp_gain":0,"max_hp_loss":0,"event_name":"Colosseum","floor":21,"gold_loss":0}],"is_beta":false,"boss_relics":[{"not_picked":["Calling Bell","Pandora\u0027s Box"],"picked":"Astrolabe"}],"items_purged_floors":[],"is_endless":false,"potions_floor_spawned":[1,5,7,10,18,21],"killed_by":"Colosseum Nobs","ascension_level":20}