{"gold_per_floor":[110,126,143,143,162,162,193,193,239,255,23,57,57,90,90,164,164,176,76,376,170,170,195,195,220,220,220],"floor_reached":27,"playtime":861,"items_purged":["Strike_R","Strike_R","Writhe"],"score":534,"play_id":"fadc212f-55c3-4867-be19-23252af75be1","local_time":"20190612110608","is_ascension_mode":true,"campfire_choices":[{"data":"Bash","floor":6.0,"key":"SMITH"},{"floor":8.0,"key":"REST"},{"data":"Fiend Fire","floor":15.0,"key":"SMITH"},{"floor":24.0,"key":"REST"}],"neow_cost":"NONE","seed_source_timestamp":6874001975000,"circlet_count":0,"master_deck":["AscendersBane","Strike_R+1","Strike_R+1","Defend_R","Defend_R","Defend_R","Defend_R","Bash+1","Twin Strike","Shrug It Off","Headbutt","Inflame","Fiend Fire+1","Pommel Strike","Ghostly Armor","Demon Form","Sword Boomerang","Inflame","J.A.X.","Pommel Strike","Havoc+1"],"special_seed":0,"relics":["Burning Blood","Whetstone","Gremlin Horn","Potion Belt","PreservedInsect","Orichalcum","Boot","Black Star","Old Coin","Smiling Mask","Bottled Tornado","Turnip","Blood Vial","Peace Pipe"],"potions_floor_usage":[],"damage_taken":[{"damage":3.0,"enemies":"2 Louse","floor":1.0,"turns":4.0},{"damage":15.0,"enemies":"Small Slimes","floor":2.0,"turns":3.0},{"damage":0.0,"enemies":"Cultist","floor":3.0,"turns":2.0},{"damage":21.0,"enemies":"Lots of Slimes","floor":5.0,"turns":6.0},{"damage":30.0,"enemies":"Lagavulin","floor":7.0,"turns":6.0},{"damage":7.0,"enemies":"3 Louse","floor":10.0,"turns":3.0},{"damage":12.0,"enemies":"3 Sentries","floor":12.0,"turns":5.0},{"damage":2.0,"enemies":"Gremlin Nob","floor":14.0,"turns":3.0},{"damage":27.0,"enemies":"Hexaghost","floor":16.0,"turns":9.0},{"damage":29.0,"enemies":"2 Thieves","floor":18.0,"turns":5.0},{"damage":33.0,"enemies":"Slavers","floor":23.0,"turns":7.0},{"damage":17.0,"enemies":"Gremlin Leader","floor":25.0,"turns":4.0},{"damage":32,"enemies":"Shell Parasite","floor":27,"turns":3}],"seed_played":"-309473477228458909","potions_obtained":[{"floor":2.0,"key":"Ancient Potion"},{"floor":3.0,"key":"Strength Potion"},{"floor":12.0,"key":"BloodPotion"},{"floor":14.0,"key":"Energy Potion"},{"floor":18.0,"key":"Weak Potion"}],"is_trial":false,"path_per_floor":["M","M","M","?","M","R","E","R","T","M","$","E","?","E","R","B",null,"M","$","?","$","?","E","R","E","T","M"],"character_chosen":"IRONCLAD","items_purchased":["PreservedInsect","Inflame"],"campfire_rested":2,"item_purchase_floors":[11,21],"current_hp_per_floor":[71,62,68,61,46,46,22,44,44,43,43,37,37,41,41,27,63,40,40,40,40,40,13,35,24,24,0],"gold":220,"neow_bonus":"RANDOM_COMMON_RELIC","is_prod":false,"is_daily":false,"chose_seed":false,"campfire_upgraded":2,"win_rate":0,"timestamp":1560333968,"path_taken":["M","M","M","?","M","R","E","R","T","M","$","E","?","E","R","BOSS","M","$","?","$","?","E","R","E","T","M"],"build_version":"2019-01-23","purchased_purges":3,"victory":false,"max_hp_per_floor":[75,75,75,75,75,75,75,75,75,75,75,75,75,75,75,75,75,75,75,75,75,75,75,75,75,75,75],"card_choices":[{"not_picked":["Body Slam","Combust"],"picked":"Twin Strike","floor":1.0},{"not_picked":["Second Wind","Heavy Blade"],"picked":"Shrug It Off","floor":2.0},{"not_picked":["Clash","Perfected Strike"],"picked":"Headbutt","floor":3.0},{"not_picked":["Wild Strike","Reckless Charge"],"picked":"Inflame","floor":5.0},{"not_picked":["Power Through","Clothesline"],"picked":"Fiend Fire","floor":7.0},{"not_picked":["Clash","Flex"],"picked":"Pommel Strike","floor":10.0},{"not_picked":["Flex","Body Slam"],"picked":"Ghostly Armor","floor":12.0},{"not_picked":["Havoc","True Grit","Warcry"],"picked":"SKIP","floor":14.0},{"not_picked":["Impervious","Double Tap"],"picked":"Demon Form","floor":16.0},{"not_picked":["Rupture","Havoc"],"picked":"Sword Boomerang","floor":18.0},{"not_picked":["Anger","Combust"],"picked":"Pommel Strike","floor":23.0},{"not_picked":["Wild Strike","Clothesline"],"picked":"Havoc+1","floor":25.0}],"player_experience":1453014,"relics_obtained":[{"floor":7.0,"key":"Gremlin Horn"},{"floor":9.0,"key":"Potion Belt"},{"floor":12.0,"key":"Orichalcum"},{"floor":14.0,"key":"Boot"},{"floor":23.0,"key":"Smiling Mask"},{"floor":23.0,"key":"Bottled Tornado"},{"floor":25.0,"key":"Turnip"},{"floor":25.0,"key":"Blood Vial"},{"floor":26.0,"key":"Peace Pipe"}],"event_choices":[{"cards_removed":["Strike_R"],"damage_healed":0.0,"max_hp_gain":0.0,"max_hp_loss":0.0,"gold_gain":0.0,"event_name":"Golden Wing","player_choice":"Card Removal","floor":4.0,"gold_loss":0.0,"damage_taken":7.0},{"damage_healed":0.0,"max_hp_gain":0.0,"max_hp_loss":0.0,"gold_gain":0.0,"event_name":"Liars Game","player_choice":"Ignored","floor":13.0,"gold_loss":0.0,"damage_taken":0.0},{"damage_healed":0.0,"max_hp_gain":0.0,"max_hp_loss":0.0,"gold_gain":0.0,"event_name":"The Mausoleum","player_choice":"Opened","floor":20.0,"gold_loss":0.0,"damage_taken":0.0,"relics_obtained":["Old Coin"],"cards_obtained":["Writhe"]},{"damage_healed":0.0,"max_hp_gain":0.0,"max_hp_loss":0.0,"gold_gain":0.0,"event_name":"Drug Dealer","player_choice":"Obtain J.A.X.","floor":22.0,"gold_loss":0.0,"damage_taken":0.0,"cards_obtained":["J.A.X."]}],"is_beta":false,"boss_relics":[{"not_picked":["Orrery","White Beast Statue"],"picked":"Black Star"}],"items_purged_floors":[11,19,21],"is_endless":false,"potions_floor_spawned":[2,3,5,12,14,18],"killed_by":"Shell Parasite","ascension_level":20}