{"gold_per_floor":[110,110,110,125,143,173,173,192,240,240,257,283,302,11,11,85,85,100,112,37,55,55,55],"floor_reached":23,"playtime":637,"items_purged":["Strike_B"],"score":406,"play_id":"e1f69634-8847-48a4-841c-4c2e212e8ca1","local_time":"20190525230207","is_ascension_mode":true,"campfire_choices":[{"data":"Streamline","floor":7.0,"key":"SMITH"},{"floor":10.0,"key":"REST"},{"data":"Defragment","floor":15.0,"key":"SMITH"}],"neow_cost":"NONE","seed_source_timestamp":16368954610400,"circlet_count":0,"master_deck":["AscendersBane","Zap+1","Cold Snap","Rebound","Streamline+1","Reinforced Body","Self Repair","Static Discharge","Defragment+1","Genetic Algorithm","Echo Form","Hyperbeam","Double Energy","Stack","Consume","Creative AI","Chill","Reboot","Loop","Capacitor"],"special_seed":0,"relics":["Cracked Core","Blue Candle","DataDisk","Lantern","Anchor","Strange Spoon","Pandora\u0027s Box","Question Card"],"potions_floor_usage":[23],"damage_taken":[{"damage":5.0,"enemies":"2 Louse","floor":1.0,"turns":3.0},{"damage":1.0,"enemies":"Small Slimes","floor":4.0,"turns":3.0},{"damage":4.0,"enemies":"Cultist","floor":5.0,"turns":3.0},{"damage":31.0,"enemies":"Gremlin Nob","floor":6.0,"turns":4.0},{"damage":0.0,"enemies":"Large Slime","floor":8.0,"turns":4.0},{"damage":4.0,"enemies":"Exordium Wildlife","floor":11.0,"turns":4.0},{"damage":26.0,"enemies":"3 Sentries","floor":12.0,"turns":6.0},{"damage":0.0,"enemies":"Red Slaver","floor":13.0,"turns":2.0},{"damage":10.0,"enemies":"Slime Boss","floor":16.0,"turns":11.0},{"damage":14.0,"enemies":"Shell Parasite","floor":18.0,"turns":4.0},{"damage":5.0,"enemies":"2 Thieves","floor":19.0,"turns":2.0},{"damage":47,"enemies":"Shelled Parasite and Fungi","floor":21,"turns":7},{"damage":34,"enemies":"Gremlin Leader","floor":23,"turns":2}],"seed_played":"4588058763533259611","potions_obtained":[{"floor":4.0,"key":"FocusPotion"},{"floor":8.0,"key":"FearPotion"},{"floor":12.0,"key":"Regen Potion"},{"floor":19.0,"key":"Dexterity Potion"},{"floor":21,"key":"Regen Potion"}],"is_trial":false,"path_per_floor":["M","?","?","M","M","E","R","M","T","R","M","E","M","$","R","B",null,"M","M","?","M","T","E"],"character_chosen":"DEFECT","items_purchased":["Strange Spoon"],"campfire_rested":1,"item_purchase_floors":[14],"current_hp_per_floor":[66,61,61,60,56,25,25,25,25,48,51,32,32,32,32,44,70,63,58,58,18,18,0],"gold":55,"neow_bonus":"TEN_PERCENT_HP_BONUS","is_prod":false,"is_daily":false,"chose_seed":false,"campfire_upgraded":2,"win_rate":0,"timestamp":1558821727,"path_taken":["M","?","?","?","M","E","R","M","T","R","M","E","M","$","R","BOSS","M","M","?","M","?","E"],"build_version":"2019-01-23","purchased_purges":1,"victory":false,"max_hp_per_floor":[78,78,78,78,78,78,78,78,78,78,78,78,78,78,78,78,78,78,78,78,78,78,78],"card_choices":[{"not_picked":["Leap","Rebound"],"picked":"Cold Snap","floor":1.0},{"not_picked":["Compile Driver","Go for the Eyes"],"picked":"Rebound","floor":4.0},{"not_picked":["Compile Driver","Steam"],"picked":"Streamline","floor":5.0},{"not_picked":["Rebound","Sweeping Beam"],"picked":"Reinforced Body","floor":6.0},{"not_picked":["Rebound","Beam Cell"],"picked":"Self Repair","floor":8.0},{"not_picked":["Darkness","Barrage"],"picked":"Static Discharge","floor":11.0},{"not_picked":["Rebound","Reinforced Body"],"picked":"Defragment","floor":12.0},{"not_picked":["Turbo","Coolheaded"],"picked":"Genetic Algorithm","floor":13.0},{"not_picked":["Hyperbeam","Machine Learning"],"picked":"Echo Form","floor":16.0},{"not_picked":["Compile Driver","Ball Lightning"],"picked":"Loop","floor":18.0},{"not_picked":["Auto Shields","Turbo","Undo"],"picked":"SKIP","floor":19.0},{"not_picked":["Rebound","Cold Snap"],"picked":"Capacitor","floor":21}],"player_experience":1404927,"relics_obtained":[{"floor":6.0,"key":"DataDisk"},{"floor":9.0,"key":"Lantern"},{"floor":12.0,"key":"Anchor"},{"floor":22,"key":"Question Card"}],"event_choices":[{"damage_healed":0.0,"max_hp_gain":0.0,"max_hp_loss":0.0,"gold_gain":0.0,"event_name":"Scrap Ooze","player_choice":"Success","floor":2.0,"gold_loss":0.0,"damage_taken":5.0,"relics_obtained":["Blue Candle"]},{"damage_healed":0.0,"max_hp_gain":0.0,"max_hp_loss":0.0,"gold_gain":0.0,"event_name":"Upgrade Shrine","player_choice":"Upgraded","floor":3.0,"gold_loss":0.0,"damage_taken":0.0,"cards_upgraded":["Zap"]},{"cards_removed":["Dualcast"],"damage_healed":0.0,"max_hp_gain":0.0,"max_hp_loss":0.0,"gold_gain":0.0,"event_name":"Beggar","player_choice":"Gave Gold","floor":20.0,"gold_loss":75.0,"damage_taken":0.0}],"is_beta":false,"boss_relics":[{"not_picked":["Lizard Tail","Runic Pyramid"],"picked":"Pandora\u0027s Box"}],"items_purged_floors":[14],"is_endless":false,"potions_floor_spawned":[4,8,12,19,21],"killed_by":"Gremlin Leader","ascension_level":20}