{"gold_per_floor":[118,138,138,49,49,92,92,112,112,112,112,155,155,155,155,155],"floor_reached":16,"playtime":330,"items_purged":[],"score":262,"play_id":"a4100d17-1d23-45b9-b8a8-31719cca1b66","local_time":"20190522203323","is_ascension_mode":true,"campfire_choices":[{"data":"Neutralize","floor":7,"key":"SMITH"},{"data":"Dagger Spray","floor":10,"key":"SMITH"},{"data":"Footwork","floor":11,"key":"SMITH"},{"data":"Leg Sweep","floor":13,"key":"SMITH"},{"floor":15,"key":"RECALL"}],"neow_cost":"NONE","seed_source_timestamp":2190236007167195,"circlet_count":0,"master_deck":["AscendersBane","Defend_G","Defend_G","Defend_G","Defend_G","Defend_G","Strike_G","Strike_G","Strike_G","Strike_G","Survivor","Neutralize+1","Flying Knee","Dagger Spray+1","Footwork+1","Crippling Poison+1","Leg Sweep+1"],"special_seed":0,"relics":["Ring of the Snake","NeowsBlessing","Golden Idol","WingedGreaves","Nunchaku","Bottled Flame"],"potions_floor_usage":[12],"damage_taken":[{"damage":0,"enemies":"Jaw Worm","floor":1,"turns":1},{"damage":0,"enemies":"Small Slimes","floor":2,"turns":1},{"damage":0,"enemies":"Gremlin Nob","floor":6,"turns":1},{"damage":0,"enemies":"Cultist","floor":8,"turns":4},{"damage":14,"enemies":"3 Sentries","floor":12,"turns":9},{"damage":42,"enemies":"Hexaghost","floor":16,"turns":12}],"seed_played":"-7637189806133473621","potions_obtained":[{"floor":1,"key":"Weak Potion"},{"floor":8,"key":"Strength Potion"}],"is_trial":false,"path_per_floor":["M","M","?","$","?","E","R","M","T","R","R","E","R","?","R","B"],"character_chosen":"THE_SILENT","items_purchased":["Footwork"],"campfire_rested":0,"item_purchase_floors":[4],"current_hp_per_floor":[59,59,59,59,52,52,52,52,52,52,52,38,38,38,38,0],"gold":155,"neow_bonus":"THREE_ENEMY_KILL","is_prod":false,"is_daily":false,"chose_seed":false,"campfire_upgraded":4,"win_rate":0,"timestamp":1558571603,"path_taken":["M","M","?","$","?","E","R","?","T","R","R","E","R","?","R","BOSS"],"build_version":"2019-01-23","purchased_purges":0,"victory":false,"max_hp_per_floor":[66,66,60,60,60,60,60,60,60,60,60,60,60,60,60,60],"card_choices":[{"not_picked":["Riddle With Holes","Backflip"],"picked":"Flying Knee","floor":1},{"not_picked":["Blade Dance","Dagger Throw"],"picked":"Dagger Spray","floor":2},{"not_picked":["Deflect","Bane"],"picked":"Crippling Poison","floor":6},{"not_picked":["Quick Slash","Dagger Spray"],"picked":"Leg Sweep","floor":8},{"not_picked":["Bane","Deflect","Doppelganger"],"picked":"SKIP","floor":12}],"player_experience":706551,"relics_obtained":[{"floor":6,"key":"WingedGreaves"},{"floor":9,"key":"Nunchaku"},{"floor":12,"key":"Bottled Flame"}],"event_choices":[{"damage_healed":0,"gold_gain":0,"player_choice":"Lose Max HP","damage_taken":0,"relics_obtained":["Golden Idol"],"max_hp_gain":0,"max_hp_loss":6,"event_name":"Golden Idol","floor":3,"gold_loss":0},{"cards_removed":["Strike_G"],"damage_healed":0,"gold_gain":0,"player_choice":"Card Removal","damage_taken":7,"max_hp_gain":0,"max_hp_loss":0,"event_name":"Golden Wing","floor":5,"gold_loss":0},{"damage_healed":0,"gold_gain":0,"player_choice":"Grow","damage_taken":0,"max_hp_gain":0,"max_hp_loss":0,"event_name":"Living Wall","floor":14,"gold_loss":0,"cards_upgraded":["Crippling Poison"]}],"is_beta":false,"boss_relics":[],"items_purged_floors":[],"is_endless":false,"potions_floor_spawned":[1,8],"killed_by":"Hexaghost","ascension_level":20}