{"gold_per_floor":[219,219,219,32,42,67,78,78],"floor_reached":8,"playtime":212,"items_purged":[],"score":106,"play_id":"ffab0bb0-446a-4879-a494-68dd3c2ab43b","local_time":"20190513152747","is_ascension_mode":true,"campfire_choices":[],"neow_cost":"NONE","seed_source_timestamp":1394591664921349,"circlet_count":0,"master_deck":["AscendersBane","Strike_R","Strike_R","Strike_R","Strike_R","Defend_R","Defend_R","Defend_R","Defend_R","Bash","Clothesline","Feel No Pain","Uppercut","Shrug It Off","Sword Boomerang","Impervious","Twin Strike"],"relics":["Burning Blood","Kunai"],"potions_floor_usage":[6],"damage_taken":[{"damage":9,"enemies":"2 Louse","floor":1,"turns":3},{"damage":8,"enemies":"Jaw Worm","floor":5,"turns":5},{"damage":24,"enemies":"Gremlin Nob","floor":6,"turns":4},{"damage":0,"enemies":"Cultist","floor":7,"turns":3},{"damage":44,"enemies":"Gremlin Nob","floor":8,"turns":4}],"seed_played":"-6929519001043300799","potions_obtained":[{"floor":1,"key":"Explosive Potion"},{"floor":7,"key":"EssenceOfSteel"}],"is_trial":false,"path_per_floor":["M","?","?","$","M","E","M","?"],"character_chosen":"IRONCLAD","items_purchased":["Feel No Pain","Uppercut","Shrug It Off"],"campfire_rested":0,"item_purchase_floors":[4,4,4],"current_hp_per_floor":[65,65,58,58,56,38,44,0],"gold":78,"neow_bonus":"HUNDRED_GOLD","is_prod":false,"is_daily":false,"chose_seed":false,"campfire_upgraded":0,"win_rate":0,"timestamp":1557775667,"path_taken":["M","?","?","$","M","E","M","?"],"build_version":"2019-01-23","purchased_purges":0,"victory":false,"max_hp_per_floor":[75,75,75,75,75,75,75,75],"card_choices":[{"not_picked":["Bloodletting","Pommel Strike"],"picked":"Clothesline","floor":1},{"not_picked":["Perfected Strike","Pommel Strike"],"picked":"Sword Boomerang","floor":5},{"not_picked":["Entrench","Cleave"],"picked":"Impervious","floor":6},{"not_picked":["Flex","Havoc"],"picked":"Twin Strike","floor":7}],"player_experience":685566,"relics_obtained":[{"floor":6,"key":"Kunai"}],"event_choices":[{"damage_healed":0,"gold_gain":0,"player_choice":"Ignored","damage_taken":0,"max_hp_gain":0,"max_hp_loss":0,"event_name":"Golden Idol","floor":2,"gold_loss":0},{"cards_removed":["Strike_R"],"damage_healed":0,"gold_gain":0,"player_choice":"Card Removal","damage_taken":7,"max_hp_gain":0,"max_hp_loss":0,"event_name":"Golden Wing","floor":3,"gold_loss":0},{"damage_healed":0,"gold_gain":0,"player_choice":"Searched \u00271\u0027 times","damage_taken":0,"max_hp_gain":0,"max_hp_loss":0,"event_name":"Dead Adventurer","floor":8,"gold_loss":0}],"is_beta":false,"boss_relics":[],"items_purged_floors":[],"is_endless":false,"potions_floor_spawned":[1,7],"killed_by":"Gremlin Nob","ascension_level":18}