{"gold_per_floor":[114,39,58,58,118,118,135,185,212,34,84,104,104,116,116,116],"floor_reached":16,"playtime":274,"items_purged":["Strike_G","Strike_G"],"score":184,"play_id":"136d91da-99ce-4b85-97ca-3632da252eaf","local_time":"20190504210635","is_ascension_mode":true,"campfire_choices":[{"data":"Sucker Punch","floor":6.0,"key":"SMITH"},{"floor":13,"key":"REST"},{"data":"Skewer","floor":15,"key":"SMITH"}],"neow_cost":"NONE","seed_source_timestamp":12414490298300,"circlet_count":0,"master_deck":["AscendersBane","Defend_G","Defend_G","Defend_G","Defend_G","Defend_G","Strike_G","Strike_G","Strike_G","Survivor","Neutralize+1","Quick Slash","Blur","Sucker Punch+1","Slice","Die Die Die","Dodge and Roll","Skewer+1"],"special_seed":0,"relics":["Ring of the Snake","NeowsBlessing","SsserpentHead","Boot"],"potions_floor_usage":[14],"damage_taken":[{"damage":0.0,"enemies":"2 Louse","floor":1.0,"turns":1.0},{"damage":0.0,"enemies":"Cultist","floor":3.0,"turns":1.0},{"damage":0.0,"enemies":"Jaw Worm","floor":5.0,"turns":1.0},{"damage":25.0,"enemies":"Exordium Wildlife","floor":7.0,"turns":9.0},{"damage":11,"enemies":"Lots of Slimes","floor":12,"turns":4},{"damage":4,"enemies":"3 Louse","floor":14,"turns":2},{"damage":39,"enemies":"Hexaghost","floor":16,"turns":9}],"seed_played":"-7614924583230197424","potions_obtained":[{"floor":5.0,"key":"Swift Potion"},{"floor":12,"key":"AttackPotion"}],"is_trial":false,"path_per_floor":["M","$","M","?","M","R","M","?","T","$","?","M","R","M","R","B"],"character_chosen":"THE_SILENT","items_purchased":["Die Die Die"],"campfire_rested":1,"item_purchase_floors":[10],"current_hp_per_floor":[59,59,59,59,59,59,34,34,34,34,34,23,42,38,38,0],"gold":116,"neow_bonus":"THREE_ENEMY_KILL","is_prod":false,"is_daily":false,"chose_seed":false,"campfire_upgraded":2,"win_rate":0,"timestamp":1557000395,"path_taken":["M","$","M","?","?","R","M","?","T","$","?","M","R","M","R","BOSS"],"build_version":"2019-01-23","purchased_purges":2,"victory":false,"max_hp_per_floor":[66,66,66,66,66,66,66,66,66,66,66,66,66,66,66,66],"card_choices":[{"not_picked":["Deflect","Acrobatics"],"picked":"Quick Slash","floor":1.0},{"not_picked":["Deflect","Acrobatics"],"picked":"Blur","floor":3.0},{"not_picked":["Flechettes","Masterful Stab"],"picked":"Sucker Punch","floor":5.0},{"not_picked":["Prepared","Acrobatics"],"picked":"Slice","floor":7.0},{"not_picked":["Bane","Flechettes"],"picked":"Dodge and Roll","floor":12},{"not_picked":["Deflect","Prepared"],"picked":"Skewer","floor":14}],"player_experience":1335390,"relics_obtained":[{"floor":9.0,"key":"Boot"}],"event_choices":[{"damage_healed":0.0,"max_hp_gain":0.0,"max_hp_loss":0.0,"gold_gain":0.0,"event_name":"FaceTrader","player_choice":"Trade","floor":4.0,"gold_loss":0.0,"damage_taken":0.0,"relics_obtained":["SsserpentHead"]},{"damage_healed":0.0,"max_hp_gain":0.0,"max_hp_loss":0.0,"gold_gain":0.0,"event_name":"Living Wall","player_choice":"Grow","floor":8.0,"gold_loss":0.0,"damage_taken":0.0,"cards_upgraded":["Neutralize"]},{"damage_healed":0,"gold_gain":0,"player_choice":"Fled","damage_taken":0,"max_hp_gain":0,"max_hp_loss":0,"event_name":"Scrap Ooze","floor":11,"gold_loss":0}],"is_beta":false,"boss_relics":[],"items_purged_floors":[2,10],"is_endless":false,"potions_floor_spawned":[5,12],"killed_by":"Hexaghost","ascension_level":20}