{"gold_per_floor":[15,15,27,27,27,62,77,77,77,89,89,89,102,122,122,199,199,217,142,156,181,193],"floor_reached":22,"playtime":469,"items_purged":["Strike_B"],"score":372,"play_id":"d278abbc-334b-43fa-bad4-f66c40ba45f9","local_time":"20190316152721","is_ascension_mode":true,"campfire_choices":[{"data":"Defragment","floor":8,"key":"SMITH"},{"floor":11,"key":"REST"},{"data":"Zap","floor":12,"key":"SMITH"},{"data":"Loop","floor":15,"key":"SMITH"}],"neow_cost":"NO_GOLD","seed_source_timestamp":0,"circlet_count":0,"master_deck":["AscendersBane","Strike_B","Strike_B","Defend_B","Defend_B","Defend_B","Defend_B","Zap+1","Dualcast","Ball Lightning","Defragment+1","White Noise","Leap","Loop+1","Capacitor","Creative AI","FTL","Conserve Battery","Injury"],"relics":["Cracked Core","WingedGreaves","Mercury Hourglass","Centennial Puzzle","Cursed Key","MawBank"],"potions_floor_usage":[6,18,22],"damage_taken":[{"damage":2,"enemies":"Cultist","floor":1,"turns":4},{"damage":11,"enemies":"Small Slimes","floor":3,"turns":3},{"damage":22,"enemies":"Gremlin Nob","floor":6,"turns":4},{"damage":7,"enemies":"Jaw Worm","floor":7,"turns":3},{"damage":8,"enemies":"Blue Slaver","floor":10,"turns":3},{"damage":5,"enemies":"Exordium Thugs","floor":13,"turns":3},{"damage":4,"enemies":"Lots of Slimes","floor":14,"turns":3},{"damage":11,"enemies":"Hexaghost","floor":16,"turns":7},{"damage":20,"enemies":"3 Byrds","floor":18,"turns":2},{"damage":27,"enemies":"Spheric Guardian","floor":20,"turns":4},{"damage":22,"enemies":"Colosseum Slavers","floor":22,"turns":1}],"seed_played":"-4725437619391993074","potions_obtained":[{"floor":3,"key":"Ancient Potion"},{"floor":14,"key":"Explosive Potion"},{"floor":16,"key":"Dexterity Potion"},{"floor":18,"key":"Explosive Potion"}],"is_trial":false,"path_per_floor":["M","?","M","?","?","E","M","R","T","M","R","R","M","M","R","B",null,"M","$","M","T","?"],"character_chosen":"DEFECT","items_purchased":[],"campfire_rested":1,"item_purchase_floors":[],"current_hp_per_floor":[62,62,51,51,51,29,22,22,22,14,35,35,30,26,26,15,57,37,37,10,10,0],"gold":193,"neow_bonus":"ONE_RARE_RELIC","is_prod":false,"is_daily":false,"chose_seed":true,"campfire_upgraded":3,"win_rate":0,"timestamp":1552764441,"path_taken":["M","?","?","?","?","E","M","R","T","?","R","R","M","M","R","BOSS","M","$","?","?","?"],"build_version":"2019-01-23","purchased_purges":1,"victory":false,"max_hp_per_floor":[71,71,71,71,71,71,71,71,71,71,71,71,71,71,71,71,71,71,71,71,71,71],"card_choices":[{"not_picked":["Streamline","Rebound"],"picked":"Ball Lightning","floor":1},{"not_picked":["Double Energy","Turbo"],"picked":"Defragment","floor":3},{"not_picked":["Coolheaded","Go for the Eyes"],"picked":"White Noise","floor":6},{"not_picked":["Aggregate","White Noise"],"picked":"Leap","floor":7},{"not_picked":["Streamline","Sweeping Beam"],"picked":"Loop","floor":10},{"not_picked":["Hello World","Coolheaded","Multi-Cast"],"picked":"SKIP","floor":13},{"not_picked":["Lockon","BootSequence"],"picked":"Capacitor","floor":14},{"not_picked":["Amplify","Buffer"],"picked":"Creative AI","floor":16},{"not_picked":["Steam+1","Sweeping Beam"],"picked":"FTL","floor":18},{"not_picked":["Scrape","Storm"],"picked":"Conserve Battery","floor":20}],"player_experience":587185,"relics_obtained":[{"floor":6,"key":"Mercury Hourglass"},{"floor":9,"key":"Centennial Puzzle"},{"floor":21,"key":"MawBank"}],"event_choices":[{"damage_healed":0,"gold_gain":0,"player_choice":"Ignored","damage_taken":0,"max_hp_gain":0,"max_hp_loss":0,"event_name":"WeMeetAgain","floor":2,"gold_loss":0},{"damage_healed":0,"gold_gain":0,"player_choice":"Ignored","damage_taken":0,"max_hp_gain":0,"max_hp_loss":0,"event_name":"Liars Game","floor":4,"gold_loss":0},{"cards_removed":["Strike_B"],"damage_healed":0,"gold_gain":0,"player_choice":"Purged","damage_taken":0,"max_hp_gain":0,"max_hp_loss":0,"event_name":"Purifier","floor":5,"gold_loss":0},{"damage_healed":0,"gold_gain":0,"player_choice":"Fight","damage_taken":0,"max_hp_gain":0,"max_hp_loss":0,"event_name":"Colosseum","floor":22,"gold_loss":0}],"is_beta":false,"boss_relics":[{"not_picked":["Nuclear Battery","Runic Pyramid"],"picked":"Cursed Key"}],"items_purged_floors":[19],"is_endless":false,"potions_floor_spawned":[3,14,16,18],"killed_by":"Colosseum Slavers","ascension_level":20}