{"gold_per_floor":[215,215,189,199,219,219,249,268,268,140,174,174,191,211,211,310,310,323,323,338,338,358,358,358,29,29,29,39,39,59,7,7,109,109,125,137,190,190,208,208,208,226,226,238,254,254,100,117,117,117],"floor_reached":51,"playtime":2532,"items_purged":["Strike_B","Decay"],"score":1053,"play_id":"93d5acdb-74e5-43e0-8bd5-5fe76bee807b","local_time":"20180723222322","is_ascension_mode":true,"campfire_choices":[{"data":"Zap","floor":6.0,"key":"SMITH"},{"floor":12.0,"key":"REST"},{"floor":15.0,"key":"REST"},{"floor":23.0,"key":"REST"},{"data":"Defragment","floor":27.0,"key":"SMITH"},{"data":"Capacitor","floor":29.0,"key":"SMITH"},{"floor":32.0,"key":"REST"},{"floor":40.0,"key":"REST"},{"floor":46,"key":"REST"},{"floor":49,"key":"REST"}],"neow_cost":"NONE","seed_source_timestamp":1386823212950576,"circlet_count":0,"master_deck":["Strike_B","Strike_B","Strike_B","Defend_B","Defend_B","Defend_B","Defend_B","Zap+1","Dualcast","AscendersBane","Capacitor+1","Leap","Steam","Ball Lightning","Coolheaded","Leap+1","Cold Snap","Leap+1","Loop","Buffer","Go for the Eyes+1","Hologram+1","Ball Lightning","Defragment+1","Defragment+1","Doubt","Stack+1","Conserve Battery+1","Conserve Battery+1","Machine Learning+1","Barrage","Stack+1","Glacier+1","Panacea+1","Ball Lightning+1","Conserve Battery+1","Barrage","Gash"],"special_seed":0,"relics":["Cracked Core","Bag of Marbles","Toxic Egg 2","Cursed Key","Nloth\u0027s Gift","Frozen Egg 2","Meat on the Bone","Gambling Chip","Du-Vu Doll"],"potions_floor_usage":[50,50],"damage_taken":[{"damage":2.0,"enemies":"Jaw Worm","floor":1.0,"turns":4.0},{"damage":0.0,"enemies":"Small Slimes","floor":4.0,"turns":3.0},{"damage":1.0,"enemies":"Cultist","floor":5.0,"turns":4.0},{"damage":24.0,"enemies":"Lagavulin","floor":7.0,"turns":6.0},{"damage":14.0,"enemies":"Exordium Thugs","floor":8.0,"turns":6.0},{"damage":20.0,"enemies":"Gremlin Nob","floor":11.0,"turns":4.0},{"damage":6.0,"enemies":"Exordium Wildlife","floor":13.0,"turns":4.0},{"damage":0.0,"enemies":"Gremlin Gang","floor":14.0,"turns":5.0},{"damage":23.0,"enemies":"Slime Boss","floor":16.0,"turns":14.0},{"damage":15.0,"enemies":"2 Thieves","floor":18.0,"turns":5.0},{"damage":0.0,"enemies":"Chosen","floor":20.0,"turns":6.0},{"damage":8.0,"enemies":"Snecko","floor":22.0,"turns":9.0},{"damage":8.0,"enemies":"Snake Plant","floor":28.0,"turns":6.0},{"damage":7.0,"enemies":"Centurion and Healer","floor":30.0,"turns":8.0},{"damage":55.0,"enemies":"Collector","floor":33.0,"turns":13.0},{"damage":20.0,"enemies":"3 Shapes","floor":35.0,"turns":4.0},{"damage":10.0,"enemies":"Orb Walker","floor":36.0,"turns":5.0},{"damage":9.0,"floor":37.0,"turns":7.0},{"damage":0.0,"enemies":"Spire Growth","floor":39.0,"turns":6.0},{"damage":19,"enemies":"Sphere and 2 Shapes","floor":42,"turns":8},{"damage":18,"enemies":"Flame Bruiser 2 Orb","floor":44,"turns":6},{"damage":18,"enemies":"3 Darklings","floor":45,"turns":7},{"damage":4,"enemies":"Sphere and 2 Shapes","floor":48,"turns":4},{"damage":8,"enemies":"Time Eater","floor":50,"turns":16}],"seed_played":"283087084371427921","potions_obtained":[{"floor":1.0,"key":"FocusPotion"},{"floor":4.0,"key":"LiquidBronze"},{"floor":7.0,"key":"SkillPotion"},{"floor":16.0,"key":"Fire Potion"},{"floor":33.0,"key":"LiquidBronze"},{"floor":36.0,"key":"Block Potion"},{"floor":37.0,"key":"FocusPotion"},{"floor":45,"key":"Regen Potion"}],"is_trial":false,"path_per_floor":["M","?","$","M","M","R","E","M","T","$","E","R","M","M","R","B",null,"M","?","M","?","M","R","?","$","T","R","M","R","M","$","R","B",null,"M","M","?","?","M","R","?","M","T","M","M","R","$","M","R","B"],"character_chosen":"DEFECT","items_purchased":["Leap","Leap+1","Frozen Egg 2","Defragment+1","Conserve Battery+1","Gash"],"campfire_rested":7,"item_purchase_floors":[3,10,25,25,31,47],"current_hp_per_floor":[66,66,66,66,65,65,41,27,27,27,7,29,23,23,45,22,62,47,47,47,47,39,61,61,61,61,61,53,53,46,46,68,25,63,43,45,48,48,48,70,70,51,51,45,39,61,61,57,75,75],"gold":117,"neow_bonus":"HUNDRED_GOLD","is_prod":false,"is_daily":false,"chose_seed":false,"campfire_upgraded":3,"win_rate":0,"timestamp":1532399002,"path_taken":["M","?","$","M","M","R","E","M","T","?","E","R","M","M","R","BOSS","M","?","?","?","M","R","?","?","T","R","M","R","M","$","R","BOSS","M","M","?","?","M","R","?","M","T","M","M","R","$","M","R","BOSS"],"build_version":"2018-07-19v2","purchased_purges":2,"victory":true,"max_hp_per_floor":[75,75,75,75,75,75,75,75,75,75,75,75,75,75,75,75,75,75,75,75,75,75,75,75,75,75,75,75,75,75,75,75,75,75,75,75,75,75,75,75,75,75,75,75,75,75,75,75,75,75],"card_choices":[{"not_picked":["Reinforced Body","Barrage"],"picked":"Capacitor","floor":1.0},{"not_picked":["Streamline","Darkness"],"picked":"Steam","floor":4.0},{"not_picked":["Turbo","Cold Snap"],"picked":"Ball Lightning","floor":5.0},{"not_picked":["Chaos","Hologram"],"picked":"Coolheaded","floor":7.0},{"not_picked":["Streamline","Sweeping Beam","Redo"],"picked":"SKIP","floor":8.0},{"not_picked":["Amplify+1","Turbo+1"],"picked":"Cold Snap","floor":11.0},{"not_picked":["Cold Snap","Barrage"],"picked":"Leap+1","floor":13.0},{"not_picked":["Reinforced Body+1","Leap+1"],"picked":"Loop","floor":14.0},{"not_picked":["Fission+1","Hyperbeam"],"picked":"Buffer","floor":16.0},{"not_picked":["Stack+1","Sweeping Beam"],"picked":"Go for the Eyes","floor":18.0},{"not_picked":["Streamline+1","Rainbow+1"],"picked":"Hologram+1","floor":20.0},{"not_picked":["Storm+1","Beam Cell"],"picked":"Ball Lightning","floor":22.0},{"not_picked":["Streamline+1","Meteor Strike"],"picked":"Stack+1","floor":28.0},{"not_picked":["FTL","Leap+1"],"picked":"Conserve Battery+1","floor":30.0},{"not_picked":["Amplify+1","Multi-Cast+1"],"picked":"Machine Learning+1","floor":33.0},{"not_picked":["Rip and Tear","Force Field+1"],"picked":"Barrage","floor":35.0},{"not_picked":["Consume+1","Blizzard"],"picked":"Stack+1","floor":36.0},{"not_picked":["Heatsinks+1","Coolheaded+1"],"picked":"Glacier+1","floor":37.0},{"not_picked":["Turbo+1","BootSequence+1","Coolheaded+1"],"picked":"SKIP","floor":39.0},{"not_picked":["Purity+1","Thinking Ahead+1"],"picked":"Panacea+1","floor":41.0},{"not_picked":["Cold Snap","Streamline"],"picked":"Ball Lightning+1","floor":42},{"not_picked":["Turbo+1","Sunder"],"picked":"Conserve Battery+1","floor":44},{"not_picked":["Conserve Battery+1","Leap+1"],"picked":"Barrage","floor":45},{"not_picked":["Barrage+1","Hologram+1","Coolheaded+1"],"picked":"SKIP","floor":48}],"player_experience":160206,"relics_obtained":[{"floor":7.0,"key":"Bag of Marbles"},{"floor":9.0,"key":"Toxic Egg 2"},{"floor":11.0,"key":"Turnip"},{"floor":26.0,"key":"Meat on the Bone"},{"floor":37.0,"key":"Gambling Chip"},{"floor":43,"key":"Du-Vu Doll"}],"event_choices":[{"event_name":"Golden Wing","player_choice":"Ignored","floor":2.0,"damage_taken":0.0},{"event_name":"N\u0027loth","player_choice":"Traded a Turnip","floor":19.0,"damage_taken":0.0},{"event_name":"Cursed Tome","player_choice":"Ignored","floor":21.0,"damage_taken":0.0},{"event_name":"The Library","player_choice":"Read","floor":24.0,"damage_taken":0.0},{"event_name":"Mysterious Sphere","player_choice":"Fight","floor":37.0,"damage_taken":0.0},{"event_name":"Accursed Blacksmith","player_choice":"Forge","floor":38.0,"damage_taken":0.0},{"event_name":"SensoryStone","player_choice":"Memory 1","floor":41.0,"damage_taken":0.0}],"is_beta":false,"boss_relics":[{"not_picked":["Eternal Feather","Velvet Choker"],"picked":"Cursed Key"},{"not_picked":["FrozenCore","Snecko Eye","Coffee Dripper"]}],"items_purged_floors":[10,47],"is_endless":false,"potions_floor_spawned":[1,4,7,16,33,36,37,45],"ascension_level":12}