{"gold_per_floor":[11,26,26,26,36,36,61,61,61,61,91,91,16,49,49,126,126,144,44,56,56,73,73],"floor_reached":23,"playtime":620,"items_purged":["Strike_R","Strike_R"],"score":362,"play_id":"ab010cfa-b6d4-4f13-835a-6f9b10971582","local_time":"20190127160543","is_ascension_mode":true,"campfire_choices":[{"data":"Uppercut","floor":6.0,"key":"SMITH"},{"data":"Demon Form","floor":8.0,"key":"SMITH"},{"floor":12.0,"key":"REST"},{"floor":15.0,"key":"REST"}],"neow_cost":"NO_GOLD","seed_source_timestamp":3208605042449925,"circlet_count":0,"master_deck":["AscendersBane","Strike_R","Strike_R","Strike_R","Defend_R","Defend_R","Defend_R","Defend_R","Bash+1","Rampage","Cleave","Uppercut+1","Demon Form+1","Whirlwind","Headbutt","Barricade","Metallicize+1","Clothesline","Flame Barrier"],"special_seed":0,"relics":["Burning Blood","Nunchaku","Question Card","Dodecahedron","Sundial","Letter Opener","Velvet Choker"],"potions_floor_usage":[23],"damage_taken":[{"damage":5.0,"enemies":"2 Louse","floor":1.0,"turns":3.0},{"damage":0.0,"enemies":"Small Slimes","floor":2.0,"turns":3.0},{"damage":9.0,"enemies":"Jaw Worm","floor":5.0,"turns":3.0},{"damage":45.0,"enemies":"3 Sentries","floor":7.0,"turns":10.0},{"damage":25.0,"enemies":"Lagavulin","floor":11.0,"turns":7.0},{"damage":6.0,"enemies":"Gremlin Nob","floor":14.0,"turns":3.0},{"damage":41.0,"enemies":"The Guardian","floor":16.0,"turns":10.0},{"damage":33.0,"enemies":"Spheric Guardian","floor":18.0,"turns":4.0},{"damage":29.0,"enemies":"3 Byrds","floor":20.0,"turns":6.0},{"damage":8,"enemies":"Snecko","floor":22,"turns":4},{"damage":13,"enemies":"Gremlin Leader","floor":23,"turns":1}],"seed_played":"-2699210256903543541","potions_obtained":[{"floor":1.0,"key":"Ancient Potion"},{"floor":5.0,"key":"Energy Potion"}],"is_trial":false,"path_per_floor":["M","M","?","?","M","R","E","R","T","?","E","R","$","E","R","B",null,"M","$","M","?","M","E"],"character_chosen":"IRONCLAD","items_purchased":[],"campfire_rested":2,"item_purchase_floors":[],"current_hp_per_floor":[69,75,75,75,72,72,33,33,33,33,14,36,36,36,58,23,62,35,35,12,12,10,0],"gold":73,"neow_bonus":"ONE_RARE_RELIC","is_prod":false,"is_daily":false,"chose_seed":false,"campfire_upgraded":2,"win_rate":0,"timestamp":1548623143,"path_taken":["M","M","?","?","M","R","E","R","T","?","E","R","?","E","R","BOSS","M","$","M","?","M","E"],"build_version":"2019-01-23","purchased_purges":2,"victory":false,"max_hp_per_floor":[75,75,75,75,75,75,75,75,75,75,75,75,75,75,75,75,75,75,75,75,75,75,75],"card_choices":[{"not_picked":["Cleave","Anger"],"picked":"Rampage","floor":1.0},{"not_picked":["Shockwave","Uppercut"],"picked":"Cleave","floor":2.0},{"not_picked":["Twin Strike","Heavy Blade"],"picked":"Uppercut","floor":5.0},{"not_picked":["Reckless Charge","Heavy Blade"],"picked":"Demon Form","floor":7.0},{"not_picked":["Cleave","Clash","Heavy Blade"],"picked":"Whirlwind","floor":11.0},{"not_picked":["Anger","Infernal Blade","Blood for Blood"],"picked":"Headbutt","floor":14.0},{"not_picked":["Berserk","Dark Embrace","Immolate"],"picked":"Barricade","floor":16.0},{"not_picked":["Perfected Strike","Hemokinesis","Power Through+1"],"picked":"Metallicize+1","floor":18.0},{"not_picked":["Sever Soul","Carnage","Disarm"],"picked":"Clothesline","floor":20.0},{"not_picked":["Reckless Charge","Warcry","Ghostly Armor+1"],"picked":"Flame Barrier","floor":22}],"player_experience":563728,"relics_obtained":[{"floor":7.0,"key":"Question Card"},{"floor":9.0,"key":"Dodecahedron"},{"floor":11.0,"key":"Sundial"},{"floor":14.0,"key":"Letter Opener"}],"event_choices":[{"damage_healed":0.0,"max_hp_gain":0.0,"max_hp_loss":0.0,"gold_gain":0.0,"event_name":"Living Wall","player_choice":"Grow","floor":3.0,"gold_loss":0.0,"damage_taken":0.0,"cards_upgraded":["Bash"]},{"damage_healed":0.0,"max_hp_gain":0.0,"max_hp_loss":0.0,"gold_gain":0.0,"event_name":"Liars Game","player_choice":"Ignored","floor":4.0,"gold_loss":0.0,"damage_taken":0.0},{"damage_healed":0.0,"max_hp_gain":0.0,"max_hp_loss":0.0,"gold_gain":0.0,"event_name":"Shining Light","player_choice":"Ignored","floor":10.0,"gold_loss":0.0,"damage_taken":0.0},{"damage_healed":0.0,"max_hp_gain":0.0,"max_hp_loss":0.0,"gold_gain":0.0,"event_name":"Cursed Tome","player_choice":"Ignored","floor":21.0,"gold_loss":0.0,"damage_taken":0.0}],"is_beta":false,"boss_relics":[{"not_picked":["Lizard Tail","Cursed Key"],"picked":"Velvet Choker"}],"items_purged_floors":[13,19],"is_endless":false,"potions_floor_spawned":[1,5,14,16,18],"killed_by":"Gremlin Leader","ascension_level":15}