{"gold_per_floor":[115,190,200,212,11,11,41,58,58,58,69,69,100,113,113,208,208,226,244,2,13,13],"floor_reached":22,"playtime":938,"items_purged":["Strike_R","Strike_R"],"score":307,"play_id":"ea1f5d64-14df-4113-940d-d422e1c6cf3d","local_time":"20181225141854","is_ascension_mode":true,"campfire_choices":[{"data":"Uppercut","floor":6,"key":"SMITH"},{"floor":10,"key":"REST"},{"data":"Metallicize","floor":15,"key":"SMITH"}],"neow_cost":"NONE","seed_source_timestamp":351417591059425,"circlet_count":0,"master_deck":["AscendersBane","Strike_R","Strike_R","Strike_R","Defend_R","Defend_R","Defend_R","Defend_R","Bash","Deep Breath","Shockwave","Metallicize+1","Flex","Uppercut+1","Heavy Blade","Metallicize+1","Iron Wave","Battle Trance","Juggernaut","Flex+1","Headbutt"],"special_seed":0,"relics":["Burning Blood","Red Skull","Bottled Tornado","The Courier","Eternal Feather","ClockworkSouvenir"],"potions_floor_usage":[7,16,19,21,21],"damage_taken":[{"damage":10.0,"enemies":"Small Slimes","floor":1.0,"turns":4.0},{"damage":0.0,"enemies":"Cultist","floor":3.0,"turns":4.0},{"damage":15,"enemies":"2 Louse","floor":4,"turns":3},{"damage":40,"enemies":"Gremlin Nob","floor":7,"turns":6},{"damage":10,"enemies":"Exordium Thugs","floor":8,"turns":4},{"damage":8,"enemies":"Looter","floor":11,"turns":4},{"damage":14,"enemies":"3 Sentries","floor":13,"turns":8},{"damage":7,"enemies":"Large Slime","floor":14,"turns":5},{"damage":10,"enemies":"The Guardian","floor":16,"turns":11},{"damage":11,"enemies":"Spheric Guardian","floor":18,"turns":5},{"damage":43,"enemies":"3 Byrds","floor":19,"turns":7},{"damage":22,"enemies":"3 Cultists","floor":21,"turns":6},{"damage":8,"enemies":"Shelled Parasite and Fungi","floor":22,"turns":2}],"seed_played":"6733332567530294754","potions_obtained":[{"floor":3.0,"key":"Weak Potion"},{"floor":8,"key":"Dexterity Potion"},{"floor":13,"key":"AttackPotion"},{"floor":16,"key":"SkillPotion"},{"floor":19,"key":"Swift Potion"}],"is_trial":false,"path_per_floor":["M","?","M","M","$","R","E","M","T","R","M","?","E","M","R","B",null,"M","M","$","M","M"],"character_chosen":"IRONCLAD","items_purchased":["Flex","Uppercut","ClockworkSouvenir"],"campfire_rested":1,"item_purchase_floors":[5,5,20],"current_hp_per_floor":[68,57,63,54,54,54,20,16,16,40,38,38,30,29,29,25,66,61,24,24,8,0],"gold":13,"neow_bonus":"RANDOM_COLORLESS","is_prod":false,"is_daily":false,"chose_seed":false,"campfire_upgraded":2,"win_rate":0,"timestamp":1545765534,"path_taken":["M","?","M","M","$","R","E","M","T","R","M","?","E","M","R","BOSS","M","M","$","M","M"],"build_version":"2018-12-20","purchased_purges":2,"victory":false,"max_hp_per_floor":[80,80,80,80,80,80,80,80,80,80,80,80,80,80,80,80,80,80,80,80,80,80],"card_choices":[{"not_picked":["Shrug It Off","Battle Trance"],"picked":"Shockwave","floor":1.0},{"not_picked":["Intimidate","Heavy Blade","Sever Soul"],"picked":"SKIP","floor":3.0},{"not_picked":["Second Wind","Headbutt"],"picked":"Metallicize","floor":4},{"not_picked":["Fire Breathing","Second Wind"],"picked":"Heavy Blade","floor":7},{"not_picked":["Entrench","Clothesline"],"picked":"Metallicize","floor":8},{"not_picked":["Perfected Strike","Warcry","Reckless Charge"],"picked":"SKIP","floor":11},{"not_picked":["Infernal Blade","Cleave"],"picked":"Iron Wave","floor":13},{"not_picked":["Hemokinesis","Anger"],"picked":"Battle Trance","floor":14},{"not_picked":["Immolate","Double Tap"],"picked":"Juggernaut","floor":16},{"not_picked":["Clash","Ghostly Armor"],"picked":"Flex+1","floor":18},{"not_picked":["Havoc+1","Intimidate","Clothesline"],"picked":"SKIP","floor":19},{"not_picked":["Sever Soul","Bloodletting"],"picked":"Headbutt","floor":21}],"player_experience":537340,"relics_obtained":[{"floor":7,"key":"Red Skull"},{"floor":9,"key":"Bottled Tornado"},{"floor":13,"key":"The Courier"}],"event_choices":[{"damage_healed":0.0,"max_hp_gain":0.0,"max_hp_loss":0.0,"gold_gain":75.0,"event_name":"World of Goop","player_choice":"Gather Gold","floor":2.0,"gold_loss":0.0,"damage_taken":11.0},{"damage_healed":0,"gold_gain":0,"player_choice":"Forge","damage_taken":0,"max_hp_gain":0,"max_hp_loss":0,"event_name":"Accursed Blacksmith","floor":12,"gold_loss":0,"cards_upgraded":["Metallicize"]}],"is_beta":false,"boss_relics":[{"not_picked":["Lizard Tail","Tiny House"],"picked":"Eternal Feather"}],"items_purged_floors":[5,20],"is_endless":false,"potions_floor_spawned":[3,8,13,16,19],"killed_by":"Shelled Parasite and Fungi","ascension_level":11}