{"gold_per_floor":[119,136,83,98,112,112,143,143,143,161,311,73,73,14,14,90,90,102,113,113,13,13,13],"floor_reached":23,"playtime":621,"items_purged":["Doubt","Strike_R"],"score":378,"play_id":"c4eedbe5-5e5b-4bce-a2af-73dab44ff8cc","local_time":"20190531161302","is_ascension_mode":true,"campfire_choices":[{"data":"Bash","floor":6,"key":"SMITH"},{"data":"Barricade","floor":8,"key":"SMITH"},{"floor":15,"key":"REST"}],"neow_cost":"NONE","seed_source_timestamp":10240808149000,"circlet_count":0,"master_deck":["AscendersBane","Strike_R","Strike_R","Strike_R","Defend_R","Defend_R","Defend_R","Defend_R","Bash+1","Thunderclap","Flex","Pommel Strike","Shrug It Off","Barricade+1","Inflame","Shrug It Off","Limit Break","Evolve+1","Pommel Strike+1","RitualDagger"],"relics":["Burning Blood","Boot","Pantograph","Matryoshka","Happy Flower","WarpedTongs","Empty Cage"],"potions_floor_usage":[7,18,19],"damage_taken":[{"damage":9,"enemies":"2 Louse","floor":1,"turns":3},{"damage":2,"enemies":"Cultist","floor":2,"turns":4},{"damage":9,"enemies":"Jaw Worm","floor":4,"turns":3},{"damage":7,"enemies":"2 Fungi Beasts","floor":5,"turns":3},{"damage":42,"enemies":"3 Sentries","floor":7,"turns":10},{"damage":24,"enemies":"Gremlin Gang","floor":10,"turns":6},{"damage":25,"enemies":"Slime Boss","floor":16,"turns":14},{"damage":22,"enemies":"3 Byrds","floor":18,"turns":6},{"damage":5,"enemies":"Chosen","floor":19,"turns":7},{"damage":43,"enemies":"Book of Stabbing","floor":23,"turns":3}],"seed_played":"-2957873747067023871","potions_obtained":[{"floor":1,"key":"Weak Potion"},{"floor":4,"key":"BloodPotion"},{"floor":7,"key":"Strength Potion"}],"is_trial":false,"path_per_floor":["M","M","?","M","M","R","E","R","T","M","?","$","?","$","R","B",null,"M","M","?","$","?","E"],"character_chosen":"IRONCLAD","items_purchased":["Happy Flower","Shrug It Off"],"campfire_rested":1,"item_purchase_floors":[12,14],"current_hp_per_floor":[72,76,76,73,72,72,44,44,44,26,26,26,26,26,50,56,76,60,61,55,55,31,0],"gold":13,"neow_bonus":"TEN_PERCENT_HP_BONUS","is_prod":false,"is_daily":false,"chose_seed":false,"campfire_upgraded":2,"win_rate":0,"timestamp":1559315582,"path_taken":["M","M","?","?","M","R","E","R","T","M","?","$","?","$","R","BOSS","M","?","?","$","?","E"],"build_version":"2019-01-23","purchased_purges":2,"victory":false,"max_hp_per_floor":[82,82,82,82,82,82,82,82,82,82,82,82,82,82,82,82,82,82,82,82,82,87,87],"card_choices":[{"not_picked":["Seeing Red","Warcry"],"picked":"Thunderclap","floor":1},{"not_picked":["Sword Boomerang","Perfected Strike"],"picked":"Flex","floor":2},{"not_picked":["Iron Wave","True Grit"],"picked":"Pommel Strike","floor":4},{"not_picked":["Perfected Strike","Heavy Blade"],"picked":"Shrug It Off","floor":5},{"not_picked":["Cleave","Whirlwind"],"picked":"Barricade","floor":7},{"not_picked":["Clothesline","Rage"],"picked":"Inflame","floor":10},{"not_picked":["Dark Embrace","Berserk"],"picked":"Limit Break","floor":16},{"not_picked":["Thunderclap","Cleave"],"picked":"Evolve+1","floor":18},{"not_picked":["Battle Trance+1","Rupture"],"picked":"Pommel Strike+1","floor":19}],"player_experience":1416475,"relics_obtained":[{"floor":7,"key":"Pantograph"},{"floor":9,"key":"Matryoshka"}],"event_choices":[{"damage_healed":0,"gold_gain":0,"player_choice":"Paid Gold","damage_taken":0,"relics_obtained":["Boot"],"max_hp_gain":0,"max_hp_loss":0,"event_name":"WeMeetAgain","floor":3,"gold_loss":53},{"damage_healed":0,"gold_gain":150,"player_choice":"AGREE","damage_taken":0,"max_hp_gain":0,"max_hp_loss":0,"event_name":"Liars Game","floor":11,"gold_loss":0,"cards_obtained":["Doubt"]},{"damage_healed":0,"gold_gain":0,"player_choice":"Rummage","damage_taken":0,"relics_obtained":["WarpedTongs"],"max_hp_gain":0,"max_hp_loss":0,"event_name":"Accursed Blacksmith","floor":13,"gold_loss":0,"cards_obtained":["Pain"]},{"damage_healed":0,"gold_gain":0,"player_choice":"Joined the Cult","damage_taken":6,"max_hp_gain":0,"max_hp_loss":0,"event_name":"Nest","floor":20,"gold_loss":0,"cards_obtained":["RitualDagger"]},{"damage_healed":0,"gold_gain":0,"player_choice":"Shed Blood","damage_taken":29,"max_hp_gain":5,"max_hp_loss":0,"event_name":"Forgotten Altar","floor":22,"gold_loss":0}],"is_beta":false,"boss_relics":[{"not_picked":["Tiny House","Fusion Hammer"],"picked":"Empty Cage"}],"items_purged_floors":[12,21],"is_endless":false,"potions_floor_spawned":[1,4,5,7,16],"killed_by":"Book of Stabbing","ascension_level":20}