{"gold_per_floor":[111,130,150,75,75,75,103,113,113,138,138,165,165,165,165,243,243,261,273,20,20,20,20,46,46,46,71,88,100,29,61,61,61],"floor_reached":33,"playtime":1232,"items_purged":["Strike_G"],"score":742,"play_id":"54d61348-627d-41bc-b7e2-f3e7d682bc24","local_time":"20190707130244","is_ascension_mode":true,"campfire_choices":[{"data":"Neutralize","floor":6.0,"key":"SMITH"},{"floor":11.0,"key":"REST"},{"data":"Storm of Steel","floor":13.0,"key":"SMITH"},{"data":"Footwork","floor":15.0,"key":"SMITH"},{"data":"Footwork","floor":23.0,"key":"SMITH"},{"floor":25.0,"key":"REST"},{"floor":32.0,"key":"REST"}],"neow_cost":"TEN_PERCENT_HP_LOSS","seed_source_timestamp":355383235255800,"circlet_count":0,"master_deck":["AscendersBane","Strike_G","Strike_G","Strike_G","Defend_G","Defend_G","Defend_G","Defend_G","Defend_G","Survivor","Neutralize+1","Glass Knife+1","Quick Slash","Poisoned Stab","Storm of Steel+1","All Out Attack","Footwork+1","Dash","Malaise","Corpse Explosion","Footwork+1","Blade Dance","Shame","Bouncing Flask","Dagger Throw+1","Noxious Fumes","Footwork","Deadly Poison","PiercingWail+1"],"special_seed":0,"relics":["Ring of the Snake","Mercury Hourglass","The Courier","Lantern","Bottled Flame","Cursed Key","PreservedInsect","Bag of Preparation","Turnip","Dream Catcher","Oddly Smooth Stone","Question Card"],"potions_floor_usage":[33,33],"damage_taken":[{"damage":0.0,"enemies":"Jaw Worm","floor":1.0,"turns":5.0},{"damage":2.0,"enemies":"Small Slimes","floor":2.0,"turns":3.0},{"damage":0.0,"enemies":"Cultist","floor":3.0,"turns":2.0},{"damage":32.0,"enemies":"Lagavulin","floor":7.0,"turns":6.0},{"damage":0.0,"enemies":"Red Slaver","floor":8.0,"turns":3.0},{"damage":6.0,"enemies":"Gremlin Nob","floor":10.0,"turns":3.0},{"damage":0.0,"enemies":"3 Sentries","floor":12.0,"turns":6.0},{"damage":8.0,"enemies":"The Guardian","floor":16.0,"turns":13.0},{"damage":9.0,"enemies":"2 Thieves","floor":18.0,"turns":4.0},{"damage":8.0,"enemies":"Shell Parasite","floor":19.0,"turns":5.0},{"damage":7.0,"enemies":"Slavers","floor":24.0,"turns":3.0},{"damage":0.0,"enemies":"Gremlin Leader","floor":27.0,"turns":3.0},{"damage":6.0,"enemies":"Snake Plant","floor":28.0,"turns":5.0},{"damage":3.0,"enemies":"Cultist and Chosen","floor":29.0,"turns":3.0},{"damage":10.0,"enemies":"Slavers","floor":31.0,"turns":4.0},{"damage":48,"enemies":"Collector","floor":33,"turns":7}],"seed_played":"8068114498379958456","potions_obtained":[{"floor":2.0,"key":"SkillPotion"},{"floor":8.0,"key":"Block Potion"},{"floor":12.0,"key":"SkillPotion"},{"floor":19.0,"key":"Poison Potion"},{"floor":27.0,"key":"Swift Potion"}],"is_trial":false,"path_per_floor":["M","M","M","$","?","R","E","M","T","E","R","E","R","?","R","B",null,"M","M","$","?","?","R","E","R","T","E","M","M","$","E","R","B"],"character_chosen":"THE_SILENT","items_purchased":["PreservedInsect","Bag of Preparation","Footwork"],"campfire_rested":3,"item_purchase_floors":[20,20,30],"current_hp_per_floor":[59,57,57,57,57,57,25,25,25,19,37,37,37,30,30,22,51,42,34,34,34,34,34,27,45,45,45,39,36,36,26,44,0],"gold":61,"neow_bonus":"THREE_RARE_CARDS","is_prod":false,"is_daily":false,"chose_seed":false,"campfire_upgraded":4,"win_rate":0,"timestamp":1562500964,"path_taken":["M","M","M","$","?","R","E","M","T","E","R","E","R","?","R","BOSS","M","M","$","?","?","R","E","R","T","E","M","?","?","E","R","BOSS"],"build_version":"2019-07-05","purchased_purges":1,"victory":false,"max_hp_per_floor":[60,60,60,60,60,60,60,60,60,60,60,60,60,60,60,60,60,60,60,60,60,60,60,60,60,60,60,60,60,60,60,60,60],"card_choices":[{"not_picked":["After Image","Grand Finale"],"picked":"Glass Knife","floor":0.0},{"not_picked":["Finisher","Blade Dance"],"picked":"Quick Slash","floor":1.0},{"not_picked":["Blade Dance","Acrobatics"],"picked":"Poisoned Stab","floor":2.0},{"not_picked":["Dodge and Roll","Quick Slash"],"picked":"Storm of Steel","floor":3.0},{"not_picked":["Well Laid Plans","Infinite Blades"],"picked":"All Out Attack","floor":7.0},{"not_picked":["Endless Agony","Predator"],"picked":"Footwork","floor":8.0},{"not_picked":["Slice","Quick Slash"],"picked":"Dash","floor":10.0},{"not_picked":["Deflect","Flying Knee"],"picked":"Malaise","floor":12.0},{"not_picked":["Night Terror","Storm of Steel"],"picked":"Corpse Explosion","floor":16.0},{"not_picked":["Outmaneuver","Distraction+1"],"picked":"Footwork","floor":18.0},{"not_picked":["Prepared","Sucker Punch"],"picked":"Blade Dance","floor":19.0},{"not_picked":["Deadly Poison","Underhanded Strike"],"picked":"Bouncing Flask","floor":24.0},{"not_picked":["Reflex","Tactician"],"picked":"Dagger Throw+1","floor":25.0},{"not_picked":["Masterful Stab+1","All Out Attack","Unload"],"picked":"SKIP","floor":27.0},{"not_picked":["Deflect","Dagger Spray","Flechettes"],"picked":"SKIP","floor":28.0},{"not_picked":["Slice","Prepared"],"picked":"Noxious Fumes","floor":29.0},{"not_picked":["Slice","Underhanded Strike"],"picked":"Deadly Poison","floor":31.0},{"not_picked":["Dagger Spray","Bane","Slice+1"],"picked":"PiercingWail+1","floor":32.0}],"player_experience":1542648,"relics_obtained":[{"floor":7.0,"key":"Mercury Hourglass"},{"floor":9.0,"key":"The Courier"},{"floor":10.0,"key":"Lantern"},{"floor":12.0,"key":"Bottled Flame"},{"floor":24.0,"key":"Dream Catcher"},{"floor":27.0,"key":"Oddly Smooth Stone"},{"floor":31.0,"key":"Question Card"}],"event_choices":[{"damage_healed":0.0,"max_hp_gain":0.0,"max_hp_loss":0.0,"gold_gain":0.0,"event_name":"Living Wall","player_choice":"Grow","floor":5.0,"gold_loss":0.0,"damage_taken":0.0,"cards_upgraded":["Glass Knife"]},{"cards_removed":["Strike_G"],"damage_healed":0.0,"max_hp_gain":0.0,"max_hp_loss":0.0,"gold_gain":0.0,"event_name":"Golden Wing","player_choice":"Card Removal","floor":14.0,"gold_loss":0.0,"damage_taken":7.0},{"damage_healed":0.0,"max_hp_gain":0.0,"max_hp_loss":0.0,"gold_gain":0.0,"event_name":"Addict","player_choice":"Stole Relic","floor":21.0,"gold_loss":0.0,"damage_taken":0.0,"relics_obtained":["Turnip"],"cards_obtained":["Shame"]},{"damage_healed":0.0,"max_hp_gain":0.0,"max_hp_loss":0.0,"gold_gain":0.0,"event_name":"Match and Keep!","player_choice":"0 cards matched","floor":22.0,"gold_loss":0.0,"damage_taken":0.0,"cards_obtained":[]}],"is_beta":false,"boss_relics":[{"not_picked":["Runic Dome","Black Star"],"picked":"Cursed Key"}],"items_purged_floors":[4],"is_endless":false,"potions_floor_spawned":[2,8,12,19,27],"killed_by":"Collector","ascension_level":20}