{"gold_per_floor":[111,130,55,55,55,55,83,94,119,136,136,146,146,146,146,249,249,261,20,35,35,35,35,50,50,119,119],"floor_reached":27,"playtime":1518,"items_purged":["Doubt"],"score":211,"play_id":"8e322f0a-47e6-4b05-bd26-5613c9d1d505","local_time":"20190708171735","is_ascension_mode":false,"campfire_choices":[{"data":"Acrobatics","floor":6.0,"key":"SMITH"},{"floor":13.0,"key":"REST"},{"floor":15.0,"key":"REST"},{"floor":23,"key":"REST"}],"neow_cost":"NONE","seed_source_timestamp":0,"circlet_count":0,"master_deck":["Defend_G+1","Defend_G+1","Defend_G+1","Defend_G+1","Defend_G+1","Strike_G+1","Strike_G+1","Strike_G+1","Strike_G+1","Strike_G+1","Survivor","Neutralize","Clumsy","Backflip+1","Acrobatics+1","Quick Slash+1","Poisoned Stab+1","Escape Plan","Bane+1","Glass Knife+1","Poisoned Stab+1","Mayhem+1","Deadly Poison","RitualDagger+1","Crippling Poison"],"special_seed":0,"relics":["Calling Bell","Bronze Scales","Molten Egg 2","Bird Faced Urn","Potion Belt","Oddly Smooth Stone","Frozen Egg 2","Runic Pyramid","Nilry\u0027s Codex","Letter Opener"],"potions_floor_usage":[16,16,27],"damage_taken":[{"damage":7.0,"enemies":"2 Louse","floor":1.0,"turns":2.0},{"damage":3.0,"enemies":"Jaw Worm","floor":2.0,"turns":5.0},{"damage":31.0,"enemies":"Lagavulin","floor":7.0,"turns":9.0},{"damage":0.0,"enemies":"Cultist","floor":8.0,"turns":3.0},{"damage":18.0,"enemies":"Exordium Thugs","floor":10.0,"turns":5.0},{"damage":0.0,"enemies":"Blue Slaver","floor":12.0,"turns":3.0},{"damage":22,"enemies":"The Guardian","floor":16,"turns":10},{"damage":22,"enemies":"Shell Parasite","floor":18,"turns":4},{"damage":23,"enemies":"3 Byrds","floor":20,"turns":4},{"damage":22,"enemies":"Sentry and Sphere","floor":24,"turns":6},{"damage":13,"enemies":"Slavers","floor":27,"turns":1}],"seed_played":"7907512024189120362","potions_obtained":[{"floor":2.0,"key":"Block Potion"},{"floor":5.0,"key":"FairyPotion"},{"floor":5.0,"key":"Strength Potion"},{"floor":10.0,"key":"AttackPotion"},{"floor":12.0,"key":"Dexterity Potion"},{"floor":24,"key":"SkillPotion"}],"is_trial":false,"path_per_floor":["M","M","$","?","?","R","E","M","T","M","T","M","R","?","R","B",null,"M","$","M","?","?","R","M","?","T","E"],"character_chosen":"THE_SILENT","items_purchased":["Mayhem+1","Deadly Poison"],"campfire_rested":3,"item_purchase_floors":[19,19],"current_hp_per_floor":[63,60,60,53,53,53,22,22,22,4,4,4,25,11,32,10,70,48,48,27,21,21,42,22,6,6,0],"gold":119,"neow_bonus":"BOSS_RELIC","is_prod":false,"is_daily":false,"chose_seed":false,"campfire_upgraded":1,"win_rate":0.0,"timestamp":1562573855,"path_taken":["M","M","$","?","?","R","E","M","T","?","?","M","R","?","R","BOSS","M","$","M","?","?","R","M","?","T","E"],"build_version":"2019-07-05","purchased_purges":1,"victory":false,"max_hp_per_floor":[70,70,70,70,70,70,70,70,70,70,70,70,70,70,70,70,70,70,70,70,70,70,70,70,70,70,70],"card_choices":[{"not_picked":["Flying Knee+1","Adrenaline"],"picked":"Backflip","floor":1.0},{"not_picked":["Poisoned Stab+1","PiercingWail"],"picked":"Acrobatics","floor":2.0},{"not_picked":["Sucker Punch+1","Dagger Throw+1"],"picked":"Quick Slash+1","floor":7.0},{"not_picked":["Blade Dance","Backstab+1"],"picked":"Poisoned Stab+1","floor":8.0},{"not_picked":["PiercingWail","Backflip"],"picked":"Escape Plan","floor":10.0},{"not_picked":["Dagger Spray+1","Choke+1"],"picked":"Bane+1","floor":12.0},{"not_picked":["Wraith Form v2+1","Bullet Time"],"picked":"Glass Knife+1","floor":16},{"not_picked":["Reflex","Expertise"],"picked":"Poisoned Stab+1","floor":18},{"not_picked":["Backflip+1","Quick Slash+1","Eviscerate+1"],"picked":"SKIP","floor":20},{"not_picked":["Backflip","PiercingWail"],"picked":"Crippling Poison","floor":24}],"player_experience":12394,"relics_obtained":[{"floor":0.0,"key":"Bronze Scales"},{"floor":0.0,"key":"Molten Egg 2"},{"floor":0.0,"key":"Bird Faced Urn"},{"floor":7.0,"key":"Potion Belt"},{"floor":9.0,"key":"Oddly Smooth Stone"},{"floor":11.0,"key":"Frozen Egg 2"},{"floor":25,"key":"Nilry\u0027s Codex"},{"floor":26,"key":"Letter Opener"}],"event_choices":[{"cards_removed":["Decay"],"damage_healed":0.0,"max_hp_gain":0.0,"max_hp_loss":0.0,"gold_gain":0.0,"event_name":"Golden Wing","player_choice":"Card Removal","floor":4.0,"gold_loss":0.0,"damage_taken":7.0},{"damage_healed":0.0,"max_hp_gain":0.0,"max_hp_loss":0.0,"gold_gain":0.0,"event_name":"Lab","player_choice":"Got Potions","floor":5.0,"gold_loss":0.0,"damage_taken":0.0},{"damage_healed":0.0,"max_hp_gain":0.0,"max_hp_loss":0.0,"gold_gain":0.0,"event_name":"Shining Light","player_choice":"Entered Light","floor":14.0,"gold_loss":0.0,"damage_taken":14.0,"cards_upgraded":["Defend_G","Backflip"]},{"damage_healed":0,"gold_gain":0,"player_choice":"Joined the Cult","damage_taken":6,"max_hp_gain":0,"max_hp_loss":0,"event_name":"Nest","floor":21,"gold_loss":0,"cards_obtained":["RitualDagger"]},{"damage_healed":0,"gold_gain":0,"player_choice":"Simplicity","damage_taken":0,"max_hp_gain":0,"max_hp_loss":0,"event_name":"Back to Basics","floor":22,"gold_loss":0,"cards_upgraded":["Defend_G","Defend_G","Defend_G","Defend_G","Strike_G","Strike_G","Strike_G","Strike_G","Strike_G"]},{"damage_healed":0,"gold_gain":0,"player_choice":"Obtained Book","damage_taken":16,"max_hp_gain":0,"max_hp_loss":0,"event_name":"Cursed Tome","floor":25,"gold_loss":0}],"is_beta":false,"boss_relics":[{"not_picked":["Velvet Choker","Sozu"],"picked":"Runic Pyramid"}],"items_purged_floors":[3],"is_endless":false,"potions_floor_spawned":[2,10,12,24],"killed_by":"Slavers","ascension_level":0}