{"gold_per_floor":[113,38,38,38,56,100,100,133,133,149,184,224,124,164,164,295,295,318,243,118,133,133,133,148,186,186,205,205,120,120,163,163,289,289,302,302,302,315,28,28,28,42,42,42,42,42,61,61,61,61],"floor_reached":51,"playtime":1066,"items_purged":["Strike_R","Strike_R","Strike_R"],"score":765,"play_id":"cd784b99-7f2a-43c0-b3d3-729c0202ce8c","local_time":"20190304171920","is_ascension_mode":true,"campfire_choices":[{"data":"Metallicize","floor":7.0,"key":"SMITH"},{"floor":15.0,"key":"REST"},{"data":"Limit Break","floor":23.0,"key":"SMITH"},{"floor":28.0,"key":"DIG"},{"floor":30.0,"key":"DIG"},{"floor":32.0,"key":"DIG"},{"floor":40.0,"key":"DIG"},{"floor":41.0,"key":"DIG"},{"floor":46,"key":"DIG"},{"floor":49,"key":"DIG"}],"neow_cost":"NONE","seed_source_timestamp":282823350077300,"circlet_count":0,"master_deck":["Strike_R+1","Defend_R+1","Defend_R+1","Defend_R+1","Defend_R+1","Bash+1","Shrug It Off+1","Metallicize+1","Pommel Strike+1","Flex+1","Iron Wave+1","Pommel Strike+1","Limit Break+1","Cleave+1","Body Slam+1","Infernal Blade+1","Iron Wave+1","Flame Barrier+1","Infernal Blade+1","Infernal Blade+1","Flex+1"],"special_seed":0,"relics":["Burning Blood","Golden Idol","Orichalcum","Shuriken","Singing Bowl","Odd Mushroom","Bag of Marbles","Matryoshka","Sozu","Shovel","Gremlin Horn","Frozen Egg 2","Smiling Mask","Blue Candle","Kunai","PreservedInsect","Juzu Bracelet","Cursed Key","Mark of the Bloom","WingedGreaves","Bronze Scales","Omamori","Lantern"],"potions_floor_usage":[50],"damage_taken":[{"damage":1.0,"enemies":"Cultist","floor":1.0,"turns":3.0},{"damage":2.0,"enemies":"Small Slimes","floor":5.0,"turns":4.0},{"damage":32.0,"enemies":"Gremlin Nob","floor":6.0,"turns":5.0},{"damage":24.0,"enemies":"Lagavulin","floor":8.0,"turns":7.0},{"damage":0.0,"enemies":"2 Louse","floor":10.0,"turns":2.0},{"damage":13.0,"enemies":"The Mushroom Lair","floor":11.0,"turns":4.0},{"damage":7.0,"enemies":"Gremlin Nob","floor":12.0,"turns":4.0},{"damage":17.0,"enemies":"Lagavulin","floor":14.0,"turns":4.0},{"damage":38.0,"enemies":"Hexaghost","floor":16.0,"turns":11.0},{"damage":6.0,"enemies":"3 Byrds","floor":18.0,"turns":5.0},{"damage":17.0,"enemies":"Spheric Guardian","floor":21.0,"turns":5.0},{"damage":7.0,"enemies":"Chosen and Byrds","floor":24.0,"turns":6.0},{"damage":27.0,"enemies":"Gremlin Leader","floor":25.0,"turns":7.0},{"damage":0.0,"enemies":"Centurion and Healer","floor":27.0,"turns":4.0},{"damage":21.0,"enemies":"Slavers","floor":31.0,"turns":6.0},{"damage":13.0,"enemies":"Champ","floor":33.0,"turns":9.0},{"damage":16.0,"enemies":"3 Darklings","floor":35.0,"turns":4.0},{"damage":0.0,"enemies":"Orb Walker","floor":38.0,"turns":3.0},{"damage":14.0,"enemies":"Sphere and 2 Shapes","floor":42.0,"turns":5.0},{"damage":0,"enemies":"3 Darklings","floor":47,"turns":1},{"damage":46,"enemies":"Awakened One","floor":50,"turns":9}],"seed_played":"9032791921375567521","potions_obtained":[{"floor":5.0,"key":"PowerPotion"},{"floor":8.0,"key":"SpeedPotion"},{"floor":10.0,"key":"Energy Potion"}],"is_trial":false,"path_per_floor":["M","$","?","?","M","E","R","E","T","M","?","E","$","E","R","B",null,"M","?","$","M","$","R","M","E","T","M","R","?","R","E","R","B",null,"M","?","?","M","$","R","R","M","T","$","$","R","M","?","R","B",null],"character_chosen":"IRONCLAD","items_purchased":["WingedGreaves"],"campfire_rested":1,"item_purchase_floors":[39],"current_hp_per_floor":[88,88,66,66,70,44,44,26,26,32,25,26,26,17,44,12,92,92,92,92,81,81,81,80,59,59,65,65,65,65,52,52,47,96,86,88,88,88,88,88,88,74,74,74,74,74,74,74,74,28],"gold":61,"neow_bonus":"TEN_PERCENT_HP_BONUS","is_prod":false,"is_daily":false,"chose_seed":false,"campfire_upgraded":2,"win_rate":0,"timestamp":1551719960,"path_taken":["M","$","?","?","?","E","R","E","T","M","?","E","$","E","R","BOSS","M","?","$","M","$","R","M","E","T","M","R","?","R","E","R","BOSS","M","?","?","M","?","R","R","M","T","?","$","R","M","?","R","BOSS"],"build_version":"2019-01-23","purchased_purges":3,"victory":true,"max_hp_per_floor":[88,88,88,88,88,88,88,88,88,88,88,90,90,92,92,92,92,92,92,92,92,92,92,92,92,92,92,92,92,92,94,94,96,96,96,98,98,98,98,98,98,100,100,100,100,100,100,100,100,100],"card_choices":[{"not_picked":["Clothesline","Whirlwind"],"picked":"Shrug It Off","floor":1.0},{"not_picked":["Clash","Feel No Pain"],"picked":"Metallicize","floor":5.0},{"not_picked":["Sever Soul","Carnage"],"picked":"Pommel Strike","floor":6.0},{"not_picked":["Searing Blow","Blood for Blood"],"picked":"Flex","floor":8.0},{"not_picked":["Shockwave","Twin Strike"],"picked":"Iron Wave","floor":10.0},{"not_picked":["Sword Boomerang","Headbutt"],"picked":"Pommel Strike","floor":11.0},{"not_picked":["Evolve","True Grit","Clash"],"picked":"Singing Bowl","floor":12.0},{"not_picked":["Demon Form","Blood for Blood","Flex"],"picked":"Singing Bowl","floor":14.0},{"not_picked":["Demon Form","Berserk"],"picked":"Limit Break","floor":16.0},{"not_picked":["Searing Blow","Iron Wave"],"picked":"Cleave","floor":18.0},{"not_picked":["Havoc","Entrench+1"],"picked":"Body Slam+1","floor":21.0},{"not_picked":["Juggernaut","Havoc+1"],"picked":"Infernal Blade","floor":24.0},{"not_picked":["Armaments","Warcry+1"],"picked":"Iron Wave+1","floor":25.0},{"not_picked":["Entrench","Sentinel"],"picked":"Flame Barrier","floor":27.0},{"not_picked":["Anger","True Grit","Burning Pact"],"picked":"Singing Bowl","floor":31.0},{"not_picked":["Feed","Juggernaut+1","Dark Embrace+1"],"picked":"Singing Bowl","floor":33.0},{"not_picked":["Evolve+1","Wild Strike"],"picked":"Infernal Blade+1","floor":35.0},{"not_picked":["Thinking Ahead","Enlightenment","Good Instincts"],"picked":"Singing Bowl","floor":36.0},{"not_picked":["Havoc+1","Bloodletting"],"picked":"Infernal Blade+1","floor":38.0},{"not_picked":["Pommel Strike","Warcry","Anger+1"],"picked":"Singing Bowl","floor":42.0},{"not_picked":["Headbutt+1","True Grit+1"],"picked":"Flex+1","floor":47}],"player_experience":1227257,"relics_obtained":[{"floor":6.0,"key":"Orichalcum"},{"floor":8.0,"key":"Shuriken"},{"floor":9.0,"key":"Singing Bowl"},{"floor":11.0,"key":"Odd Mushroom"},{"floor":12.0,"key":"Bag of Marbles"},{"floor":14.0,"key":"Matryoshka"},{"floor":25.0,"key":"Shovel"},{"floor":26.0,"key":"Gremlin Horn"},{"floor":26.0,"key":"Frozen Egg 2"},{"floor":28.0,"key":"Smiling Mask"},{"floor":30.0,"key":"Kunai"},{"floor":31.0,"key":"PreservedInsect"},{"floor":32.0,"key":"Juzu Bracelet"},{"floor":40.0,"key":"Bronze Scales"},{"floor":46,"key":"Omamori"},{"floor":49,"key":"Lantern"}],"event_choices":[{"damage_healed":0.0,"max_hp_gain":0.0,"max_hp_loss":0.0,"gold_gain":0.0,"event_name":"Golden Idol","player_choice":"Take Damage","floor":3.0,"gold_loss":0.0,"damage_taken":22.0,"relics_obtained":["Golden Idol"]},{"damage_healed":0.0,"max_hp_gain":0.0,"max_hp_loss":0.0,"gold_gain":0.0,"event_name":"Upgrade Shrine","player_choice":"Upgraded","floor":4.0,"gold_loss":0.0,"damage_taken":0.0,"cards_upgraded":["Bash"]},{"damage_healed":0.0,"max_hp_gain":0.0,"max_hp_loss":0.0,"gold_gain":0.0,"event_name":"Mushrooms","player_choice":"Fought Mushrooms","floor":11.0,"gold_loss":0.0,"damage_taken":0.0},{"cards_removed":["Strike_R"],"damage_healed":0.0,"max_hp_gain":0.0,"max_hp_loss":0.0,"gold_gain":0.0,"event_name":"Beggar","player_choice":"Gave Gold","floor":19.0,"gold_loss":75.0,"damage_taken":0.0},{"damage_healed":0.0,"max_hp_gain":0.0,"max_hp_loss":0.0,"gold_gain":0.0,"event_name":"Addict","player_choice":"Obtained Relic","floor":29.0,"gold_loss":85.0,"damage_taken":0.0,"relics_obtained":["Blue Candle"]},{"damage_healed":0.0,"max_hp_gain":0.0,"max_hp_loss":0.0,"gold_gain":0.0,"event_name":"SensoryStone","player_choice":"Memory 1","floor":36.0,"gold_loss":0.0,"damage_taken":0.0},{"damage_healed":0.0,"max_hp_gain":0.0,"max_hp_loss":0.0,"gold_gain":0.0,"event_name":"MindBloom","player_choice":"Upgrade","floor":37.0,"gold_loss":0.0,"damage_taken":0.0,"cards_upgraded":["Strike_R","Defend_R","Defend_R","Defend_R","Defend_R","Shrug It Off","Pommel Strike","Flex","Iron Wave","Pommel Strike","Cleave","Infernal Blade","Flame Barrier"],"relics_obtained":["Mark of the Bloom"]},{"damage_healed":0,"gold_gain":0,"player_choice":"Ignored","damage_taken":0,"max_hp_gain":0,"max_hp_loss":0,"event_name":"Upgrade Shrine","floor":48,"gold_loss":0}],"is_beta":false,"boss_relics":[{"not_picked":["Runic Cube","Velvet Choker"],"picked":"Sozu"},{"not_picked":["Tiny House","Orrery"],"picked":"Cursed Key"}],"items_purged_floors":[2,13,20],"is_endless":false,"potions_floor_spawned":[5,8,10,18,21,24,33,35,42],"ascension_level":1}