{"gold_per_floor":[114,124,124,124,49,49,76,76,76,86,86,86,0,29,29,106,106,106,5,5,5,5,5,5,5,5,5,5,5,5,5,5,5],"floor_reached":33,"playtime":980,"items_purged":[],"score":596,"play_id":"763fed17-7d4c-4573-b2c8-47f55baf962d","local_time":"20181201165504","is_ascension_mode":true,"campfire_choices":[{"data":"Neutralize","floor":6.0,"key":"SMITH"},{"data":"Dash","floor":12.0,"key":"SMITH"},{"data":"Caltrops","floor":15.0,"key":"SMITH"},{"data":"Dagger Spray","floor":23.0,"key":"SMITH"},{"floor":29,"key":"REST"},{"floor":32,"key":"REST"}],"neow_cost":"NONE","seed_source_timestamp":9133909640008,"circlet_count":0,"master_deck":["AscendersBane","Defend_G","Defend_G","Defend_G","Strike_G","Strike_G","Strike_G","Strike_G","Survivor","Neutralize+1","Dash+1","Dodge and Roll","Dagger Spray+1","Masterful Stab","Caltrops+1","Backstab+1","Corpse Explosion","Flash of Steel+1","Terror+1","Blade Dance","Blur","Cloak And Dagger+1","Cloak And Dagger+1","Concentrate+1"],"special_seed":0,"relics":["Ring of the Snake","NeowsBlessing","Gremlin Horn","Letter Opener","Molten Egg 2","Bottled Flame","Ectoplasm","Shuriken","Toxic Egg 2"],"potions_floor_usage":[24,25,27],"damage_taken":[{"damage":0.0,"enemies":"Small Slimes","floor":1.0,"turns":1.0},{"damage":0.0,"enemies":"2 Louse","floor":2.0,"turns":1.0},{"damage":0.0,"enemies":"Lagavulin","floor":7.0,"turns":1.0},{"damage":0.0,"enemies":"Cultist","floor":10.0,"turns":4.0},{"damage":18.0,"enemies":"3 Sentries","floor":14.0,"turns":9.0},{"damage":37.0,"enemies":"Hexaghost","floor":16.0,"turns":11.0},{"damage":6.0,"enemies":"Spheric Guardian","floor":18.0,"turns":4.0},{"damage":0.0,"enemies":"3 Byrds","floor":20.0,"turns":2.0},{"damage":31,"enemies":"Gremlin Leader","floor":24,"turns":4},{"damage":0,"enemies":"Snake Plant","floor":25,"turns":2},{"damage":9,"enemies":"Sentry and Sphere","floor":27,"turns":4},{"damage":8,"enemies":"Centurion and Healer","floor":30,"turns":6},{"damage":8,"enemies":"Snecko","floor":31,"turns":4},{"damage":46,"enemies":"Champ","floor":33,"turns":5}],"seed_played":"3557577831518085821","potions_obtained":[{"floor":1.0,"key":"FearPotion"},{"floor":14.0,"key":"Ancient Potion"},{"floor":16.0,"key":"Poison Potion"},{"floor":18.0,"key":"LiquidBronze"},{"floor":20.0,"key":"AttackPotion"},{"floor":24,"key":"Fire Potion"}],"is_trial":false,"path_per_floor":["M","M","?","?","?","R","E","?","T","M","T","R","$","E","R","B",null,"M","$","M","?","?","R","E","M","T","M","$","R","M","M","R","B"],"character_chosen":"THE_SILENT","items_purchased":["Caltrops","Flash of Steel+1"],"campfire_rested":2,"item_purchase_floors":[13,19],"current_hp_per_floor":[59,59,64,57,57,57,57,57,57,57,57,57,57,39,39,2,54,48,48,48,48,48,48,17,17,17,8,8,29,21,13,34,0],"gold":5,"neow_bonus":"THREE_ENEMY_KILL","is_prod":false,"is_daily":false,"chose_seed":false,"campfire_upgraded":4,"win_rate":0,"timestamp":1543701304,"path_taken":["M","M","?","?","?","R","E","?","T","M","?","R","$","E","R","BOSS","M","$","?","?","?","R","E","M","T","M","$","R","?","M","R","BOSS"],"build_version":"2018-11-15","purchased_purges":0,"victory":false,"max_hp_per_floor":[66,66,71,71,71,71,71,71,71,71,71,71,71,71,71,71,71,71,71,71,71,71,71,71,71,71,71,71,71,71,71,71,71],"card_choices":[{"not_picked":["Deadly Poison","Poisoned Stab"],"picked":"Dash","floor":1.0},{"not_picked":["Deadly Poison","Bane"],"picked":"Dodge and Roll","floor":2.0},{"not_picked":["Catalyst","Deadly Poison"],"picked":"Dagger Spray","floor":7.0},{"not_picked":["Terror","Choke"],"picked":"Masterful Stab","floor":10.0},{"not_picked":["Poisoned Stab+1","Bane+1"],"picked":"Backstab+1","floor":14.0},{"not_picked":["Unload+1","Bullet Time"],"picked":"Corpse Explosion","floor":16.0},{"not_picked":["Outmaneuver","Bane+1","Finisher+1"],"picked":"SKIP","floor":18.0},{"not_picked":["Backstab+1","Deadly Poison"],"picked":"Terror+1","floor":20.0},{"not_picked":["Poisoned Stab+1","Bane+1"],"picked":"Blade Dance","floor":24},{"not_picked":["Deflect","Underhanded Strike+1"],"picked":"Blur","floor":25},{"not_picked":["Acrobatics+1","Deadly Poison+1"],"picked":"Cloak And Dagger+1","floor":27},{"not_picked":["Concentrate+1","Calculated Gamble+1"],"picked":"Cloak And Dagger+1","floor":30},{"not_picked":["Underhanded Strike+1","Tools of the Trade"],"picked":"Concentrate+1","floor":31}],"player_experience":472054,"relics_obtained":[{"floor":7.0,"key":"Gremlin Horn"},{"floor":9.0,"key":"Letter Opener"},{"floor":11.0,"key":"Molten Egg 2"},{"floor":14.0,"key":"Bottled Flame"},{"floor":24,"key":"Shuriken"},{"floor":26,"key":"Toxic Egg 2"}],"event_choices":[{"damage_healed":0.0,"max_hp_gain":5.0,"max_hp_loss":0.0,"gold_gain":0.0,"event_name":"Big Fish","player_choice":"Donut","floor":3.0,"gold_loss":0.0,"damage_taken":0.0},{"cards_removed":["Defend_G"],"damage_healed":0.0,"max_hp_gain":0.0,"max_hp_loss":0.0,"gold_gain":0.0,"event_name":"Golden Wing","player_choice":"Card Removal","floor":4.0,"gold_loss":0.0,"damage_taken":7.0},{"cards_removed":["Defend_G"],"damage_healed":0.0,"max_hp_gain":0.0,"max_hp_loss":0.0,"gold_gain":0.0,"event_name":"The Cleric","player_choice":"Card Removal","floor":5.0,"gold_loss":75.0,"damage_taken":0.0},{"damage_healed":0.0,"max_hp_gain":0.0,"max_hp_loss":0.0,"gold_gain":0.0,"event_name":"Liars Game","player_choice":"Ignored","floor":8.0,"gold_loss":0.0,"damage_taken":0.0},{"damage_healed":0.0,"max_hp_gain":0.0,"max_hp_loss":0.0,"gold_gain":0.0,"event_name":"Beggar","player_choice":"Ignored","floor":21.0,"gold_loss":0.0,"damage_taken":0.0},{"cards_removed":["Strike_G"],"damage_healed":0.0,"max_hp_gain":0.0,"max_hp_loss":0.0,"gold_gain":0.0,"event_name":"Bonfire Elementals","player_choice":"Offered Basic","floor":22.0,"gold_loss":0.0,"damage_taken":0.0}],"is_beta":false,"boss_relics":[{"not_picked":["Black Star","Fusion Hammer"],"picked":"Ectoplasm"}],"items_purged_floors":[],"is_endless":false,"potions_floor_spawned":[1,14,16,18,20,24],"killed_by":"Champ","ascension_level":20}