{"gold_per_floor":[116,116,116,127,137,137,163,175,175,175,192,192,245,11,11,84,84,97,97,97,52,67,67,67],"floor_reached":24,"playtime":763,"items_purged":[],"score":392,"play_id":"82cf788f-bbc3-49f0-916f-a71a794863e5","local_time":"20190519165254","is_ascension_mode":true,"campfire_choices":[{"data":"Neutralize","floor":6.0,"key":"SMITH"},{"floor":12.0,"key":"REST"},{"data":"Bullet Time","floor":15.0,"key":"SMITH"},{"floor":23,"key":"REST"}],"neow_cost":"NONE","seed_source_timestamp":1917406962852135,"circlet_count":0,"master_deck":["AscendersBane","Defend_G","Defend_G","Defend_G","Defend_G","Defend_G","Strike_G","Strike_G","Strike_G","Strike_G","Strike_G","Survivor","Neutralize+1","Backstab","Poisoned Stab","Flying Knee","Sucker Punch","Footwork+1","Bullet Time+1","Deadly Poison","After Image","Caltrops","Dagger Spray","Blade Dance"],"special_seed":0,"relics":["Ring of the Snake","NeowsBlessing","Omamori","Kunai","Membership Card","Philosopher\u0027s Stone"],"potions_floor_usage":[22,22,22,22,22],"damage_taken":[{"damage":0.0,"enemies":"Small Slimes","floor":1.0,"turns":1.0},{"damage":0.0,"enemies":"Jaw Worm","floor":4.0,"turns":1.0},{"damage":0.0,"enemies":"Cultist","floor":5.0,"turns":1.0},{"damage":66.0,"enemies":"3 Sentries","floor":7.0,"turns":15.0},{"damage":0.0,"enemies":"Red Slaver","floor":8.0,"turns":3.0},{"damage":0.0,"enemies":"Blue Slaver","floor":11.0,"turns":3.0},{"damage":26.0,"enemies":"The Guardian","floor":16.0,"turns":13.0},{"damage":18,"enemies":"Shell Parasite","floor":18,"turns":8},{"damage":30,"enemies":"2 Thieves","floor":21,"turns":5},{"damage":9,"enemies":"Snecko","floor":22,"turns":5},{"damage":43,"enemies":"Sentry and Sphere","floor":24,"turns":7}],"seed_played":"-9054587632403296180","potions_obtained":[{"floor":1.0,"key":"Dexterity Potion"},{"floor":4.0,"key":"LiquidBronze"},{"floor":5.0,"key":"Regen Potion"},{"floor":16.0,"key":"Poison Potion"},{"floor":18,"key":"SneckoOil"},{"floor":19,"key":"EntropicBrew"},{"floor":21,"key":"EntropicBrew"}],"is_trial":false,"path_per_floor":["M","?","?","M","M","R","E","M","T","?","M","R","?","$","R","B",null,"M","?","$","M","M","R","M"],"character_chosen":"THE_SILENT","items_purchased":["Membership Card","Deadly Poison"],"campfire_rested":2,"item_purchase_floors":[14,14],"current_hp_per_floor":[59,64,64,64,64,64,13,13,13,13,13,34,34,34,34,8,55,37,37,37,7,13,34,0],"gold":67,"neow_bonus":"THREE_ENEMY_KILL","is_prod":false,"is_daily":false,"chose_seed":false,"campfire_upgraded":2,"win_rate":0,"timestamp":1558299174,"path_taken":["M","?","?","M","M","R","E","M","T","?","?","R","?","$","R","BOSS","M","?","$","?","M","R","M"],"build_version":"2019-01-23","purchased_purges":0,"victory":false,"max_hp_per_floor":[66,71,71,71,71,71,71,71,71,71,71,71,71,71,71,71,71,71,71,71,71,71,71,71],"card_choices":[{"not_picked":["Leg Sweep","PiercingWail"],"picked":"Backstab","floor":1.0},{"not_picked":["Bane","Dodge and Roll"],"picked":"Poisoned Stab","floor":4.0},{"not_picked":["Cloak And Dagger","Outmaneuver"],"picked":"Flying Knee","floor":5.0},{"not_picked":["Flying Knee","Infinite Blades"],"picked":"Sucker Punch","floor":7.0},{"not_picked":["Sucker Punch","Eviscerate"],"picked":"Footwork","floor":8.0},{"not_picked":["Distraction","Sucker Punch"],"picked":"Bullet Time","floor":11.0},{"not_picked":["Unload","Bullet Time"],"picked":"After Image","floor":16.0},{"not_picked":["Sucker Punch","Crippling Poison"],"picked":"Caltrops","floor":18},{"not_picked":["Sucker Punch","Deadly Poison+1"],"picked":"Dagger Spray","floor":21},{"not_picked":["Deadly Poison","Deflect"],"picked":"Blade Dance","floor":22}],"player_experience":695420,"relics_obtained":[{"floor":7.0,"key":"Omamori"},{"floor":9.0,"key":"Kunai"}],"event_choices":[{"damage_healed":0.0,"max_hp_gain":5.0,"max_hp_loss":0.0,"gold_gain":0.0,"event_name":"Big Fish","player_choice":"Donut","floor":2.0,"gold_loss":0.0,"damage_taken":0.0},{"damage_healed":0.0,"max_hp_gain":0.0,"max_hp_loss":0.0,"gold_gain":0.0,"event_name":"Liars Game","player_choice":"Ignored","floor":3.0,"gold_loss":0.0,"damage_taken":0.0},{"damage_healed":0.0,"max_hp_gain":0.0,"max_hp_loss":0.0,"gold_gain":0.0,"event_name":"Living Wall","player_choice":"Grow","floor":10.0,"gold_loss":0.0,"damage_taken":0.0,"cards_upgraded":["Footwork"]},{"damage_healed":0.0,"max_hp_gain":0.0,"max_hp_loss":0.0,"gold_gain":53.0,"event_name":"Golden Wing","player_choice":"Gained Gold","floor":13.0,"gold_loss":0.0,"damage_taken":0.0},{"damage_healed":0,"gold_gain":0,"player_choice":"Got Potions","damage_taken":0,"max_hp_gain":0,"max_hp_loss":0,"event_name":"Lab","floor":19,"gold_loss":0}],"is_beta":false,"boss_relics":[{"not_picked":["Runic Dome","Orrery"],"picked":"Philosopher\u0027s Stone"}],"items_purged_floors":[],"is_endless":false,"potions_floor_spawned":[1,4,5,16,18,21],"killed_by":"Sentry and Sphere","ascension_level":20}