{"gold_per_floor":[119,137,147,4,4,35,35,45,124,124,143,163,178,194,194,297,297,307,94,107,121,36,36,36,36,36,70,82,99,99,99,99,99],"floor_reached":33,"playtime":2972,"items_purged":[],"score":296,"play_id":"77753b82-e388-4c0e-89a4-baeec0d4e794","local_time":"20180701142000","is_ascension_mode":false,"campfire_choices":[{"floor":7.0,"key":"REST"},{"data":"Anger","floor":10.0,"key":"SMITH"},{"floor":15.0,"key":"REST"},{"floor":23,"key":"REST"},{"data":"Berserk","floor":25,"key":"SMITH"},{"floor":30,"key":"REST"},{"floor":32,"key":"REST"}],"neow_cost":"","seed_source_timestamp":0,"circlet_count":0,"master_deck":["Strike_R","Strike_R","Strike_R","Strike_R","Strike_R","Defend_R","Defend_R+1","Defend_R","Defend_R","Bash","Flex+1","Sword Boomerang","Anger+1","Iron Wave","Clash","Whirlwind","Perfected Strike","Headbutt","Berserk+1","Perfected Strike+1","Rage","Dropkick+1","Clothesline","Reckless Charge","Armaments","Armaments","Perfected Strike+1"],"special_seed":0,"relics":["Black Blood","Pen Nib","Bird Faced Urn","Toolbox","Strawberry","Happy Flower","Dodecahedron","Juzu Bracelet"],"potions_floor_usage":[],"damage_taken":[{"damage":9.0,"enemies":"2 Louse","floor":1.0,"turns":3.0},{"damage":10.0,"enemies":"Jaw Worm","floor":2.0,"turns":4.0},{"damage":3.0,"enemies":"Small Slimes","floor":3.0,"turns":3.0},{"damage":22.0,"enemies":"3 Sentries","floor":6.0,"turns":8.0},{"damage":8.0,"enemies":"Red Slaver","floor":8.0,"turns":4.0},{"damage":9.0,"enemies":"2 Fungi Beasts","floor":11.0,"turns":2.0},{"damage":0.0,"enemies":"Blue Slaver","floor":12.0,"turns":2.0},{"damage":29.0,"enemies":"Large Slime","floor":13.0,"turns":6.0},{"damage":12.0,"enemies":"Gremlin Gang","floor":14.0,"turns":4.0},{"damage":67.0,"enemies":"Hexaghost","floor":16.0,"turns":9.0},{"damage":14.0,"enemies":"2 Thieves","floor":18.0,"turns":4.0},{"damage":32.0,"enemies":"Chosen","floor":20.0,"turns":4.0},{"damage":20.0,"enemies":"Snake Plant","floor":21.0,"turns":3.0},{"damage":58,"enemies":"Slavers","floor":27,"turns":6},{"damage":36,"enemies":"Slaver and Parasite","floor":28,"turns":7},{"damage":7,"enemies":"Snecko","floor":29,"turns":6},{"damage":85,"enemies":"Automaton","floor":33,"turns":10}],"seed_played":"-5239660453513941511","potions_obtained":[{"floor":3.0,"key":"Explosive Potion"},{"floor":8.0,"key":"GamblersBrew"},{"floor":12.0,"key":"Block Potion"}],"is_trial":false,"path_per_floor":["M","M","M","$","?","E","R","M","T","R","M","M","M","M","R","B",null,"M","$","M","M","?","R","?","R","T","E","M","M","R","$","R"],"character_chosen":"IRONCLAD","items_purchased":["Pen Nib","Rage","Strawberry"],"campfire_rested":5,"item_purchase_floors":[],"current_hp_per_floor":[85,81,84,84,66,50,76,74,74,74,73,81,60,54,80,23,88,84,91,73,63,63,91,91,91,91,45,21,26,54,54,82,0],"gold":99,"neow_bonus":"","is_prod":false,"is_daily":false,"chose_seed":false,"campfire_upgraded":2,"win_rate":0.0,"timestamp":1530469200,"path_taken":["M","M","M","$","?","E","R","M","T","R","M","M","M","?","R","BOSS","M","$","M","M","?","R","?","R","T","E","M","M","R","$","R","BOSS"],"build_version":"2018-06-28","purchased_purges":0,"victory":false,"max_hp_per_floor":[88,88,88,88,88,88,88,88,88,88,88,88,88,88,88,88,88,88,95,95,95,95,95,95,95,95,95,95,95,95,95,95,95],"card_choices":[{"not_picked":["Thunderclap","Anger"],"picked":"Flex","floor":1.0},{"not_picked":["Headbutt","Spot Weakness"],"picked":"Sword Boomerang","floor":2.0},{"not_picked":["Ghostly Armor","Cleave"],"picked":"Anger","floor":3.0},{"not_picked":["Fiend Fire","Clothesline"],"picked":"Iron Wave","floor":6.0},{"not_picked":["Uppercut","Iron Wave"],"picked":"Clash","floor":8.0},{"not_picked":["Uppercut","True Grit"],"picked":"Combust","floor":11.0},{"not_picked":["Sever Soul","Anger"],"picked":"Whirlwind","floor":12.0},{"not_picked":["Shockwave","Dark Embrace"],"picked":"Perfected Strike","floor":13.0},{"not_picked":["Corruption","Blood for Blood"],"picked":"Headbutt","floor":14.0},{"not_picked":["Offering","Dark Embrace"],"picked":"Berserk","floor":16.0},{"not_picked":["Pommel Strike","Thunderclap"],"picked":"Perfected Strike+1","floor":18.0},{"not_picked":["Corruption","Feel No Pain+1"],"picked":"Dropkick+1","floor":20.0},{"not_picked":["Carnage+1","Fire Breathing+1"],"picked":"Clothesline","floor":21},{"not_picked":["Warcry","Clothesline"],"picked":"Armaments","floor":27},{"not_picked":["Searing Blow","Pommel Strike"],"picked":"Armaments","floor":28},{"not_picked":["Clash","Dropkick"],"picked":"Perfected Strike+1","floor":29}],"player_experience":9177,"relics_obtained":[{"floor":6.0,"key":"Bird Faced Urn"},{"floor":9.0,"key":"Toolbox"},{"floor":26,"key":"Dodecahedron"},{"floor":27,"key":"Juzu Bracelet"}],"event_choices":[{"event_name":"Shining Light","player_choice":"Entered Light","floor":5.0,"damage_taken":0.0},{"event_name":"Addict","player_choice":"Obtained Relic","floor":22,"damage_taken":0},{"event_name":"Transmorgrifier","player_choice":"Transform","floor":24,"damage_taken":0}],"boss_relics":[{"not_picked":["Snecko Eye","Coffee Dripper"],"picked":"Black Blood"}],"items_purged_floors":[],"is_endless":false,"potions_floor_spawned":[3,8,12,13,14,18,29],"killed_by":"Automaton","ascension_level":0}