{"gold_per_floor":[113,128,139,139,139,172,172,172,172,192,223,238,238,193,193,193],"floor_reached":16,"playtime":963,"items_purged":[],"score":110,"play_id":"6f6a9dcd-0919-4a33-94db-bcab21e5a032","local_time":"20180701231038","is_ascension_mode":false,"campfire_choices":[{"data":"Pommel Strike","floor":7,"key":"SMITH"},{"data":"Flex","floor":13,"key":"SMITH"},{"floor":15,"key":"REST"}],"neow_cost":"NONE","seed_source_timestamp":5398687870506130,"circlet_count":0,"master_deck":["Strike_R","Strike_R","Strike_R","Strike_R","Strike_R","Defend_R","Defend_R","Defend_R","Defend_R","Bash","Cleave","Headbutt","Pommel Strike+1","Dropkick","Body Slam","Flex+1","Anger","Pommel Strike"],"relics":["Burning Blood","NeowsBlessing","Dodecahedron","Ancient Tea Set","Bottled Lightning","Anchor"],"potions_floor_usage":[],"damage_taken":[{"damage":0,"enemies":"2 Louse","floor":1,"turns":1},{"damage":0,"enemies":"Cultist","floor":2,"turns":1},{"damage":0,"enemies":"Small Slimes","floor":3,"turns":1},{"damage":17,"enemies":"3 Sentries","floor":6,"turns":7},{"damage":5,"enemies":"Red Slaver","floor":10,"turns":4},{"damage":23,"enemies":"Gremlin Nob","floor":11,"turns":4},{"damage":2,"enemies":"3 Louse","floor":12,"turns":3},{"damage":73,"enemies":"The Guardian","floor":16,"turns":8}],"seed_played":"5224029455648274181","potions_obtained":[{"floor":1,"key":"Weak Potion"},{"floor":10,"key":"AttackPotion"},{"floor":12,"key":"SkillPotion"}],"is_trial":false,"path_per_floor":["M","M","M","?","?","E","R","?","T","M","E","M","R","$","R"],"character_chosen":"IRONCLAD","items_purchased":["Pommel Strike"],"campfire_rested":1,"item_purchase_floors":[14],"current_hp_per_floor":[80,80,80,80,80,69,69,57,57,58,41,45,45,45,69,0],"gold":193,"neow_bonus":"THREE_ENEMY_KILL","is_prod":false,"is_daily":false,"chose_seed":false,"campfire_upgraded":2,"win_rate":0.0,"timestamp":1530501038,"path_taken":["M","M","M","?","?","E","R","?","T","M","E","?","R","$","R","BOSS"],"build_version":"2018-06-28","purchased_purges":0,"victory":false,"max_hp_per_floor":[80,80,80,80,80,80,80,80,80,80,80,80,80,80,80,80],"card_choices":[{"not_picked":["Feel No Pain","Power Through"],"picked":"Cleave","floor":1},{"not_picked":["Reckless Charge","Rupture"],"picked":"Headbutt","floor":2},{"not_picked":["Second Wind","Metallicize"],"picked":"Pommel Strike","floor":3},{"not_picked":["Sword Boomerang","Heavy Blade"],"picked":"Dropkick","floor":6},{"not_picked":["Intimidate","True Grit"],"picked":"Body Slam","floor":10},{"not_picked":["Clash","Iron Wave"],"picked":"Flex","floor":11},{"not_picked":["Burning Pact","Seeing Red"],"picked":"Anger","floor":12}],"player_experience":29971,"relics_obtained":[{"floor":6,"key":"Dodecahedron"},{"floor":9,"key":"Bottled Lightning"},{"floor":11,"key":"Anchor"}],"event_choices":[{"event_name":"The Woman in Blue","player_choice":"Bought 0 Potions","floor":4,"damage_taken":0},{"event_name":"The Cleric","player_choice":"Leave","floor":5,"damage_taken":0},{"event_name":"Scrap Ooze","player_choice":"success","floor":8,"damage_taken":12}],"boss_relics":[],"items_purged_floors":[],"is_endless":false,"potions_floor_spawned":[1,10,12],"killed_by":"The Guardian","ascension_level":0}