{"gold_per_floor":[117,117,131,151,151,165,198,198,198,198,198,212,212,229,229,306,306,323,323,323],"floor_reached":20,"playtime":661,"items_purged":[],"score":348,"play_id":"c1315549-0fa5-4c83-97c7-6caa8c148009","local_time":"20190412201358","is_ascension_mode":true,"campfire_choices":[{"floor":8.0,"key":"REST"},{"data":"Noxious Fumes","floor":11.0,"key":"SMITH"},{"data":"Neutralize","floor":13.0,"key":"SMITH"},{"floor":15.0,"key":"REST"}],"neow_cost":"TEN_PERCENT_HP_LOSS","seed_source_timestamp":0,"circlet_count":0,"master_deck":["AscendersBane","Defend_G","Defend_G","Defend_G","Defend_G","Defend_G","Strike_G","Strike_G","Strike_G","Strike_G","Strike_G","Survivor","Neutralize+1","Cloak And Dagger","A Thousand Cuts+1","Sucker Punch","Cloak And Dagger","Heel Hook","Noxious Fumes+1","Backstab","Dash","Dagger Throw","Storm of Steel","Infinite Blades"],"special_seed":0,"relics":["Ring of the Snake","Calipers","Strawberry","Kunai","Eternal Feather"],"potions_floor_usage":[],"damage_taken":[{"damage":0.0,"enemies":"Jaw Worm","floor":1.0,"turns":5.0},{"damage":0.0,"enemies":"Cultist","floor":3.0,"turns":4.0},{"damage":1.0,"enemies":"2 Louse","floor":4.0,"turns":4.0},{"damage":8.0,"enemies":"Looter","floor":6.0,"turns":4.0},{"damage":30.0,"enemies":"3 Sentries","floor":7.0,"turns":8.0},{"damage":5.0,"enemies":"Gremlin Gang","floor":12.0,"turns":4.0},{"damage":12.0,"enemies":"Large Slime","floor":14.0,"turns":5.0},{"damage":16.0,"enemies":"Slime Boss","floor":16.0,"turns":6.0},{"damage":19.0,"enemies":"Spheric Guardian","floor":18.0,"turns":7.0},{"damage":51,"enemies":"Colosseum Slavers","floor":20,"turns":5}],"seed_played":"2724487050296065023","potions_obtained":[{"floor":1.0,"key":"PowerPotion"},{"floor":7.0,"key":"Energy Potion"},{"floor":12.0,"key":"SteroidPotion"}],"is_trial":false,"path_per_floor":["M","?","M","M","?","M","E","R","T","?","R","M","R","M","R","B",null,"M","?","?"],"character_chosen":"THE_SILENT","items_purchased":[],"campfire_rested":2,"item_purchase_floors":[],"current_hp_per_floor":[59,59,59,58,58,50,27,47,47,47,47,42,42,30,50,34,59,40,40,0],"gold":323,"neow_bonus":"ONE_RARE_RELIC","is_prod":false,"is_daily":false,"chose_seed":false,"campfire_upgraded":2,"win_rate":0,"timestamp":1555114438,"path_taken":["M","?","?","?","?","M","E","R","T","?","R","?","R","M","R","BOSS","M","?","?"],"build_version":"2019-01-23","purchased_purges":0,"victory":false,"max_hp_per_floor":[60,60,60,60,60,60,67,67,67,67,67,67,67,67,67,67,67,67,67,67],"card_choices":[{"not_picked":["Flechettes","Backflip"],"picked":"Cloak And Dagger","floor":1.0},{"not_picked":["Leg Sweep","Well Laid Plans"],"picked":"Cloak And Dagger","floor":3.0},{"not_picked":["Slice","Concentrate"],"picked":"Heel Hook","floor":4.0},{"not_picked":["Prepared","Accuracy"],"picked":"Noxious Fumes","floor":6.0},{"not_picked":["PiercingWail","Setup"],"picked":"Backstab","floor":7.0},{"not_picked":["Tools of the Trade","Deadly Poison"],"picked":"Dash","floor":12.0},{"not_picked":["Prepared","Deflect"],"picked":"Dagger Throw","floor":14.0},{"not_picked":["Grand Finale","Phantasmal Killer"],"picked":"Storm of Steel","floor":16.0},{"not_picked":["Flechettes","Endless Agony"],"picked":"Infinite Blades","floor":18.0}],"player_experience":632163,"relics_obtained":[{"floor":7.0,"key":"Strawberry"},{"floor":9.0,"key":"Kunai"}],"event_choices":[{"damage_healed":0.0,"max_hp_gain":0.0,"max_hp_loss":0.0,"gold_gain":0.0,"event_name":"Match and Keep!","player_choice":"2 cards matched","floor":2.0,"gold_loss":0.0,"damage_taken":0.0,"cards_obtained":["A Thousand Cuts","Sucker Punch"]},{"damage_healed":0.0,"max_hp_gain":0.0,"max_hp_loss":0.0,"gold_gain":0.0,"event_name":"Liars Game","player_choice":"Ignored","floor":5.0,"gold_loss":0.0,"damage_taken":0.0},{"damage_healed":0.0,"max_hp_gain":0.0,"max_hp_loss":0.0,"gold_gain":0.0,"event_name":"Upgrade Shrine","player_choice":"Upgraded","floor":10.0,"gold_loss":0.0,"damage_taken":0.0,"cards_upgraded":["A Thousand Cuts"]},{"damage_healed":0.0,"max_hp_gain":0.0,"max_hp_loss":0.0,"gold_gain":0.0,"event_name":"The Mausoleum","player_choice":"Ignored","floor":19.0,"gold_loss":0.0,"damage_taken":0.0},{"damage_healed":0,"gold_gain":0,"player_choice":"Fight","damage_taken":0,"max_hp_gain":0,"max_hp_loss":0,"event_name":"Colosseum","floor":20,"gold_loss":0}],"is_beta":false,"boss_relics":[{"not_picked":["Lizard Tail","White Beast Statue"],"picked":"Eternal Feather"}],"items_purged_floors":[],"is_endless":false,"potions_floor_spawned":[1,7,12],"killed_by":"Colosseum Slavers","ascension_level":20}