{"gold_per_floor":[360,360,371,385,400,400,13,48,100,133,133,166,166,180,180,254,254,274,274,274,274,274,274,300,300,300,300,314,325,325,325,325,402,402,416,416,516,533,353,386,386,62,62,62,88,122,172,182,182,182,182,182,182,19,47,47],"floor_reached":56,"playtime":1538,"items_purged":["Strike_R","Strike_R+1"],"score":1999,"play_id":"c0a72ab6-2be8-4074-82f8-5cffcf782f09","local_time":"20190709205718","is_ascension_mode":true,"campfire_choices":[{"data":"Immolate","floor":6.0,"key":"SMITH"},{"floor":13.0,"key":"REST"},{"data":"Bash","floor":15.0,"key":"SMITH"},{"data":"Demon Form","floor":23.0,"key":"SMITH"},{"floor":25.0,"key":"REST"},{"data":"Flame Barrier","floor":27.0,"key":"SMITH"},{"data":"Pommel Strike","floor":32.0,"key":"SMITH"},{"floor":41.0,"key":"REST"},{"floor":44.0,"key":"RECALL"},{"floor":49.0,"key":"REST"},{"floor":53.0,"key":"REST"}],"neow_cost":"PERCENT_DAMAGE","seed_source_timestamp":0,"circlet_count":0,"master_deck":["AscendersBane","Strike_R+1","Strike_R+1","Defend_R+1","Defend_R+1","Defend_R+1","Defend_R+1","Bash+1","Flex+1","Flame Barrier+1","Immolate+1","Cleave","Iron Wave","Pummel","Iron Wave","Carnage","Demon Form+1","Flex+1","Necronomicurse","Pommel Strike+1","Sword Boomerang+1","Offering","Panacea","Dark Shackles","Flash of Steel","Infernal Blade+1","True Grit+1","Offering","Whirlwind","Warcry+1","Shrug It Off+1","Flame Barrier"],"special_seed":0,"relics":["Burning Blood","ClockworkSouvenir","Shuriken","Ancient Tea Set","War Paint","Lantern","Philosopher\u0027s Stone","Necronomicon","MutagenicStrength","Vajra","Fusion Hammer","Unceasing Top","Strawberry","Oddly Smooth Stone","Potion Belt","Self Forming Clay","Orichalcum","Boot","Magic Flower","Red Skull","Turnip"],"potions_floor_usage":[56,56,56],"damage_taken":[{"damage":12.0,"enemies":"Cultist","floor":1.0,"turns":4.0},{"damage":13.0,"enemies":"Small Slimes","floor":3.0,"turns":5.0},{"damage":0.0,"enemies":"Jaw Worm","floor":4.0,"turns":4.0},{"damage":17.0,"enemies":"Blue Slaver","floor":5.0,"turns":6.0},{"damage":23.0,"enemies":"Lagavulin","floor":8.0,"turns":7.0},{"damage":23.0,"enemies":"3 Sentries","floor":10.0,"turns":6.0},{"damage":3.0,"enemies":"Lagavulin","floor":12.0,"turns":5.0},{"damage":0.0,"enemies":"Large Slime","floor":14.0,"turns":3.0},{"damage":0.0,"enemies":"Slime Boss","floor":16.0,"turns":4.0},{"damage":0.0,"enemies":"Chosen","floor":18.0,"turns":2.0},{"damage":23.0,"enemies":"Gremlin Leader","floor":24.0,"turns":3.0},{"damage":0.0,"enemies":"Spheric Guardian","floor":28.0,"turns":1.0},{"damage":3.0,"enemies":"Cultist and Chosen","floor":29.0,"turns":3.0},{"damage":51.0,"enemies":"Champ","floor":33.0,"turns":6.0},{"damage":6.0,"enemies":"Orb Walker","floor":35.0,"turns":1.0},{"damage":0.0,"enemies":"Mind Bloom Boss Battle","floor":37.0,"turns":4.0},{"damage":0.0,"enemies":"3 Darklings","floor":38.0,"turns":2.0},{"damage":28.0,"enemies":"Nemesis","floor":40.0,"turns":3.0},{"damage":12.0,"enemies":"Giant Head","floor":46.0,"turns":4.0},{"damage":12.0,"enemies":"2 Orb Walkers","floor":47.0,"turns":1.0},{"damage":12.0,"enemies":"Writhing Mass","floor":48.0,"turns":1.0},{"damage":25.0,"enemies":"Donu and Deca","floor":50.0,"turns":5.0},{"damage":46.0,"enemies":"Awakened One","floor":51.0,"turns":7.0},{"damage":15.0,"enemies":"Shield and Spear","floor":55.0,"turns":2.0},{"damage":83,"enemies":"The Heart","floor":56,"turns":8}],"seed_played":"4588780416010442142","potions_obtained":[{"floor":1.0,"key":"Weak Potion"},{"floor":5.0,"key":"Weak Potion"},{"floor":8.0,"key":"Energy Potion"},{"floor":28.0,"key":"SpeedPotion"},{"floor":46.0,"key":"Explosive Potion"}],"is_trial":false,"path_per_floor":["M","?","M","M","M","R","$","E","T","E","?","E","R","M","R","B",null,"M","$","?","?","?","R","E","R","T","R","M","M","?","?","R","B",null,"M","?","?","M","$","E","R","$","T","R","T","E","?","M","R","B","B",null,"R","$","E","B"],"character_chosen":"IRONCLAD","items_purchased":["ClockworkSouvenir","BloodPotion","Offering","Oddly Smooth Stone","Potion Belt","Red Skull"],"campfire_rested":5,"item_purchase_floors":[7,7,39,42,42,54],"current_hp_per_floor":[44,49,42,48,37,37,37,40,40,23,23,26,50,56,56,62,76,80,80,80,59,59,59,42,66,66,66,72,75,75,75,75,30,68,68,58,64,70,70,55,81,81,81,81,81,75,69,66,87,71,34,74,87,87,81,0],"gold":47,"neow_bonus":"TWO_FIFTY_GOLD","is_prod":false,"is_daily":false,"chose_seed":false,"campfire_upgraded":5,"win_rate":0,"timestamp":1562702238,"path_taken":["M","?","M","M","M","R","$","E","T","E","?","E","R","M","R","BOSS","M","$","?","?","?","R","E","R","T","R","M","?","?","?","R","BOSS","M","?","?","M","$","E","R","$","T","R","?","E","?","M","R","BOSS","BOSS","R","$","E","BOSS"],"build_version":"2019-07-05","purchased_purges":2,"victory":false,"max_hp_per_floor":[75,80,80,80,80,80,80,80,80,80,80,80,80,80,80,80,80,80,80,80,80,80,80,80,80,80,80,80,80,80,80,80,80,80,80,80,80,80,80,87,87,87,87,87,87,87,87,87,87,87,87,87,87,87,87,87],"card_choices":[{"not_picked":["Evolve","Wild Strike"],"picked":"Flex","floor":1.0},{"not_picked":["Warcry","Clash"],"picked":"Flame Barrier","floor":3.0},{"not_picked":["Twin Strike","True Grit"],"picked":"Immolate","floor":4.0},{"not_picked":["Hemokinesis","Twin Strike"],"picked":"Cleave","floor":5.0},{"not_picked":["Cleave","Twin Strike"],"picked":"Iron Wave","floor":8.0},{"not_picked":["Infernal Blade","Twin Strike"],"picked":"Pummel","floor":10.0},{"not_picked":["Twin Strike","Intimidate"],"picked":"Iron Wave","floor":12.0},{"not_picked":["Evolve","Flex"],"picked":"Carnage","floor":14.0},{"not_picked":["Barricade","Bludgeon"],"picked":"Demon Form","floor":16.0},{"not_picked":["Anger","Headbutt"],"picked":"Flex+1","floor":18.0},{"not_picked":["Feel No Pain+1","Sever Soul"],"picked":"Pommel Strike","floor":24.0},{"not_picked":["Twin Strike","Reckless Charge","Headbutt"],"picked":"SKIP","floor":28.0},{"not_picked":["Demon Form","Dropkick+1"],"picked":"Sword Boomerang+1","floor":29.0},{"not_picked":["Barricade","Dark Embrace"],"picked":"Offering","floor":33.0},{"not_picked":["Wild Strike+1","Heavy Blade","Headbutt"],"picked":"SKIP","floor":35.0},{"not_picked":["Secret Technique","Blind"],"picked":"Panacea","floor":36.0},{"not_picked":["Panacea","Finesse"],"picked":"Dark Shackles","floor":36.0},{"not_picked":["Discovery","Finesse"],"picked":"Flash of Steel","floor":36.0},{"not_picked":["Pummel","Evolve"],"picked":"Infernal Blade+1","floor":37.0},{"not_picked":["Flex","Sword Boomerang"],"picked":"True Grit+1","floor":38.0},{"not_picked":["Anger+1","Twin Strike","Wild Strike"],"picked":"SKIP","floor":40.0},{"not_picked":["Fire Breathing+1","Rupture"],"picked":"Whirlwind","floor":46.0},{"not_picked":["Headbutt","Berserk"],"picked":"Warcry+1","floor":47.0},{"not_picked":["Ghostly Armor","Anger"],"picked":"Shrug It Off+1","floor":48.0},{"not_picked":["Whirlwind","Searing Blow"],"picked":"Flame Barrier","floor":55.0}],"player_experience":1553549,"relics_obtained":[{"floor":8.0,"key":"Shuriken"},{"floor":9.0,"key":"Ancient Tea Set"},{"floor":10.0,"key":"War Paint"},{"floor":12.0,"key":"Lantern"},{"floor":21.0,"key":"Necronomicon"},{"floor":24.0,"key":"Vajra"},{"floor":37.0,"key":"Unceasing Top"},{"floor":40.0,"key":"Strawberry"},{"floor":43.0,"key":"Self Forming Clay"},{"floor":45.0,"key":"Orichalcum"},{"floor":46.0,"key":"Boot"},{"floor":47.0,"key":"Magic Flower"},{"floor":55.0,"key":"Turnip"}],"event_choices":[{"damage_healed":0.0,"max_hp_gain":5.0,"max_hp_loss":0.0,"gold_gain":0.0,"event_name":"Big Fish","player_choice":"Donut","floor":2.0,"gold_loss":0.0,"damage_taken":0.0},{"cards_removed":["Strike_R"],"damage_healed":0.0,"max_hp_gain":0.0,"max_hp_loss":0.0,"gold_gain":0.0,"event_name":"Purifier","player_choice":"Purged","floor":11.0,"gold_loss":0.0,"damage_taken":0.0},{"damage_healed":0.0,"max_hp_gain":0.0,"max_hp_loss":0.0,"gold_gain":0.0,"event_name":"Back to Basics","player_choice":"Simplicity","floor":20.0,"gold_loss":0.0,"damage_taken":0.0,"cards_upgraded":["Strike_R","Strike_R","Strike_R","Defend_R","Defend_R","Defend_R"]},{"damage_healed":0.0,"max_hp_gain":0.0,"max_hp_loss":0.0,"gold_gain":0.0,"event_name":"Cursed Tome","player_choice":"Obtained Book","floor":21.0,"gold_loss":0.0,"damage_taken":21.0},{"damage_healed":0.0,"max_hp_gain":0.0,"max_hp_loss":0.0,"gold_gain":0.0,"event_name":"Drug Dealer","player_choice":"Inject Mutagens","floor":22.0,"gold_loss":0.0,"damage_taken":0.0,"relics_obtained":["MutagenicStrength"]},{"damage_healed":0.0,"max_hp_gain":0.0,"max_hp_loss":0.0,"gold_gain":0.0,"event_name":"Ghosts","player_choice":"Ignored","floor":30.0,"gold_loss":0.0,"damage_taken":0.0},{"damage_healed":0.0,"max_hp_gain":0.0,"max_hp_loss":0.0,"gold_gain":0.0,"event_name":"The Mausoleum","player_choice":"Ignored","floor":31.0,"gold_loss":0.0,"damage_taken":0.0},{"damage_healed":0.0,"max_hp_gain":0.0,"max_hp_loss":0.0,"gold_gain":0.0,"event_name":"SensoryStone","player_choice":"Memory 3","floor":36.0,"gold_loss":0.0,"damage_taken":10.0},{"damage_healed":0.0,"max_hp_gain":0.0,"max_hp_loss":0.0,"gold_gain":0.0,"event_name":"MindBloom","player_choice":"Fight","floor":37.0,"gold_loss":0.0,"damage_taken":0.0},{"damage_healed":0.0,"max_hp_gain":0.0,"max_hp_loss":0.0,"gold_gain":0.0,"event_name":"Mysterious Sphere","player_choice":"Fight","floor":47.0,"gold_loss":0.0,"damage_taken":0.0}],"is_beta":false,"boss_relics":[{"not_picked":["Eternal Feather","Pandora\u0027s Box"],"picked":"Philosopher\u0027s Stone"},{"not_picked":["Cursed Key","Runic Cube"],"picked":"Fusion Hammer"}],"items_purged_floors":[7,39],"is_endless":false,"potions_floor_spawned":[1,5,8,10,28,29,40,46],"killed_by":"The Heart","ascension_level":20}