{"gold_per_floor":[119,119,119,79,91,91,117,135,162,178,205,217,7,18,18,18],"floor_reached":16,"playtime":569,"items_purged":["Strike_R"],"score":224,"play_id":"6d47e042-f3c9-407b-99ec-7e773243a82f","local_time":"20190627154729","is_ascension_mode":true,"campfire_choices":[{"data":"Bash","floor":6.0,"key":"SMITH"},{"floor":15,"key":"REST"}],"neow_cost":"NONE","seed_source_timestamp":5282602276163699,"circlet_count":0,"master_deck":["AscendersBane","Strike_R","Strike_R","Strike_R","Defend_R","Defend_R","Defend_R","Defend_R","Bash+1","Dark Embrace","Feel No Pain","Whirlwind","Rampage","Rampage","True Grit","Armaments","Juggernaut","Shockwave"],"special_seed":0,"relics":["Burning Blood","Smiling Mask","Strawberry","Self Forming Clay"],"potions_floor_usage":[7,11,12],"damage_taken":[{"damage":4.0,"enemies":"Small Slimes","floor":1.0,"turns":4.0},{"damage":21.0,"enemies":"Jaw Worm","floor":5.0,"turns":4.0},{"damage":32,"enemies":"Gremlin Nob","floor":7,"turns":4},{"damage":8,"enemies":"Cultist","floor":8,"turns":4},{"damage":16,"enemies":"Blue Slaver","floor":10,"turns":5},{"damage":15,"enemies":"3 Sentries","floor":11,"turns":9},{"damage":3,"enemies":"Large Slime","floor":12,"turns":8},{"damage":29,"enemies":"Exordium Wildlife","floor":14,"turns":5},{"damage":38,"enemies":"The Guardian","floor":16,"turns":4}],"seed_played":"6170987715734991399","potions_obtained":[{"floor":1.0,"key":"Strength Potion"},{"floor":7,"key":"Swift Potion"},{"floor":11,"key":"Regen Potion"}],"is_trial":false,"path_per_floor":["M","?","?","$","M","R","E","M","T","M","E","M","$","M","R","B"],"character_chosen":"IRONCLAD","items_purchased":["Whirlwind","Juggernaut"],"campfire_rested":1,"item_purchase_floors":[4,13],"current_hp_per_floor":[70,63,68,68,53,53,27,25,32,22,13,31,31,8,34,0],"gold":18,"neow_bonus":"ONE_RANDOM_RARE_CARD","is_prod":false,"is_daily":false,"chose_seed":false,"campfire_upgraded":1,"win_rate":0,"timestamp":1561664849,"path_taken":["M","?","?","$","M","R","E","M","T","M","E","M","$","M","R","BOSS"],"build_version":"2019-01-23","purchased_purges":1,"victory":false,"max_hp_per_floor":[75,75,80,80,80,80,80,80,87,87,87,87,87,87,87,87],"card_choices":[{"not_picked":["Havoc","Iron Wave"],"picked":"Feel No Pain","floor":1.0},{"not_picked":["Clothesline","Iron Wave","Armaments"],"picked":"SKIP","floor":5.0},{"not_picked":["Disarm","Warcry"],"picked":"Rampage","floor":7},{"not_picked":["Heavy Blade","Perfected Strike"],"picked":"Rampage","floor":8},{"not_picked":["Intimidate","Searing Blow"],"picked":"True Grit","floor":10},{"not_picked":["Warcry","Seeing Red"],"picked":"Armaments","floor":11},{"not_picked":["Dark Embrace","Bloodletting","Wild Strike"],"picked":"SKIP","floor":12},{"not_picked":["Bloodletting","Anger"],"picked":"Shockwave","floor":14}],"player_experience":795723,"relics_obtained":[{"floor":7,"key":"Smiling Mask"},{"floor":9,"key":"Strawberry"},{"floor":11,"key":"Self Forming Clay"}],"event_choices":[{"cards_removed":["Strike_R"],"damage_healed":0.0,"max_hp_gain":0.0,"max_hp_loss":0.0,"gold_gain":0.0,"event_name":"Golden Wing","player_choice":"Card Removal","floor":2.0,"gold_loss":0.0,"damage_taken":7.0},{"damage_healed":0.0,"max_hp_gain":5.0,"max_hp_loss":0.0,"gold_gain":0.0,"event_name":"Big Fish","player_choice":"Donut","floor":3.0,"gold_loss":0.0,"damage_taken":0.0}],"is_beta":false,"boss_relics":[],"items_purged_floors":[13],"is_endless":false,"potions_floor_spawned":[1,7,11],"killed_by":"The Guardian","ascension_level":20}