{"gold_per_floor":[363,44,57,69,81,115,115,147,198,208,208,273,293,313,313,392,392,410,425,147,147,165,165,165,200,200,226,240,240,240,252,252,329,329,349,174,274,274,116,116,150,163,163,175,189,189,201,235,235,235,235],"floor_reached":52,"playtime":2505,"items_purged":["Strike_B","Pain"],"score":2153,"play_id":"52a97c2e-e890-4846-a171-ccb2d713864c","local_time":"20190527191823","is_ascension_mode":true,"campfire_choices":[{"data":"Glacier","floor":7.0,"key":"SMITH"},{"floor":11.0,"key":"REST"},{"floor":15.0,"key":"REST"},{"floor":23.0,"key":"REST"},{"floor":29.0,"key":"REST"},{"data":"Hologram","floor":32.0,"key":"SMITH"},{"data":"Capacitor","floor":40.0,"key":"SMITH"},{"floor":46.0,"key":"REST"},{"data":"Hologram","floor":49,"key":"SMITH"}],"neow_cost":"TEN_PERCENT_HP_LOSS","seed_source_timestamp":173334280864400,"circlet_count":0,"master_deck":["AscendersBane","Strike_B","Strike_B","Strike_B","Defend_B","Defend_B","Defend_B+1","Defend_B","Zap","Dualcast+1","Compile Driver","Streamline","Compile Driver","Gash","Glacier+1","Rebound","Electrodynamics","Cold Snap","Hologram+1","Gash","Multi-Cast","Double Energy+1","Defragment+1","Reinforced Body","Capacitor+1","Double Energy+1","Core Surge","Hello World","Hologram+1","Echo Form","Capacitor","Hologram+1","Gash"],"special_seed":0,"relics":["Cracked Core","Chemical X","Girya","Matryoshka","Anchor","DataDisk","War Paint","Nuclear Battery","Bottled Lightning","Nilry\u0027s Codex","Blood Vial","Shuriken","Torii","Letter Opener","Unceasing Top","WarpedTongs","Philosopher\u0027s Stone","Ice Cream","Lantern","Darkstone Periapt","Thread and Needle"],"potions_floor_usage":[51,51],"damage_taken":[{"damage":2.0,"enemies":"Cultist","floor":1.0,"turns":4.0},{"damage":3.0,"enemies":"2 Louse","floor":3.0,"turns":2.0},{"damage":7.0,"enemies":"Jaw Worm","floor":4.0,"turns":3.0},{"damage":3.0,"enemies":"2 Fungi Beasts","floor":5.0,"turns":3.0},{"damage":11.0,"enemies":"3 Sentries","floor":6.0,"turns":7.0},{"damage":29.0,"enemies":"Lagavulin","floor":8.0,"turns":7.0},{"damage":0.0,"enemies":"Lots of Slimes","floor":10.0,"turns":1.0},{"damage":15.0,"enemies":"3 Sentries","floor":12.0,"turns":4.0},{"damage":0.0,"enemies":"Exordium Thugs","floor":13.0,"turns":4.0},{"damage":3.0,"enemies":"Blue Slaver","floor":14.0,"turns":3.0},{"damage":26.0,"enemies":"Slime Boss","floor":16.0,"turns":7.0},{"damage":4.0,"enemies":"Chosen","floor":18.0,"turns":3.0},{"damage":4.0,"enemies":"3 Byrds","floor":19.0,"turns":3.0},{"damage":0.0,"enemies":"Sentry and Sphere","floor":22.0,"turns":2.0},{"damage":8.0,"enemies":"Gremlin Leader","floor":25.0,"turns":5.0},{"damage":11.0,"enemies":"Slavers","floor":27.0,"turns":2.0},{"damage":2.0,"enemies":"Cultist and Chosen","floor":28.0,"turns":4.0},{"damage":18.0,"enemies":"Shelled Parasite and Fungi","floor":31.0,"turns":6.0},{"damage":17.0,"enemies":"Automaton","floor":33.0,"turns":8.0},{"damage":0.0,"enemies":"Orb Walker","floor":35.0,"turns":2.0},{"damage":8.0,"enemies":"Mind Bloom Boss Battle","floor":37.0,"turns":8.0},{"damage":0.0,"enemies":"Nemesis","floor":41.0,"turns":5.0},{"damage":0.0,"enemies":"3 Darklings","floor":42.0,"turns":4.0},{"damage":2.0,"enemies":"Writhing Mass","floor":44.0,"turns":7.0},{"damage":31.0,"enemies":"Maw","floor":45.0,"turns":4.0},{"damage":0.0,"enemies":"Jaw Worm Horde","floor":47.0,"turns":3.0},{"damage":0,"enemies":"Giant Head","floor":48,"turns":3},{"damage":16,"enemies":"Donu and Deca","floor":50,"turns":6},{"damage":0,"enemies":"Time Eater","floor":51,"turns":10}],"seed_played":"7541871098687690746","potions_obtained":[{"floor":1.0,"key":"AttackPotion"},{"floor":5.0,"key":"FocusPotion"},{"floor":8.0,"key":"Block Potion"},{"floor":14.0,"key":"Regen Potion"},{"floor":22.0,"key":"Block Potion"},{"floor":47.0,"key":"Poison Potion"},{"floor":48,"key":"Dexterity Potion"}],"is_trial":false,"path_per_floor":["M","$","M","M","M","E","R","E","T","M","R","?","M","M","R","B",null,"M","M","$","?","M","R","T","E","T","E","M","R","?","M","R","B",null,"M","$","?","?","$","R","E","M","T","M","M","R","M","E","R","B","B",null],"character_chosen":"DEFECT","items_purchased":["Chemical X","Streamline","Bottled Lightning","Hello World","Echo Form"],"campfire_rested":5,"item_purchase_floors":[2,2,20,36,39],"current_hp_per_floor":[62,62,59,52,49,38,38,9,9,9,28,13,13,10,29,18,53,49,45,45,24,24,43,43,37,37,28,28,47,47,31,31,16,52,54,54,48,48,48,48,50,52,52,52,23,42,44,46,46,32,34],"gold":235,"neow_bonus":"TWO_FIFTY_GOLD","is_prod":false,"is_daily":false,"chose_seed":false,"campfire_upgraded":4,"win_rate":0,"timestamp":1558981103,"path_taken":["M","$","M","M","?","E","R","E","T","M","R","?","M","M","R","BOSS","M","M","$","?","M","R","?","E","T","E","M","R","?","?","R","BOSS","M","$","?","?","$","R","E","M","T","M","M","R","M","E","R","BOSS","BOSS"],"build_version":"2019-01-23","purchased_purges":2,"victory":true,"max_hp_per_floor":[64,64,64,64,64,64,64,64,64,64,64,64,64,64,64,64,64,64,64,64,64,64,64,64,64,64,64,64,64,64,64,64,64,64,64,64,64,64,64,64,64,64,64,64,64,64,64,64,64,64,64],"card_choices":[{"not_picked":["Chaos","Barrage"],"picked":"Compile Driver","floor":1.0},{"not_picked":["Hologram","Go for the Eyes"],"picked":"Compile Driver","floor":3.0},{"not_picked":["Redo","Aggregate"],"picked":"Gash","floor":4.0},{"not_picked":["Sweeping Beam","Auto Shields"],"picked":"Glacier","floor":5.0},{"not_picked":["Turbo","Storm"],"picked":"Rebound","floor":6.0},{"not_picked":["Coolheaded","Chaos"],"picked":"Electrodynamics","floor":8.0},{"not_picked":["Redo","Fusion","Conserve Battery"],"picked":"SKIP","floor":10.0},{"not_picked":["Scrape","Fusion"],"picked":"Cold Snap","floor":12.0},{"not_picked":["White Noise","Force Field"],"picked":"Hologram","floor":13.0},{"not_picked":["Chaos","Rip and Tear"],"picked":"Gash","floor":14.0},{"not_picked":["Seek","Rainbow"],"picked":"Multi-Cast","floor":16.0},{"not_picked":["Steam","Chill"],"picked":"Double Energy+1","floor":18.0},{"not_picked":["Rebound+1","Gash"],"picked":"Defragment+1","floor":19.0},{"not_picked":["Conserve Battery","Steam"],"picked":"Reinforced Body","floor":22.0},{"not_picked":["Gash","Coolheaded"],"picked":"Capacitor","floor":25.0},{"not_picked":["Heatsinks","Seek"],"picked":"Double Energy+1","floor":27.0},{"not_picked":["Turbo","Redo","Leap"],"picked":"SKIP","floor":28.0},{"not_picked":["Chaos","Barrage","Coolheaded"],"picked":"SKIP","floor":31.0},{"not_picked":["Reboot","Thunder Strike"],"picked":"Core Surge","floor":33.0},{"not_picked":["Streamline","Beam Cell","Sunder"],"picked":"SKIP","floor":35.0},{"not_picked":["Leap","Conserve Battery"],"picked":"Hologram","floor":37.0},{"not_picked":["Hologram","Sweeping Beam","Rebound"],"picked":"SKIP","floor":41.0},{"not_picked":["Glacier","Hologram"],"picked":"Capacitor","floor":42.0},{"not_picked":["Gash","Hologram","White Noise"],"picked":"SKIP","floor":44.0},{"not_picked":["Chaos","Beam Cell"],"picked":"Hologram+1","floor":45.0},{"not_picked":["Redo+1","Turbo","Cold Snap"],"picked":"SKIP","floor":47.0},{"not_picked":["Cold Snap","Blizzard"],"picked":"Gash","floor":48}],"player_experience":1410251,"relics_obtained":[{"floor":6.0,"key":"Girya"},{"floor":8.0,"key":"Matryoshka"},{"floor":9.0,"key":"Anchor"},{"floor":9.0,"key":"DataDisk"},{"floor":12.0,"key":"War Paint"},{"floor":21.0,"key":"Nilry\u0027s Codex"},{"floor":24.0,"key":"Blood Vial"},{"floor":24.0,"key":"Shuriken"},{"floor":25.0,"key":"Torii"},{"floor":26.0,"key":"Letter Opener"},{"floor":27.0,"key":"Unceasing Top"},{"floor":37.0,"key":"Ice Cream"},{"floor":41.0,"key":"Lantern"},{"floor":43.0,"key":"Darkstone Periapt"},{"floor":48,"key":"Thread and Needle"}],"event_choices":[{"damage_healed":0.0,"max_hp_gain":0.0,"max_hp_loss":0.0,"gold_gain":0.0,"event_name":"Dead Adventurer","player_choice":"Searched \u00272\u0027 times","floor":12.0,"gold_loss":0.0,"damage_taken":0.0},{"damage_healed":0.0,"max_hp_gain":0.0,"max_hp_loss":0.0,"gold_gain":0.0,"event_name":"Cursed Tome","player_choice":"Obtained Book","floor":21.0,"gold_loss":0.0,"damage_taken":21.0},{"damage_healed":0.0,"max_hp_gain":0.0,"max_hp_loss":0.0,"gold_gain":0.0,"event_name":"Accursed Blacksmith","player_choice":"Rummage","floor":30.0,"gold_loss":0.0,"damage_taken":0.0,"relics_obtained":["WarpedTongs"],"cards_obtained":["Pain"]},{"damage_healed":0.0,"max_hp_gain":0.0,"max_hp_loss":0.0,"gold_gain":0.0,"event_name":"MindBloom","player_choice":"Fight","floor":37.0,"gold_loss":0.0,"damage_taken":0.0},{"damage_healed":0.0,"max_hp_gain":0.0,"max_hp_loss":0.0,"gold_gain":0.0,"event_name":"Tomb of Lord Red Mask","player_choice":"Ignored","floor":38.0,"gold_loss":0.0,"damage_taken":0.0}],"is_beta":false,"boss_relics":[{"not_picked":["Ectoplasm","Fusion Hammer"],"picked":"Nuclear Battery"},{"not_picked":["Lizard Tail","FrozenCore"],"picked":"Philosopher\u0027s Stone"}],"items_purged_floors":[2,36],"is_endless":false,"potions_floor_spawned":[1,5,8,12,14,22,31,37,41,47,48],"ascension_level":20}