{"gold_per_floor":[119,138,138,155,172,172,16,36,83,115,126,151,151,11,11,87,87,98,148,23,23,40,65,65,127,127,127,147,147],"floor_reached":29,"playtime":1135,"items_purged":["Strike_B","Strike_B","Strike_B"],"score":596,"play_id":"788d1222-1900-42a9-a6da-3a65115c9d8b","local_time":"20190710075556","is_ascension_mode":true,"campfire_choices":[{"data":"Dualcast","floor":6.0,"key":"SMITH"},{"data":"Creative AI","floor":13.0,"key":"SMITH"},{"data":"Cold Snap","floor":15.0,"key":"SMITH"},{"floor":24.0,"key":"REST"},{"floor":27.0,"key":"REST"}],"neow_cost":"NONE","seed_source_timestamp":0,"circlet_count":0,"master_deck":["AscendersBane","Strike_B","Defend_B","Defend_B","Defend_B","Defend_B","Zap+1","Dualcast+1","Ball Lightning","FTL","Coolheaded","Cold Snap+1","Core Surge","Cold Snap","Creative AI+1","FTL","All For One"],"special_seed":0,"relics":["Cracked Core","NeowsBlessing","Ancient Tea Set","Meat on the Bone","Bronze Scales","Runic Pyramid","Singing Bowl","Tiny Chest","Shovel"],"potions_floor_usage":[],"damage_taken":[{"damage":0.0,"enemies":"Jaw Worm","floor":1.0,"turns":1.0},{"damage":0.0,"enemies":"Cultist","floor":2.0,"turns":1.0},{"damage":0.0,"enemies":"Small Slimes","floor":4.0,"turns":1.0},{"damage":9.0,"enemies":"Red Slaver","floor":5.0,"turns":4.0},{"damage":1.0,"enemies":"Blue Slaver","floor":8.0,"turns":3.0},{"damage":9.0,"enemies":"Lagavulin","floor":10.0,"turns":7.0},{"damage":10.0,"enemies":"2 Fungi Beasts","floor":11.0,"turns":3.0},{"damage":0.0,"enemies":"Gremlin Nob","floor":12.0,"turns":3.0},{"damage":19.0,"enemies":"The Guardian","floor":16.0,"turns":10.0},{"damage":13.0,"enemies":"Shell Parasite","floor":18.0,"turns":4.0},{"damage":0.0,"enemies":"Chosen","floor":22.0,"turns":3.0},{"damage":56.0,"enemies":"Gremlin Leader","floor":23.0,"turns":10.0},{"damage":41.0,"enemies":"Slavers","floor":25.0,"turns":5.0},{"damage":27.0,"enemies":"Centurion and Healer","floor":28.0,"turns":7.0},{"damage":30,"enemies":"Shelled Parasite and Fungi","floor":29,"turns":3}],"seed_played":"-8729422669487612170","potions_obtained":[{"floor":4.0,"key":"FearPotion"},{"floor":11.0,"key":"EntropicBrew"},{"floor":12.0,"key":"Regen Potion"},{"floor":23.0,"key":"FearPotion"}],"is_trial":false,"path_per_floor":["M","M","?","M","M","R","$","M","T","E","M","E","R","$","R","B",null,"M","?","$","?","M","E","R","E","T","R","M","M"],"character_chosen":"DEFECT","items_purchased":["Core Surge","FTL"],"campfire_rested":2,"item_purchase_floors":[7,14],"current_hp_per_floor":[64,64,64,64,55,55,55,54,54,45,47,47,47,47,47,40,63,50,50,50,50,50,23,44,17,17,39,26,0],"gold":147,"neow_bonus":"THREE_ENEMY_KILL","is_prod":false,"is_daily":false,"chose_seed":false,"campfire_upgraded":3,"win_rate":0,"timestamp":1562770556,"path_taken":["M","M","?","?","M","R","?","?","T","E","M","E","R","$","R","BOSS","M","?","$","?","M","E","R","E","T","R","M","M"],"build_version":"2019-07-05","purchased_purges":3,"victory":false,"max_hp_per_floor":[71,71,71,71,71,71,71,71,71,71,71,71,71,71,71,71,71,71,71,71,71,71,73,73,75,75,75,77,77],"card_choices":[{"not_picked":["Hologram","Consume"],"picked":"Ball Lightning","floor":1.0},{"not_picked":["Stack","Hologram"],"picked":"FTL","floor":2.0},{"not_picked":["Rebound","Reinforced Body"],"picked":"Coolheaded","floor":4.0},{"not_picked":["Undo","Redo"],"picked":"Cold Snap","floor":5.0},{"not_picked":["Steam","Storm"],"picked":"Cold Snap","floor":8.0},{"not_picked":["Beam Cell","Darkness","Conserve Battery"],"picked":"SKIP","floor":10.0},{"not_picked":["Skim","Force Field","Conserve Battery"],"picked":"SKIP","floor":11.0},{"not_picked":["Doom and Gloom","Reprogram"],"picked":"Creative AI","floor":12.0},{"not_picked":["Machine Learning","Rainbow"],"picked":"All For One","floor":16.0},{"not_picked":["Hello World","Barrage","Steam"],"picked":"SKIP","floor":18.0},{"not_picked":["Doom and Gloom","Static Discharge","Reprogram+1"],"picked":"SKIP","floor":22.0},{"not_picked":["Tempest","White Noise","Redo"],"picked":"Singing Bowl","floor":23.0},{"not_picked":["BootSequence+1","Steam","Sunder"],"picked":"Singing Bowl","floor":25.0},{"not_picked":["Compile Driver","Go for the Eyes+1","Ball Lightning"],"picked":"Singing Bowl","floor":28.0}],"player_experience":1250735,"relics_obtained":[{"floor":9.0,"key":"Ancient Tea Set"},{"floor":10.0,"key":"Meat on the Bone"},{"floor":12.0,"key":"Bronze Scales"},{"floor":23.0,"key":"Singing Bowl"},{"floor":25.0,"key":"Tiny Chest"},{"floor":26.0,"key":"Shovel"}],"event_choices":[{"damage_healed":0.0,"max_hp_gain":0.0,"max_hp_loss":0.0,"gold_gain":0.0,"event_name":"Upgrade Shrine","player_choice":"Upgraded","floor":3.0,"gold_loss":0.0,"damage_taken":0.0,"cards_upgraded":["Zap"]},{"damage_healed":0.0,"max_hp_gain":0.0,"max_hp_loss":0.0,"gold_gain":50.0,"event_name":"Nest","player_choice":"Stole From Cult","floor":19.0,"gold_loss":0.0,"damage_taken":0.0}],"is_beta":false,"boss_relics":[{"not_picked":["Fusion Hammer","Velvet Choker"],"picked":"Runic Pyramid"}],"items_purged_floors":[7,14,20],"is_endless":false,"potions_floor_spawned":[4,11,12,16,23],"killed_by":"Shelled Parasite and Fungi","ascension_level":20}