{"gold_per_floor":[215,215,233,251,263,288,288,388,411,427,98,108,121,21,21,116,166,183,183,183,183,85,85,102,133,157,157,11,21,36,50,50,50],"floor_reached":33,"playtime":1271,"items_purged":["Strike_R","Strike_R"],"score":390,"play_id":"3d550318-4c44-4f9b-97dd-66b2708e81c9","local_time":"20190630164348","is_ascension_mode":true,"campfire_choices":[{"data":"Forethought","floor":7,"key":"SMITH"},{"data":"Inflame","floor":15,"key":"SMITH"},{"floor":23,"key":"REST"},{"floor":27,"key":"REST"},{"floor":32,"key":"REST"}],"neow_cost":"NONE","seed_source_timestamp":73436210541728,"circlet_count":0,"master_deck":["Strike_R","Strike_R","Strike_R","Defend_R","Defend_R","Defend_R","Defend_R","Bash","Flex","Forethought+1","Flame Barrier+1","Anger","Uppercut","Pommel Strike","Inflame+1","Disarm","Heavy Blade","Feed","Pummel","Thunderclap","Shrug It Off","Armaments+1"],"relics":["Burning Blood","Ancient Tea Set","Anchor","Mercury Hourglass","Tiny House","Smiling Mask","Blood Vial","PreservedInsect"],"potions_floor_usage":[6,16,19,25,29,30,31],"damage_taken":[{"damage":11,"enemies":"Jaw Worm","floor":1,"turns":4},{"damage":0,"enemies":"Cultist","floor":3,"turns":4},{"damage":7,"enemies":"Small Slimes","floor":4,"turns":4},{"damage":11,"enemies":"Red Slaver","floor":5,"turns":3},{"damage":30,"enemies":"3 Sentries","floor":6,"turns":8},{"damage":3,"enemies":"Blue Slaver","floor":10,"turns":2},{"damage":1,"enemies":"3 Louse","floor":12,"turns":3},{"damage":4,"enemies":"Looter","floor":13,"turns":3},{"damage":14,"enemies":"Slime Boss","floor":16,"turns":7},{"damage":24,"enemies":"2 Thieves","floor":18,"turns":4},{"damage":16,"enemies":"Colosseum Slavers","floor":19,"turns":4},{"damage":4,"enemies":"Shell Parasite","floor":24,"turns":2},{"damage":51,"enemies":"Slavers","floor":25,"turns":5},{"damage":30,"enemies":"Snake Plant","floor":29,"turns":5},{"damage":31,"enemies":"3 Cultists","floor":30,"turns":6},{"damage":18,"enemies":"Chosen and Byrds","floor":31,"turns":7},{"damage":76,"enemies":"Automaton","floor":33,"turns":6}],"seed_played":"2776773073928678193","potions_obtained":[{"floor":3,"key":"SkillPotion"},{"floor":4,"key":"SpeedPotion"},{"floor":5,"key":"SpeedPotion"},{"floor":12,"key":"Strength Potion"},{"floor":17,"key":"Poison Potion"},{"floor":18,"key":"Swift Potion"},{"floor":21,"key":"SteroidPotion"},{"floor":21,"key":"PowerPotion"},{"floor":25,"key":"BloodPotion"}],"is_trial":false,"path_per_floor":["M","?","M","M","M","E","R","?","T","M","$","M","M","$","R","B",null,"M","?","?","?","$","R","M","E","T","R","$","M","M","M","R","B"],"character_chosen":"IRONCLAD","items_purchased":["Mercury Hourglass","Ancient Potion","Shrug It Off","PreservedInsect"],"campfire_rested":3,"item_purchase_floors":[11,22,22,28],"current_hp_per_floor":[67,67,73,72,67,43,43,43,43,46,46,51,53,53,53,45,76,58,48,48,48,48,73,75,30,30,55,55,41,18,11,37,0],"gold":50,"neow_bonus":"HUNDRED_GOLD","is_prod":false,"is_daily":false,"chose_seed":false,"campfire_upgraded":2,"win_rate":0,"timestamp":1561884228,"path_taken":["M","?","M","?","M","E","R","?","T","M","$","M","?","$","R","BOSS","M","?","?","?","$","R","?","E","T","R","?","M","M","M","R","BOSS"],"build_version":"2019-01-23","purchased_purges":2,"victory":false,"max_hp_per_floor":[80,80,80,80,80,80,80,80,80,80,80,80,80,80,80,80,85,85,85,85,85,85,85,85,85,85,85,85,85,85,88,88,88],"card_choices":[{"not_picked":["Iron Wave","Perfected Strike"],"picked":"Flex","floor":1},{"not_picked":["Iron Wave","Dual Wield"],"picked":"Anger","floor":3},{"not_picked":["Body Slam","Infernal Blade"],"picked":"Uppercut","floor":4},{"not_picked":["Clothesline","Fire Breathing"],"picked":"Pommel Strike","floor":5},{"not_picked":["Flex","Disarm"],"picked":"Inflame","floor":6},{"not_picked":["Sentinel","Wild Strike","Feel No Pain"],"picked":"SKIP","floor":10},{"not_picked":["Bludgeon","Sever Soul"],"picked":"Disarm","floor":12},{"not_picked":["Second Wind","Havoc"],"picked":"Heavy Blade","floor":13},{"not_picked":["Fiend Fire","Double Tap"],"picked":"Feed","floor":16},{"not_picked":["Inflame","Rampage"],"picked":"Pummel","floor":17},{"not_picked":["Rupture","Flame Barrier"],"picked":"Thunderclap","floor":18},{"not_picked":["Perfected Strike","Flex+1"],"picked":"Armaments+1","floor":24},{"not_picked":["Flex","Twin Strike","Thunderclap"],"picked":"SKIP","floor":25},{"not_picked":["Dropkick","Flex+1","Sword Boomerang"],"picked":"SKIP","floor":29},{"not_picked":["Headbutt+1","True Grit","Pommel Strike"],"picked":"SKIP","floor":30},{"not_picked":["Seeing Red","Dual Wield","Clash"],"picked":"SKIP","floor":31}],"player_experience":1021602,"relics_obtained":[{"floor":6,"key":"Ancient Tea Set"},{"floor":9,"key":"Anchor"},{"floor":25,"key":"Smiling Mask"},{"floor":26,"key":"Blood Vial"}],"event_choices":[{"damage_healed":0,"gold_gain":0,"player_choice":"2 cards matched","damage_taken":0,"max_hp_gain":0,"max_hp_loss":0,"event_name":"Match and Keep!","floor":2,"gold_loss":0,"cards_obtained":["Forethought","Flame Barrier"]},{"damage_healed":0,"gold_gain":100,"player_choice":"Pray","damage_taken":0,"max_hp_gain":0,"max_hp_loss":0,"event_name":"Golden Shrine","floor":8,"gold_loss":0},{"damage_healed":0,"gold_gain":0,"player_choice":"Fight","damage_taken":0,"max_hp_gain":0,"max_hp_loss":0,"event_name":"Colosseum","floor":19,"gold_loss":0},{"damage_healed":0,"gold_gain":0,"player_choice":"Fled From Nobs","damage_taken":0,"max_hp_gain":0,"max_hp_loss":0,"event_name":"Colosseum","floor":19,"gold_loss":0},{"damage_healed":0,"gold_gain":0,"player_choice":"Ignored","damage_taken":0,"max_hp_gain":0,"max_hp_loss":0,"event_name":"The Mausoleum","floor":20,"gold_loss":0},{"damage_healed":0,"gold_gain":0,"player_choice":"Got Potions","damage_taken":0,"max_hp_gain":0,"max_hp_loss":0,"event_name":"Lab","floor":21,"gold_loss":0}],"is_beta":false,"boss_relics":[{"not_picked":["Philosopher\u0027s Stone","Sozu"],"picked":"Tiny House"}],"items_purged_floors":[11,14],"is_endless":false,"potions_floor_spawned":[3,4,5,12,18,19,25],"killed_by":"Automaton","ascension_level":9}