{"gold_per_floor":[111,134,150,150,150,150,176,190,190,190,51,65,65,84,84,155,155,80,80,80,5,5,5,5,5,5,5,5,5,5,5,5,5,5,5,5,5,5,5,5,5,5,5,5,5],"floor_reached":45,"playtime":1858,"items_purged":["Strike_R"],"score":803,"play_id":"ca65b825-f19f-493a-af1a-51b1aac0b947","local_time":"20190129120558","is_ascension_mode":true,"campfire_choices":[{"data":"Bash","floor":6.0,"key":"SMITH"},{"data":"Demon Form","floor":10.0,"key":"SMITH"},{"data":"Enlightenment","floor":15.0,"key":"SMITH"},{"floor":24.0,"key":"REST"},{"data":"Limit Break","floor":28.0,"key":"SMITH"},{"floor":30.0,"key":"REST"},{"floor":32.0,"key":"REST"},{"floor":40.0,"key":"REST"},{"floor":42.0,"key":"REST"}],"neow_cost":"NONE","seed_source_timestamp":0,"circlet_count":0,"master_deck":["AscendersBane","Strike_R","Strike_R","Strike_R","Defend_R","Defend_R+1","Defend_R","Defend_R+1","Bash+1","Clothesline","Reaper","Uppercut","Demon Form+1","Enlightenment+1","Shrug It Off","Dropkick","Clothesline","Limit Break+1","Flame Barrier","Armaments+1","Twin Strike+1","Feed","Cleave+1","Dropkick","Heavy Blade","Barricade","Pommel Strike+1","Uppercut","Headbutt","Shrug It Off"],"special_seed":0,"relics":["Burning Blood","Happy Flower","Ancient Tea Set","Red Skull","Mercury Hourglass","Ectoplasm","Bag of Marbles","War Paint","Art of War","Mark of Pain","Ornamental Fan"],"potions_floor_usage":[45],"damage_taken":[{"damage":6.0,"enemies":"Cultist","floor":1.0,"turns":4.0},{"damage":18.0,"enemies":"Jaw Worm","floor":3.0,"turns":4.0},{"damage":40.0,"enemies":"3 Sentries","floor":7.0,"turns":8.0},{"damage":0.0,"enemies":"2 Louse","floor":8.0,"turns":2.0},{"damage":9.0,"enemies":"Lots of Slimes","floor":12.0,"turns":3.0},{"damage":8.0,"enemies":"3 Louse","floor":14.0,"turns":2.0},{"damage":41.0,"enemies":"The Guardian","floor":16.0,"turns":8.0},{"damage":32.0,"enemies":"2 Thieves","floor":18.0,"turns":4.0},{"damage":25.0,"enemies":"Chosen","floor":19.0,"turns":5.0},{"damage":6.0,"enemies":"Snake Plant","floor":22.0,"turns":4.0},{"damage":33.0,"enemies":"Slavers","floor":23.0,"turns":5.0},{"damage":21.0,"enemies":"Gremlin Leader","floor":25.0,"turns":5.0},{"damage":42.0,"enemies":"Cultist and Chosen","floor":27.0,"turns":6.0},{"damage":3.0,"enemies":"Sentry and Sphere","floor":29.0,"turns":3.0},{"damage":38.0,"enemies":"3 Cultists","floor":31.0,"turns":5.0},{"damage":65.0,"enemies":"Automaton","floor":33.0,"turns":9.0},{"damage":16.0,"enemies":"3 Shapes","floor":35.0,"turns":4.0},{"damage":27.0,"enemies":"3 Darklings","floor":37.0,"turns":10.0},{"damage":33.0,"enemies":"Writhing Mass","floor":38.0,"turns":4.0},{"damage":16.0,"enemies":"Sphere and 2 Shapes","floor":39.0,"turns":4.0},{"damage":31.0,"enemies":"Spire Growth","floor":41.0,"turns":4.0},{"damage":27.0,"enemies":"Transient","floor":44.0,"turns":5.0},{"damage":63,"enemies":"Reptomancer","floor":45,"turns":4}],"seed_played":"7305303966646134190","potions_obtained":[{"floor":1.0,"key":"PowerPotion"},{"floor":3.0,"key":"Dexterity Potion"},{"floor":12.0,"key":"Dexterity Potion"},{"floor":18.0,"key":"SpeedPotion"},{"floor":23.0,"key":"Swift Potion"},{"floor":33.0,"key":"Swift Potion"},{"floor":37.0,"key":"FearPotion"},{"floor":39.0,"key":"Explosive Potion"},{"floor":41.0,"key":"AttackPotion"},{"floor":44.0,"key":"AttackPotion"}],"is_trial":false,"path_per_floor":["M","T","M","?","?","R","E","M","T","R","$","M","?","M","R","B",null,"M","M","?","$","M","E","R","E","T","M","R","M","R","M","R","B",null,"M","?","M","M","M","R","M","R","T","M","E"],"character_chosen":"IRONCLAD","items_purchased":["Enlightenment","Shrug It Off"],"campfire_rested":5,"item_purchase_floors":[11,11],"current_hp_per_floor":[68,68,56,56,56,56,34,40,40,40,40,42,42,59,59,34,65,54,35,35,35,43,30,52,78,78,43,43,46,69,45,68,19,63,57,57,50,39,40,65,40,65,65,50,0],"gold":5,"neow_bonus":"RANDOM_COMMON_RELIC","is_prod":false,"is_daily":false,"chose_seed":false,"campfire_upgraded":4,"win_rate":0,"timestamp":1548781558,"path_taken":["M","?","M","?","?","R","E","?","T","R","$","?","?","M","R","BOSS","M","?","?","$","M","E","R","E","T","M","R","?","R","M","R","BOSS","M","?","M","?","M","R","M","R","T","?","E"],"build_version":"2019-01-23","purchased_purges":1,"victory":false,"max_hp_per_floor":[75,75,75,75,75,75,75,75,75,75,75,75,75,75,75,75,75,75,75,75,75,75,75,75,78,78,78,78,78,78,78,78,78,78,82,82,82,82,86,86,86,86,86,86,86],"card_choices":[{"not_picked":["True Grit","Entrench","Power Through"],"picked":"SKIP","floor":1.0},{"not_picked":["Anger","Thunderclap"],"picked":"Clothesline","floor":3.0},{"not_picked":["Shockwave","Flex"],"picked":"Uppercut","floor":7.0},{"not_picked":["Warcry","Evolve"],"picked":"Demon Form","floor":8.0},{"not_picked":["Body Slam","Anger"],"picked":"Dropkick","floor":12.0},{"not_picked":["Headbutt","Bloodletting"],"picked":"Clothesline","floor":14.0},{"not_picked":["Fiend Fire","Berserk"],"picked":"Limit Break","floor":16.0},{"not_picked":["Clothesline","Wild Strike"],"picked":"Flame Barrier","floor":18.0},{"not_picked":["Headbutt","Feel No Pain"],"picked":"Armaments+1","floor":19.0},{"not_picked":["Iron Wave","Searing Blow"],"picked":"Twin Strike+1","floor":22.0},{"not_picked":["Inflame","Warcry"],"picked":"Feed","floor":23.0},{"not_picked":["Warcry","Body Slam+1"],"picked":"Cleave+1","floor":25.0},{"not_picked":["Pommel Strike","Disarm"],"picked":"Dropkick","floor":27.0},{"not_picked":["Clash+1","Cleave+1","Second Wind"],"picked":"SKIP","floor":29.0},{"not_picked":["Warcry","Feel No Pain"],"picked":"Heavy Blade","floor":31.0},{"not_picked":["Brutality","Berserk"],"picked":"Barricade","floor":33.0},{"not_picked":["Cleave","Heavy Blade"],"picked":"Pommel Strike+1","floor":35.0},{"not_picked":["Wild Strike","True Grit"],"picked":"Uppercut","floor":37.0},{"not_picked":["Intimidate","Thunderclap","Limit Break"],"picked":"SKIP","floor":38.0},{"not_picked":["Burning Pact","Cleave"],"picked":"Headbutt","floor":39.0},{"not_picked":["Ghostly Armor","Iron Wave+1","Twin Strike+1"],"picked":"SKIP","floor":41.0},{"not_picked":["Searing Blow","Corruption+1"],"picked":"Shrug It Off","floor":44.0}],"player_experience":564765,"relics_obtained":[{"floor":2.0,"key":"Ancient Tea Set"},{"floor":7.0,"key":"Red Skull"},{"floor":9.0,"key":"Mercury Hourglass"},{"floor":23.0,"key":"Bag of Marbles"},{"floor":25.0,"key":"War Paint"},{"floor":26.0,"key":"Art of War"},{"floor":43.0,"key":"Ornamental Fan"}],"event_choices":[{"damage_healed":0.0,"max_hp_gain":0.0,"max_hp_loss":0.0,"gold_gain":0.0,"event_name":"Liars Game","player_choice":"Ignored","floor":4.0,"gold_loss":0.0,"damage_taken":0.0},{"damage_healed":0.0,"max_hp_gain":0.0,"max_hp_loss":0.0,"gold_gain":0.0,"event_name":"Match and Keep!","player_choice":"1 cards matched","floor":5.0,"gold_loss":0.0,"damage_taken":0.0,"cards_obtained":["Reaper"]},{"damage_healed":0.0,"max_hp_gain":0.0,"max_hp_loss":0.0,"gold_gain":0.0,"event_name":"Match and Keep!","player_choice":"1 cards matched","floor":5.0,"gold_loss":0.0,"damage_taken":0.0,"cards_obtained":["Reaper"]},{"cards_removed":["Strike_R"],"damage_healed":0.0,"max_hp_gain":0.0,"max_hp_loss":0.0,"gold_gain":0.0,"event_name":"Purifier","player_choice":"Purged","floor":13.0,"gold_loss":0.0,"damage_taken":0.0},{"damage_healed":0.0,"max_hp_gain":0.0,"max_hp_loss":0.0,"gold_gain":0.0,"event_name":"N\u0027loth","player_choice":"Ignored","floor":20.0,"gold_loss":0.0,"damage_taken":0.0},{"damage_healed":0.0,"max_hp_gain":0.0,"max_hp_loss":0.0,"gold_gain":0.0,"event_name":"FaceTrader","player_choice":"Leave","floor":36.0,"gold_loss":0.0,"damage_taken":0.0}],"is_beta":false,"boss_relics":[{"not_picked":["Runic Pyramid","Pandora\u0027s Box"],"picked":"Ectoplasm"},{"not_picked":["White Beast Statue","Philosopher\u0027s Stone"],"picked":"Mark of Pain"}],"items_purged_floors":[21],"is_endless":false,"potions_floor_spawned":[1,3,12,18,23,25,33,37,39,41,44],"killed_by":"Reptomancer","ascension_level":15}