{"gold_per_floor":[118,131,81,81,156,156,175,175,175,190,223,111,111,136,136,233,233,247,262,281,181,181,209,209,84,156,170,181,181,215,17,17,118,118,138,138,138,138,138,138,151,151,177,21,31,60,78,96,96,96],"floor_reached":51,"playtime":1773,"items_purged":["Strike_R","Strike_R","Defend_R"],"score":832,"play_id":"355afdac-ae32-4198-b594-843168046ab0","local_time":"20190122220001","is_ascension_mode":true,"campfire_choices":[{"floor":8,"key":"REST"},{"data":"Blind","floor":13,"key":"SMITH"},{"floor":15,"key":"REST"},{"floor":24,"key":"REST"},{"floor":32,"key":"REST"},{"data":"Limit Break","floor":40,"key":"SMITH"},{"data":"Heavy Blade","floor":49,"key":"SMITH"}],"neow_cost":"NONE","seed_source_timestamp":1109868897735359,"circlet_count":0,"master_deck":["Defend_R+1","Defend_R+1","Bash","Blind+1","Flex","Clothesline","Demon Form","Iron Wave","Heavy Blade+1","Dropkick","Disarm","Headbutt+1","Evolve+1","Blind+1","Limit Break+1","Shrug It Off+1","Shrug It Off+1"],"relics":["Burning Blood","Paper Frog","Bottled Lightning","Art of War","Snecko Eye","Thread and Needle","Shuriken","Ancient Tea Set","HandDrill","Sozu","Bag of Preparation","Vajra","Happy Flower"],"potions_floor_usage":[33],"damage_taken":[{"damage":1,"enemies":"Jaw Worm","floor":1,"turns":5},{"damage":6,"enemies":"2 Louse","floor":2,"turns":3},{"damage":0,"enemies":"Small Slimes","floor":7,"turns":3},{"damage":4,"enemies":"Blue Slaver","floor":10,"turns":3},{"damage":24,"enemies":"Gremlin Nob","floor":11,"turns":5},{"damage":36,"enemies":"Slime Boss","floor":16,"turns":11},{"damage":0,"enemies":"Spheric Guardian","floor":18,"turns":3},{"damage":10,"enemies":"Shell Parasite","floor":19,"turns":4},{"damage":0,"enemies":"Snecko","floor":20,"turns":3},{"damage":18,"enemies":"Book of Stabbing","floor":23,"turns":6},{"damage":5,"enemies":"Snake Plant","floor":27,"turns":4},{"damage":20,"enemies":"Sentry and Sphere","floor":28,"turns":5},{"damage":22,"enemies":"Slavers","floor":30,"turns":5},{"damage":25,"enemies":"Champ","floor":33,"turns":8},{"damage":0,"enemies":"Orb Walker","floor":35,"turns":3},{"damage":5,"enemies":"3 Shapes","floor":41,"turns":4},{"damage":5,"enemies":"Spire Growth","floor":45,"turns":4},{"damage":6,"enemies":"Nemesis","floor":46,"turns":5},{"damage":0,"enemies":"4 Shapes","floor":47,"turns":5},{"damage":12,"enemies":"Transient","floor":48,"turns":5},{"damage":24,"enemies":"Time Eater","floor":50,"turns":6}],"seed_played":"-5496410794271521797","potions_obtained":[{"floor":1,"key":"Swift Potion"},{"floor":18,"key":"SkillPotion"},{"floor":19,"key":"SteroidPotion"}],"is_trial":false,"path_per_floor":["M","M","?","?","?","?","M","R","T","M","E","$","R","T","R","B",null,"M","M","M","$","?","E","R","$","T","M","M","?","E","$","R","B",null,"M","?","$","?","?","R","M","?","T","$","M","E","M","M","R","B",null],"character_chosen":"IRONCLAD","items_purchased":["Dropkick","HandDrill","Vajra"],"campfire_rested":4,"item_purchase_floors":[12,31,44],"current_hp_per_floor":[80,80,80,64,53,46,52,76,76,78,60,60,60,60,80,50,80,80,76,80,80,80,68,80,80,80,80,66,66,50,50,74,55,80,80,80,80,80,80,80,80,76,76,76,76,76,76,70,70,52],"gold":96,"neow_bonus":"RANDOM_COLORLESS","is_prod":false,"is_daily":false,"chose_seed":false,"campfire_upgraded":3,"win_rate":0,"timestamp":1548223201,"path_taken":["M","M","?","?","?","?","M","R","T","?","E","?","R","?","R","BOSS","M","M","M","$","?","E","R","$","T","?","M","?","E","?","R","BOSS","M","?","$","?","?","R","?","?","T","?","M","E","M","M","R","BOSS"],"build_version":"2019-01-17v2","purchased_purges":3,"victory":true,"max_hp_per_floor":[80,80,80,80,80,80,80,80,80,80,80,80,80,80,80,80,80,80,80,80,80,80,80,80,80,80,80,80,80,80,80,80,80,80,80,80,80,80,80,80,80,76,76,76,76,76,76,76,76,76],"card_choices":[{"not_picked":["Warcry","Havoc"],"picked":"Flex","floor":1},{"not_picked":["Wild Strike","Warcry"],"picked":"Clothesline","floor":2},{"not_picked":["Sentinel","Headbutt"],"picked":"Demon Form","floor":7},{"not_picked":["Whirlwind","Havoc"],"picked":"Iron Wave","floor":10},{"not_picked":["Clothesline","Sentinel"],"picked":"Heavy Blade","floor":11},{"not_picked":["Demon Form","Barricade"],"picked":"Double Tap","floor":16},{"not_picked":["Flex","Havoc"],"picked":"Disarm","floor":18},{"not_picked":["Wild Strike","Havoc"],"picked":"Headbutt+1","floor":19},{"not_picked":["Whirlwind","Perfected Strike+1"],"picked":"Evolve+1","floor":20},{"not_picked":["Armaments","Sever Soul","Sword Boomerang"],"picked":"SKIP","floor":23},{"not_picked":["Dual Wield","Clothesline","Cleave"],"picked":"SKIP","floor":27},{"not_picked":["Pommel Strike","Perfected Strike","Second Wind"],"picked":"SKIP","floor":28},{"not_picked":["Corruption","Flame Barrier","Rupture"],"picked":"SKIP","floor":30},{"not_picked":["Fiend Fire","Juggernaut"],"picked":"Limit Break","floor":33},{"not_picked":["Clash","True Grit+1","Sever Soul+1"],"picked":"SKIP","floor":35},{"not_picked":["Armaments","Iron Wave"],"picked":"Shrug It Off+1","floor":41},{"not_picked":["Blood for Blood","Pommel Strike+1","Dual Wield"],"picked":"SKIP","floor":45},{"not_picked":["Wild Strike","Pommel Strike"],"picked":"Shrug It Off+1","floor":46},{"not_picked":["Power Through","Corruption","Perfected Strike"],"picked":"SKIP","floor":47},{"not_picked":["Wild Strike","Headbutt+1","Dual Wield"],"picked":"SKIP","floor":48}],"player_experience":152822,"relics_obtained":[{"floor":9,"key":"Paper Frog"},{"floor":11,"key":"Bottled Lightning"},{"floor":14,"key":"Art of War"},{"floor":23,"key":"Thread and Needle"},{"floor":26,"key":"Shuriken"},{"floor":30,"key":"Ancient Tea Set"},{"floor":43,"key":"Bag of Preparation"},{"floor":46,"key":"Happy Flower"}],"event_choices":[{"cards_removed":["Strike_R"],"damage_healed":0,"gold_gain":0,"player_choice":"Card Removal","damage_taken":0,"max_hp_gain":0,"max_hp_loss":0,"event_name":"The Cleric","floor":3,"gold_loss":50},{"damage_healed":0,"gold_gain":0,"player_choice":"Entered Light","damage_taken":16,"max_hp_gain":0,"max_hp_loss":0,"event_name":"Shining Light","floor":4,"gold_loss":0,"cards_upgraded":["Defend_R","Defend_R"]},{"damage_healed":0,"gold_gain":75,"player_choice":"Gather Gold","damage_taken":11,"max_hp_gain":0,"max_hp_loss":0,"event_name":"World of Goop","floor":5,"gold_loss":0},{"cards_removed":["Strike_R"],"damage_healed":0,"gold_gain":0,"player_choice":"Card Removal","damage_taken":7,"max_hp_gain":0,"max_hp_loss":0,"event_name":"Golden Wing","floor":6,"gold_loss":0},{"damage_healed":0,"gold_gain":0,"player_choice":"Copied","damage_taken":0,"max_hp_gain":0,"max_hp_loss":0,"event_name":"Duplicator","floor":22,"gold_loss":0,"cards_obtained":["Blind"]},{"cards_removed":["Strike_R"],"damage_healed":0,"gold_gain":0,"player_choice":"Elegance","damage_taken":0,"max_hp_gain":0,"max_hp_loss":0,"event_name":"Back to Basics","floor":29,"gold_loss":0},{"damage_healed":0,"gold_gain":0,"player_choice":"Ignored","damage_taken":0,"max_hp_gain":0,"max_hp_loss":0,"event_name":"Mysterious Sphere","floor":36,"gold_loss":0},{"cards_removed":["Double Tap"],"damage_healed":0,"gold_gain":0,"player_choice":"Removed Skill","damage_taken":0,"max_hp_gain":0,"max_hp_loss":0,"event_name":"Falling","floor":38,"gold_loss":0},{"cards_removed":["Defend_R"],"damage_healed":0,"gold_gain":0,"player_choice":"Purged","damage_taken":0,"max_hp_gain":0,"max_hp_loss":0,"event_name":"Purifier","floor":39,"gold_loss":0},{"damage_healed":0,"gold_gain":0,"player_choice":"Max HP","damage_taken":0,"max_hp_gain":0,"max_hp_loss":4,"event_name":"Winding Halls","floor":42,"gold_loss":0}],"is_beta":false,"boss_relics":[{"not_picked":["Fusion Hammer","Empty Cage"],"picked":"Snecko Eye"},{"not_picked":["Philosopher\u0027s Stone","Eternal Feather"],"picked":"Sozu"}],"items_purged_floors":[12,21,25],"is_endless":false,"potions_floor_spawned":[1,18,19,28,30,45,46,47],"ascension_level":2}