{"gold_per_floor":[112,126,139,139,158,158,76,76,126,184,199,199,199,227,227,330,330,346,362,382,400,418,418,418,418,443,462,475,327,342,359,359,359],"floor_reached":33,"playtime":1439,"items_purged":["Strike_G"],"score":364,"play_id":"93b72a9e-d1a3-4991-9d76-2712e0949649","local_time":"20180803230222","is_ascension_mode":true,"campfire_choices":[{"data":"Neutralize","floor":6,"key":"SMITH"},{"data":"Noxious Fumes","floor":8,"key":"SMITH"},{"floor":12,"key":"REST"},{"floor":15,"key":"REST"},{"floor":23,"key":"REST"},{"floor":25,"key":"REST"},{"floor":32,"key":"REST"}],"neow_cost":"NONE","seed_source_timestamp":2340528016938307,"circlet_count":0,"master_deck":["Defend_G","Defend_G","Defend_G","Defend_G","Defend_G","Strike_G","Strike_G","Strike_G","Strike_G","Survivor","Neutralize+1","Caltrops+1","Sucker Punch","Backflip","Noxious Fumes+1","Blur","Dodge and Roll","Infinite Blades","Dodge and Roll","Deadly Poison","Noxious Fumes","Envenom","Cloak And Dagger+1","Riddle With Holes","Backflip","Noxious Fumes","Deflect+1","Infinite Blades"],"relics":["Ring of the Snake","Anchor","Blood Vial","Letter Opener","Pen Nib","WristBlade","Lantern"],"potions_floor_usage":[27,30,31,31,31,31,33],"damage_taken":[{"damage":0,"enemies":"2 Louse","floor":1,"turns":3},{"damage":0,"enemies":"Small Slimes","floor":2,"turns":3},{"damage":6,"enemies":"Jaw Worm","floor":3,"turns":5},{"damage":7,"enemies":"2 Fungi Beasts","floor":5,"turns":5},{"damage":17,"enemies":"Gremlin Nob","floor":10,"turns":5},{"damage":0,"enemies":"Large Slime","floor":11,"turns":7},{"damage":38,"enemies":"Gremlin Nob","floor":14,"turns":6},{"damage":0,"enemies":"The Guardian","floor":16,"turns":11},{"damage":18,"enemies":"Spheric Guardian","floor":18,"turns":6},{"damage":0,"enemies":"Shell Parasite","floor":19,"turns":6},{"damage":2,"enemies":"Snecko","floor":20,"turns":5},{"damage":33,"enemies":"3 Cultists","floor":21,"turns":5},{"damage":12,"enemies":"Snake Plant","floor":22,"turns":5},{"damage":9,"enemies":"Chosen and Byrds","floor":27,"turns":5},{"damage":15,"enemies":"3 Cultists","floor":28,"turns":5},{"damage":20,"enemies":"Snake Plant","floor":30,"turns":5},{"damage":14,"enemies":"Centurion and Healer","floor":31,"turns":6},{"damage":46,"enemies":"Automaton","floor":33,"turns":6}],"seed_played":"-8809348583823224398","potions_obtained":[{"floor":1,"key":"GamblersBrew"},{"floor":5,"key":"EntropicBrew"},{"floor":10,"key":"FearPotion"},{"floor":28,"key":"Energy Potion"}],"is_trial":false,"path_per_floor":["M","M","M","?","M","R","$","R","T","?","M","R","?","E","R","B",null,"M","M","M","M","M","R","?","R","T","M","M","$","M","M","R"],"character_chosen":"THE_SILENT","items_purchased":["Noxious Fumes","Noxious Fumes"],"campfire_rested":5,"item_purchase_floors":[7,29],"current_hp_per_floor":[77,77,71,59,52,52,52,52,52,37,39,62,62,26,49,51,77,59,61,61,30,20,43,29,53,53,46,33,33,15,3,27,0],"gold":359,"neow_bonus":"TEN_PERCENT_HP_BONUS","is_prod":false,"is_daily":false,"chose_seed":false,"campfire_upgraded":2,"win_rate":0,"timestamp":1533351742,"path_taken":["M","M","M","?","M","R","$","R","T","?","M","R","?","E","R","BOSS","M","M","M","M","M","R","?","R","T","M","M","$","M","M","R","BOSS"],"build_version":"2018-08-02","purchased_purges":1,"victory":false,"max_hp_per_floor":[77,77,77,77,77,77,77,77,77,77,77,77,77,77,77,77,77,77,77,77,77,77,77,82,82,82,82,82,82,82,82,82,82],"card_choices":[{"not_picked":["Expertise","Bane","Acrobatics"],"picked":"SKIP","floor":1},{"not_picked":["Distraction","Choke"],"picked":"Caltrops","floor":2},{"not_picked":["Deadly Poison","Deflect"],"picked":"Sucker Punch","floor":3},{"not_picked":["Deflect","Dodge and Roll"],"picked":"Backflip","floor":5},{"not_picked":["Expertise","Reflex"],"picked":"Blur","floor":10},{"not_picked":["Deadly Poison","Slice"],"picked":"Dodge and Roll","floor":11},{"not_picked":["Backflip","Finisher"],"picked":"Infinite Blades","floor":14},{"not_picked":["Masterful Stab+1","Concentrate"],"picked":"Dodge and Roll","floor":18},{"not_picked":["Bane","Escape Plan"],"picked":"Deadly Poison","floor":19},{"not_picked":["Dagger Throw","Catalyst"],"picked":"Noxious Fumes","floor":20},{"not_picked":["Backstab+1","Infinite Blades"],"picked":"Envenom","floor":21},{"not_picked":["Flying Knee+1","Blade Dance"],"picked":"Cloak And Dagger+1","floor":22},{"not_picked":["Escape Plan","Bane"],"picked":"Riddle With Holes","floor":27},{"not_picked":["Flying Knee","Flechettes+1"],"picked":"Backflip","floor":28},{"not_picked":["Reflex","Dagger Throw"],"picked":"Deflect+1","floor":30},{"not_picked":["Prepared","All Out Attack"],"picked":"Infinite Blades","floor":31}],"player_experience":203171,"relics_obtained":[{"floor":9,"key":"Blood Vial"},{"floor":10,"key":"Letter Opener"},{"floor":14,"key":"Pen Nib"},{"floor":26,"key":"Lantern"}],"event_choices":[{"event_name":"Scrap Ooze","player_choice":"success","floor":4,"damage_taken":12},{"event_name":"Dead Adventurer","player_choice":"Searched \u00271\u0027 times","floor":10,"damage_taken":0},{"event_name":"Living Wall","player_choice":"Grow","floor":13,"damage_taken":0},{"event_name":"Forgotten Altar","player_choice":"Shed Blood","floor":24,"damage_taken":0}],"is_beta":false,"boss_relics":[{"not_picked":["Orrery","Ectoplasm"],"picked":"WristBlade"}],"items_purged_floors":[29],"is_endless":false,"potions_floor_spawned":[1,5,10,14,16,18,19,28],"killed_by":"Automaton","ascension_level":4}