{"gold_per_floor":[116,39,55,66,31,65,65,92,92,102,102,114,139,203,203,277,277,297,297,308,320,320,353,353,382,459,12,12],"floor_reached":28,"playtime":950,"items_purged":["Strike_R"],"score":552,"play_id":"991e70d9-b36b-497d-951f-2859cdc64dc3","local_time":"20190629152120","is_ascension_mode":true,"campfire_choices":[{"data":"Whirlwind","floor":7.0,"key":"SMITH"},{"data":"Uppercut","floor":11.0,"key":"SMITH"},{"floor":15.0,"key":"REST"},{"floor":24.0,"key":"REST"}],"neow_cost":"NONE","seed_source_timestamp":714862772449400,"circlet_count":0,"master_deck":["AscendersBane","Strike_R","Strike_R","Strike_R","Strike_R","Defend_R+1","Defend_R","Defend_R+1","Defend_R","Bash","Battle Trance","Whirlwind+1","Inflame","Uppercut+1","Rage","Flame Barrier","Bloodletting","Impervious","Iron Wave","Demon Form","Writhe","Whirlwind","Shrug It Off","Ghostly Armor","Uppercut","Shrug It Off"],"special_seed":0,"relics":["Burning Blood","Centennial Puzzle","Bronze Scales","Blue Candle","Anchor","The Courier","StoneCalendar","Eternal Feather","Orichalcum","Paper Frog","War Paint","Letter Opener","Vajra","Shuriken"],"potions_floor_usage":[],"damage_taken":[{"damage":7.0,"enemies":"Cultist","floor":1.0,"turns":4.0},{"damage":12.0,"enemies":"Small Slimes","floor":3.0,"turns":2.0},{"damage":2.0,"enemies":"2 Louse","floor":4.0,"turns":2.0},{"damage":29.0,"enemies":"Gremlin Nob","floor":6.0,"turns":4.0},{"damage":18.0,"enemies":"3 Sentries","floor":8.0,"turns":5.0},{"damage":1.0,"enemies":"Looter","floor":10.0,"turns":3.0},{"damage":6.0,"enemies":"Exordium Thugs","floor":12.0,"turns":3.0},{"damage":9.0,"enemies":"Gremlin Nob","floor":13.0,"turns":3.0},{"damage":30.0,"enemies":"Lagavulin Event","floor":14.0,"turns":6.0},{"damage":12.0,"enemies":"Hexaghost","floor":16.0,"turns":9.0},{"damage":13.0,"enemies":"Chosen","floor":18.0,"turns":5.0},{"damage":16.0,"enemies":"Spheric Guardian","floor":20.0,"turns":6.0},{"damage":25.0,"enemies":"Snake Plant","floor":21.0,"turns":5.0},{"damage":13.0,"enemies":"Gremlin Leader","floor":23.0,"turns":5.0},{"damage":17.0,"enemies":"Slavers","floor":25.0,"turns":4.0},{"damage":48,"enemies":"Book of Stabbing","floor":28,"turns":5}],"seed_played":"-1666882524345908566","potions_obtained":[{"floor":1.0,"key":"SkillPotion"},{"floor":3.0,"key":"Swift Potion"},{"floor":8.0,"key":"Energy Potion"},{"floor":12.0,"key":"Ancient Potion"},{"floor":14.0,"key":"SpeedPotion"},{"floor":18.0,"key":"Explosive Potion"},{"floor":23.0,"key":"PowerPotion"},{"floor":25.0,"key":"Dexterity Potion"}],"is_trial":false,"path_per_floor":["M","$","M","M","?","E","R","E","T","M","R","M","E","?","R","B",null,"M","?","M","M","?","E","R","E","T","$","E"],"character_chosen":"IRONCLAD","items_purchased":["Whirlwind","Vajra","Shuriken","Shrug It Off"],"campfire_rested":2,"item_purchase_floors":[2,27,27,27],"current_hp_per_floor":[67,67,61,65,75,52,52,40,40,45,45,45,42,18,40,34,65,58,58,48,29,29,22,59,48,48,48,0],"gold":12,"neow_bonus":"RANDOM_COMMON_RELIC","is_prod":false,"is_daily":false,"chose_seed":false,"campfire_upgraded":2,"win_rate":0,"timestamp":1561818080,"path_taken":["M","$","M","M","?","E","R","E","T","M","R","M","E","?","R","BOSS","M","?","M","M","?","E","R","E","T","$","E"],"build_version":"2019-01-23","purchased_purges":1,"victory":false,"max_hp_per_floor":[75,75,75,75,75,75,75,75,75,75,75,75,75,75,75,75,75,75,75,75,75,75,75,75,75,75,75,75],"card_choices":[{"not_picked":["Uppercut","Blood for Blood"],"picked":"Battle Trance","floor":1.0},{"not_picked":["Spot Weakness","Wild Strike"],"picked":"Inflame","floor":3.0},{"not_picked":["Second Wind","Heavy Blade"],"picked":"Uppercut","floor":4.0},{"not_picked":["Blood for Blood","Warcry"],"picked":"Rage","floor":6.0},{"not_picked":["Flex","Bloodletting"],"picked":"Flame Barrier","floor":8.0},{"not_picked":["Heavy Blade","Clash","Anger"],"picked":"SKIP","floor":10.0},{"not_picked":["Warcry","Clash"],"picked":"Bloodletting","floor":12.0},{"not_picked":["Heavy Blade","Rampage"],"picked":"Impervious","floor":13.0},{"not_picked":["Heavy Blade","Rage"],"picked":"Iron Wave","floor":14.0},{"not_picked":["Juggernaut","Bludgeon"],"picked":"Demon Form","floor":16.0},{"not_picked":["Havoc","Clash","Thunderclap"],"picked":"SKIP","floor":18.0},{"not_picked":["Sword Boomerang","Rampage"],"picked":"Whirlwind","floor":20.0},{"not_picked":["Seeing Red","Carnage"],"picked":"Shrug It Off","floor":21.0},{"not_picked":["Headbutt","Thunderclap"],"picked":"Ghostly Armor","floor":23.0},{"not_picked":["Dark Embrace","Sword Boomerang"],"picked":"Uppercut","floor":25.0}],"player_experience":1497836,"relics_obtained":[{"floor":6.0,"key":"Bronze Scales"},{"floor":8.0,"key":"Blue Candle"},{"floor":9.0,"key":"Anchor"},{"floor":13.0,"key":"The Courier"},{"floor":14.0,"key":"StoneCalendar"},{"floor":23.0,"key":"Paper Frog"},{"floor":25.0,"key":"War Paint"},{"floor":26.0,"key":"Letter Opener"}],"event_choices":[{"damage_healed":18.0,"max_hp_gain":0.0,"max_hp_loss":0.0,"gold_gain":0.0,"event_name":"The Cleric","player_choice":"Healed","floor":5.0,"gold_loss":35.0,"damage_taken":0.0},{"damage_healed":0.0,"max_hp_gain":0.0,"max_hp_loss":0.0,"gold_gain":30.0,"event_name":"Dead Adventurer","player_choice":"Searched \u00273\u0027 times","floor":14.0,"gold_loss":0.0,"damage_taken":0.0},{"damage_healed":0.0,"max_hp_gain":0.0,"max_hp_loss":0.0,"gold_gain":0.0,"event_name":"The Mausoleum","player_choice":"Opened","floor":19.0,"gold_loss":0.0,"damage_taken":0.0,"relics_obtained":["Orichalcum"],"cards_obtained":["Writhe"]},{"damage_healed":0.0,"max_hp_gain":0.0,"max_hp_loss":0.0,"gold_gain":0.0,"event_name":"Match and Keep!","player_choice":"0 cards matched","floor":22.0,"gold_loss":0.0,"damage_taken":0.0,"cards_obtained":[]}],"is_beta":false,"boss_relics":[{"not_picked":["Astrolabe","Tiny House"],"picked":"Eternal Feather"}],"items_purged_floors":[27],"is_endless":false,"potions_floor_spawned":[1,3,8,12,14,18,23,25],"killed_by":"Book of Stabbing","ascension_level":20}