{"path_per_floor":["M","M","?","?","?","R","M","E","T","?","M","?","R","?","R","B",null,"M","M","?","M","?","$","M","E","T","M","R","$","R","M","R","B",null,"M","?","$","M","?","R","E","R","T","M","R","E","M","M","R","B"],"character_chosen":"THE_SILENT","items_purchased":["Footwork","Happy Flower"],"gold_per_floor":[10,23,23,98,98,98,111,145,145,207,222,222,222,222,222,320,320,332,342,267,284,284,130,145,178,204,214,214,68,68,79,79,180,180,195,195,95,113,113,113,142,142,142,157,157,188,200,220,220,220],"floor_reached":51,"campfire_rested":9,"playtime":2873,"current_hp_per_floor":[67,67,60,49,35,56,56,43,43,22,22,39,60,60,60,47,70,55,47,47,43,43,43,25,33,33,33,53,53,67,58,67,40,67,67,67,67,34,34,54,28,48,48,46,66,47,25,24,47,11],"items_purged":["Parasite","Defend_G"],"gold":220,"score":550,"play_id":"ece5d1b0-b1dc-4a44-8f79-505ec042518a","is_prod":false,"is_daily":false,"is_ascension_mode":false,"campfire_upgraded":1,"path_taken":["M","M","?","?","?","R","M","E","T","?","?","?","R","?","R","BOSS","M","?","?","M","?","$","M","E","T","?","R","$","R","M","R","BOSS","M","?","$","M","?","R","E","R","T","M","R","E","M","M","R","BOSS"],"build_version":"2018-02-08-PROD1","purchased_purges":2,"victory":true,"master_deck":["Defend_G","Defend_G","Strike_G","Strike_G","Strike_G","Survivor","Neutralize","Caltrops","Deflect+1","Leg Sweep","Dagger Spray","Quick Slash","Infinite Blades","Calculated Gamble+1","Footwork+1","Sucker Punch","Glass Knife","Backstab+1","Prepared+1","Escape Plan+1","Footwork+1","Caltrops","Backflip+1","Infinite Blades+1","Predator","Burst","Die Die Die","Riddle With Holes","Calculated Gamble+1","Predator+1","Unload","Deflect+1"],"max_hp_per_floor":[70,70,70,70,70,70,70,70,70,70,70,70,70,70,70,70,70,70,70,70,70,70,67,67,67,67,67,67,67,67,67,67,67,67,67,67,67,67,67,67,67,67,67,69,69,69,69,71,73,73],"relics":["Ring of the Snake","Paper Crane","Dream Catcher","Bag of Preparation","Letter Opener","Lizard Tail","Pen Nib","Bag of Marbles","Happy Flower","Sozu","Bronze Scales","Singing Bowl","Mummified Hand"],"card_choices":[{"not_picked":["Underhanded Strike","Acrobatics"],"picked":"Leg Sweep"},{"not_picked":["Distraction","Crippling Poison"],"picked":"Dagger Spray"},{"not_picked":["Dodge and Roll","Flying Knee"],"picked":"Quick Slash"},{"not_picked":["Masterful Stab","Die Die Die"],"picked":"Infinite Blades"},{"not_picked":["Caltrops","Well Laid Plans"],"picked":"Calculated Gamble"},{"not_picked":["Bane","Calculated Gamble"],"picked":"Footwork"},{"not_picked":["Deadly Poison","Underhanded Strike"],"picked":"Sucker Punch"},{"not_picked":["Envenom","Adrenaline"],"picked":"Glass Knife"},{"not_picked":["Malaise","Dagger Spray"],"picked":"Backstab"},{"not_picked":["All Out Attack","Flying Knee"],"picked":"Prepared"},{"not_picked":["Acrobatics","Slice"],"picked":"Escape Plan"},{"not_picked":["Sucker Punch","Noxious Fumes"],"picked":"Caltrops"},{"not_picked":["Dagger Spray","Outmaneuver"],"picked":"Backflip"},{"not_picked":["Deadly Poison","Acrobatics"],"picked":"Infinite Blades"},{"not_picked":["Poisoned Stab","Dodge and Roll"],"picked":"Predator"},{"not_picked":["Calculated Gamble","Flying Knee"],"picked":"Burst"},{"not_picked":["Tactician","Glass Knife"],"picked":"Die Die Die"},{"not_picked":["Leg Sweep","Backflip"],"picked":"Riddle With Holes"},{"not_picked":["Underhanded Strike","Slice"],"picked":"Calculated Gamble"},{"not_picked":["Bouncing Flask","Crippling Poison"],"picked":"Predator"},{"not_picked":["Poisoned Stab","Sucker Punch"],"picked":"Unload"},{"not_picked":["PiercingWail","Finisher"],"picked":"Deflect"}],"player_experience":74273,"potions_floor_usage":[8,10,24,25,25,25],"damage_taken":[{"damage":3,"enemies":"Small Slimes","floor":1,"turns":5},{"damage":0,"enemies":"Jaw Worm","floor":2,"turns":7},{"damage":0,"enemies":"2 Louse","floor":7,"turns":3},{"damage":13,"enemies":"Gremlin Nob","floor":8,"turns":5},{"damage":21,"enemies":"Lagavulin Event","floor":10,"turns":11},{"damage":0,"enemies":"2 Fungi Beasts","floor":11,"turns":3},{"damage":13,"enemies":"Slime Boss","floor":16,"turns":16},{"damage":15,"enemies":"3 Byrds","floor":18,"turns":7},{"damage":8,"enemies":"Chosen","floor":19,"turns":6},{"damage":4,"enemies":"Snake Plant","floor":21,"turns":4},{"damage":18,"enemies":"Centurion and Healer","floor":24,"turns":6},{"damage":26,"enemies":"Slavers","floor":25,"turns":4},{"damage":0,"enemies":"Snecko","floor":27,"turns":6},{"damage":9,"enemies":"Cultist and Chosen","floor":31,"turns":8},{"damage":27,"enemies":"Champ","floor":33,"turns":16},{"damage":0,"enemies":"Orb Walker","floor":35,"turns":3},{"damage":33,"enemies":"3 Darklings","floor":38,"turns":5},{"damage":26,"enemies":"Giant Head","floor":41,"turns":11},{"damage":4,"enemies":"Maw","floor":44,"turns":8},{"damage":19,"enemies":"Nemesis","floor":46,"turns":10},{"damage":22,"enemies":"Sphere and 2 Shapes","floor":47,"turns":3},{"damage":3,"enemies":"4 Shapes","floor":48,"turns":5},{"damage":36,"enemies":"Time Eater","floor":50,"turns":13}],"event_choices":[{"event_name":"Golden Wing","player_choice":"Card Removal","floor":3,"damage_taken":0},{"event_name":"World of Goop","player_choice":"Gather Gold","floor":4,"damage_taken":0},{"event_name":"Shining Light","player_choice":"Entered Light","floor":5,"damage_taken":0},{"event_name":"Dead Adventurer","player_choice":"Searched \u00272\u0027 times","floor":10,"damage_taken":0},{"event_name":"Mushrooms","player_choice":"Healed and dodged fight","floor":12,"damage_taken":0},{"event_name":"Wheel of Change","player_choice":"Relic","floor":14,"damage_taken":0},{"event_name":"Beggar","player_choice":"Gave Gold","floor":20,"damage_taken":0},{"event_name":"Accursed Blacksmith","player_choice":"Forge","floor":22,"damage_taken":0},{"event_name":"Mysterious Sphere","player_choice":"Ignore","floor":36,"damage_taken":0},{"event_name":"Upgrade Shrine","player_choice":"Upgraded","floor":39,"damage_taken":0}],"boss_relics":[{"not_picked":["Question Card","Astrolabe"],"picked":"Lizard Tail"},{"not_picked":["Velvet Choker","Tiny House"],"picked":"Sozu"}],"potions_floor_spawned":[1,7,11,18,21,24,25,33,41,44,46],"seed_played":"-6835671550524565740","ascension_level":0,"is_trial":false}