{"gold_per_floor":[116,116,135,146,146,172,172,207,207,207,207,132,132,158,158,229,229,241,241,141,156,156,188,188,223,523,536,549,564,97,117,117,194,194,209,209,4,16,36,36,36],"floor_reached":41,"playtime":2384,"items_purged":["Strike_B","Strike_B","Strike_B"],"score":806,"play_id":"2efbfaed-7ec5-4281-ae63-3cc2125079fd","local_time":"20180728153037","is_ascension_mode":true,"campfire_choices":[{"data":"Conserve Battery","floor":7.0,"key":"SMITH"},{"floor":11.0,"key":"REST"},{"floor":13.0,"key":"REST"},{"data":"Barrage","floor":15.0,"key":"SMITH"},{"data":"Auto Shields","floor":24.0,"key":"SMITH"},{"floor":32.0,"key":"REST"},{"floor":40.0,"key":"REST"}],"neow_cost":"","seed_source_timestamp":0,"circlet_count":0,"master_deck":["Defend_B","Defend_B","Defend_B+1","Defend_B","Zap+1","Dualcast+1","AscendersBane","Conserve Battery+1","Barrage+1","Glacier","Auto Shields+1","Ball Lightning","Compile Driver","Electrodynamics","Cold Snap","Coolheaded+1","Ball Lightning","Stack+1","Hologram+1","Sweeping Beam+1","Conserve Battery","Creative AI","Seek","Stack+1","Go for the Eyes","Leap"],"special_seed":0,"relics":["Cracked Core","Emotion Chip","Darkstone Periapt","Bottled Lightning","Centennial Puzzle","Inserter","Nloth\u0027s Gift","Symbiotic Virus","Oddly Smooth Stone","Old Coin","OrangePellets","Regal Pillow","Black Star","Strawberry"],"potions_floor_usage":[41],"damage_taken":[{"damage":0.0,"enemies":"Small Slimes","floor":1.0,"turns":3.0},{"damage":1.0,"enemies":"Cultist","floor":3.0,"turns":3.0},{"damage":5.0,"enemies":"2 Louse","floor":4.0,"turns":3.0},{"damage":6.0,"enemies":"3 Sentries","floor":6.0,"turns":9.0},{"damage":29.0,"enemies":"Gremlin Nob","floor":8.0,"turns":6.0},{"damage":0.0,"enemies":"3 Sentries","floor":14.0,"turns":7.0},{"damage":22.0,"enemies":"Slime Boss","floor":16.0,"turns":12.0},{"damage":0.0,"enemies":"Chosen","floor":18.0,"turns":5.0},{"damage":1.0,"enemies":"Spheric Guardian","floor":21.0,"turns":4.0},{"damage":13.0,"enemies":"Gremlin Leader","floor":23.0,"turns":4.0},{"damage":20.0,"enemies":"Slavers","floor":25.0,"turns":5.0},{"damage":5.0,"enemies":"Centurion and Healer","floor":27.0,"turns":4.0},{"damage":8.0,"enemies":"Snake Plant","floor":28.0,"turns":4.0},{"damage":6.0,"enemies":"Slaver and Parasite","floor":29.0,"turns":5.0},{"damage":0.0,"enemies":"Centurion and Healer","floor":31.0,"turns":6.0},{"damage":27.0,"enemies":"Champ","floor":33.0,"turns":11.0},{"damage":0.0,"enemies":"3 Shapes","floor":35.0,"turns":5.0},{"damage":10.0,"enemies":"Flame Bruiser 1 Orb","floor":38.0,"turns":8.0},{"damage":25.0,"enemies":"Transient","floor":39.0,"turns":5.0},{"damage":97,"enemies":"Giant Head","floor":41,"turns":9}],"seed_played":"-1027173065958862814","potions_obtained":[{"floor":1.0,"key":"Swift Potion"},{"floor":4.0,"key":"SpeedPotion"},{"floor":28.0,"key":"Dexterity Potion"},{"floor":39.0,"key":"Explosive Potion"}],"is_trial":false,"path_per_floor":["M","?","M","M","T","E","R","E","T","?","R","$","R","E","R","B",null,"M","?","$","M","?","E","R","E","T","M","M","M","$","M","R","B",null,"M","?","$","M","M","R"],"character_chosen":"DEFECT","items_purchased":["OrangePellets","Regal Pillow","Strawberry","Go for the Eyes"],"campfire_rested":4,"item_purchase_floors":[30,30,37,37],"current_hp_per_floor":[64,64,63,58,58,52,52,23,23,9,30,30,51,51,51,29,61,61,61,61,60,60,47,47,27,27,22,14,8,8,8,44,17,58,58,58,65,55,30,68,0],"gold":36,"neow_bonus":"","is_prod":false,"is_daily":false,"chose_seed":false,"campfire_upgraded":3,"win_rate":0,"timestamp":1532806237,"path_taken":["M","?","M","M","?","E","R","E","T","?","R","$","R","E","R","BOSS","M","?","$","M","?","E","R","E","T","M","M","?","$","?","R","BOSS","M","?","$","M","M","R","E"],"build_version":"2018-07-26","purchased_purges":3,"victory":false,"max_hp_per_floor":[71,71,71,71,71,71,71,71,71,71,71,71,71,71,71,71,71,71,71,71,71,71,71,71,71,71,71,71,71,71,71,71,71,71,71,71,78,78,78,78,78],"card_choices":[{"not_picked":["White Noise","Coolheaded"],"picked":"Conserve Battery","floor":1.0},{"not_picked":["Hello World","Steam Power"],"picked":"Barrage","floor":3.0},{"not_picked":["Hello World","FTL"],"picked":"Glacier","floor":4.0},{"not_picked":["Fission","Reinforced Body"],"picked":"Auto Shields","floor":6.0},{"not_picked":["Capacitor","Static Discharge"],"picked":"Ball Lightning","floor":8.0},{"not_picked":["Stack","Rebound"],"picked":"Compile Driver","floor":14.0},{"not_picked":["Reboot","Machine Learning"],"picked":"Electrodynamics","floor":16.0},{"not_picked":["Recycle","Ball Lightning"],"picked":"Cold Snap","floor":18.0},{"not_picked":["Fission","Rebound"],"picked":"Coolheaded+1","floor":21.0},{"not_picked":["Steam Power","All For One","Streamline"],"picked":"SKIP","floor":23.0},{"not_picked":["Sweeping Beam","Thunder Strike"],"picked":"Stack+1","floor":25.0},{"not_picked":["Leap","Force Field+1"],"picked":"Hologram+1","floor":27.0},{"not_picked":["Cold Snap","Reprogram"],"picked":"Sweeping Beam+1","floor":28.0},{"not_picked":["Steam Power","Beam Cell"],"picked":"Conserve Battery","floor":29.0},{"not_picked":["Leap","Skim"],"picked":"Creative AI","floor":31.0},{"not_picked":["Buffer","All For One"],"picked":"Seek","floor":33.0},{"not_picked":["Lockon","Gash"],"picked":"Stack+1","floor":35.0},{"not_picked":["Sweeping Beam","Recycle","Steam"],"picked":"SKIP","floor":38.0},{"not_picked":["Turbo","Seek"],"picked":"Leap","floor":39.0}],"player_experience":170927,"relics_obtained":[{"floor":5.0,"key":"Emotion Chip"},{"floor":6.0,"key":"Darkstone Periapt"},{"floor":8.0,"key":"Bottled Lightning"},{"floor":9.0,"key":"Bronze Scales"},{"floor":14.0,"key":"Centennial Puzzle"},{"floor":23.0,"key":"Symbiotic Virus"},{"floor":25.0,"key":"Oddly Smooth Stone"},{"floor":26.0,"key":"Old Coin"}],"event_choices":[{"event_name":"Upgrade Shrine","player_choice":"Upgraded","floor":2.0,"damage_taken":0.0},{"event_name":"Shining Light","player_choice":"Entered Light","floor":10.0,"damage_taken":0.0},{"event_name":"N\u0027loth","player_choice":"Traded a Bronze Scales","floor":19.0,"damage_taken":0.0},{"event_name":"Duplicator","player_choice":"One dupe","floor":22.0,"damage_taken":0.0},{"event_name":"Falling","player_choice":"Removed Attack","floor":36.0,"damage_taken":0.0}],"is_beta":false,"boss_relics":[{"not_picked":["Runic Dome","Sozu"],"picked":"Inserter"},{"not_picked":["Philosopher\u0027s Stone","Runic Pyramid"],"picked":"Black Star"}],"items_purged_floors":[12,20,30],"is_endless":false,"potions_floor_spawned":[1,4,14,25,28,29,39],"killed_by":"Giant Head","ascension_level":14}