{"gold_per_floor":[112,122,122,135,155,155,167,181,181,181,181,181,193,205,205,310,310,328,339,339],"floor_reached":20,"playtime":682,"items_purged":[],"score":247,"play_id":"a7cc5b40-94fa-45e4-8dc4-b5128aa4b3a3","local_time":"20190628000723","is_ascension_mode":true,"campfire_choices":[{"data":"Uppercut","floor":6,"key":"SMITH"},{"data":"Metallicize","floor":10,"key":"SMITH"},{"data":"Rampage","floor":15,"key":"SMITH"}],"neow_cost":"NONE","seed_source_timestamp":30975869888443,"circlet_count":0,"master_deck":["Strike_R","Strike_R","Strike_R","Strike_R","Strike_R","Defend_R","Defend_R","Defend_R","Defend_R","Bash+1","Iron Wave+1","Shrug It Off","Headbutt","Uppercut+1","Flex+1","Metallicize+1","Warcry","Rampage+1","Impervious","Entrench"],"relics":["Burning Blood","FossilizedHelix","Runic Cube"],"potions_floor_usage":[7,16,20],"damage_taken":[{"damage":4,"enemies":"2 Louse","floor":1,"turns":4},{"damage":1,"enemies":"Cultist","floor":2,"turns":4},{"damage":0,"enemies":"Small Slimes","floor":4,"turns":3},{"damage":8,"enemies":"Blue Slaver","floor":5,"turns":4},{"damage":3,"enemies":"Gremlin Gang","floor":7,"turns":2},{"damage":9,"enemies":"Exordium Wildlife","floor":8,"turns":3},{"damage":8,"enemies":"3 Louse","floor":13,"turns":4},{"damage":11,"enemies":"Exordium Thugs","floor":14,"turns":6},{"damage":8,"enemies":"Slime Boss","floor":16,"turns":8},{"damage":7,"enemies":"Shell Parasite","floor":18,"turns":9},{"damage":37,"enemies":"2 Thieves","floor":19,"turns":5},{"damage":56,"enemies":"3 Cultists","floor":20,"turns":8}],"seed_played":"4111874120081003060","potions_obtained":[{"floor":5,"key":"Explosive Potion"},{"floor":7,"key":"GamblersBrew"},{"floor":8,"key":"Strength Potion"},{"floor":14,"key":"Swift Potion"}],"is_trial":false,"path_per_floor":["M","M","?","M","M","R","M","M","T","R","?","?","M","M","R","B",null,"M","M","M"],"character_chosen":"IRONCLAD","items_purchased":[],"campfire_rested":0,"item_purchase_floors":[],"current_hp_per_floor":[74,79,79,80,78,78,80,77,77,77,77,77,75,70,70,68,77,76,45,0],"gold":339,"neow_bonus":"UPGRADE_CARD","is_prod":false,"is_daily":false,"chose_seed":false,"campfire_upgraded":3,"win_rate":0,"timestamp":1561651643,"path_taken":["M","M","?","M","M","R","?","M","T","R","?","?","M","M","R","BOSS","M","M","?"],"build_version":"2019-01-23","purchased_purges":0,"victory":false,"max_hp_per_floor":[80,80,80,80,80,80,80,80,80,80,80,80,80,80,80,80,80,80,80,80],"card_choices":[{"not_picked":["Pommel Strike","Sword Boomerang"],"picked":"Iron Wave","floor":1},{"not_picked":["Combust","Perfected Strike"],"picked":"Shrug It Off","floor":2},{"not_picked":["Disarm","Twin Strike"],"picked":"Headbutt","floor":4},{"not_picked":["Sentinel","Armaments"],"picked":"Uppercut","floor":5},{"not_picked":["Dark Embrace","Havoc"],"picked":"Flex","floor":7},{"not_picked":["Shrug It Off","Rage"],"picked":"Metallicize","floor":8},{"not_picked":["Perfected Strike","Intimidate"],"picked":"Warcry","floor":13},{"not_picked":["Intimidate","Pommel Strike"],"picked":"Rampage","floor":14},{"not_picked":["Bludgeon","Immolate"],"picked":"Impervious","floor":16},{"not_picked":["Perfected Strike","Wild Strike+1"],"picked":"Entrench","floor":18},{"not_picked":["Perfected Strike","Warcry","Hemokinesis"],"picked":"SKIP","floor":19}],"player_experience":1018226,"relics_obtained":[{"floor":9,"key":"FossilizedHelix"}],"event_choices":[{"damage_healed":0,"gold_gain":0,"player_choice":"Forge","damage_taken":0,"max_hp_gain":0,"max_hp_loss":0,"event_name":"Accursed Blacksmith","floor":3,"gold_loss":0,"cards_upgraded":["Iron Wave"]},{"damage_healed":0,"gold_gain":0,"player_choice":"Searched \u00271\u0027 times","damage_taken":0,"max_hp_gain":0,"max_hp_loss":0,"event_name":"Dead Adventurer","floor":11,"gold_loss":0},{"damage_healed":0,"gold_gain":0,"player_choice":"Upgraded","damage_taken":0,"max_hp_gain":0,"max_hp_loss":0,"event_name":"Upgrade Shrine","floor":12,"gold_loss":0,"cards_upgraded":["Flex"]}],"is_beta":false,"boss_relics":[{"not_picked":["Sozu","Philosopher\u0027s Stone"],"picked":"Runic Cube"}],"items_purged_floors":[],"is_endless":false,"potions_floor_spawned":[5,7,8,14],"killed_by":"3 Cultists","ascension_level":9}