{"gold_per_floor":[113,113,113,38,61,97,97,118,118,118,132,145,145],"floor_reached":13,"playtime":236,"items_purged":["Strike_B"],"score":220,"play_id":"0e65c700-5906-4af8-8c63-c5407eeaca72","local_time":"20190611202130","is_ascension_mode":true,"campfire_choices":[{"data":"Zap","floor":7,"key":"SMITH"},{"floor":10,"key":"REST"}],"neow_cost":"NONE","seed_source_timestamp":180792828443400,"circlet_count":0,"master_deck":["AscendersBane","Strike_B","Strike_B","Strike_B","Defend_B","Defend_B","Defend_B","Defend_B","Zap+1","Dualcast","Chill","Cold Snap","Thunder Strike","Cold Snap","Coolheaded","Buffer"],"relics":["Cracked Core","NeowsBlessing","Golden Idol","Blue Candle","Anchor","Dodecahedron"],"potions_floor_usage":[],"damage_taken":[{"damage":0,"enemies":"Jaw Worm","floor":1,"turns":1},{"damage":0,"enemies":"Small Slimes","floor":5,"turns":1},{"damage":0,"enemies":"Gremlin Nob","floor":6,"turns":1},{"damage":0,"enemies":"Cultist","floor":8,"turns":3},{"damage":34,"enemies":"Gremlin Gang","floor":11,"turns":5},{"damage":7,"enemies":"Looter","floor":12,"turns":3},{"damage":11,"enemies":"Lagavulin","floor":13,"turns":5}],"seed_played":"-8191394464102499421","potions_obtained":[{"floor":5,"key":"LiquidBronze"},{"floor":11,"key":"GamblersBrew"},{"floor":12,"key":"SpeedPotion"}],"is_trial":false,"path_per_floor":["M","?","?","$","M","E","R","M","T","R","M","M","E"],"character_chosen":"DEFECT","items_purchased":[],"campfire_rested":1,"item_purchase_floors":[],"current_hp_per_floor":[64,40,22,22,22,22,22,22,22,43,9,2,0],"gold":145,"neow_bonus":"THREE_ENEMY_KILL","is_prod":false,"is_daily":false,"chose_seed":false,"campfire_upgraded":1,"win_rate":0,"timestamp":1560280890,"path_taken":["M","?","?","?","?","E","R","?","T","R","?","M","E"],"build_version":"2019-01-23","purchased_purges":1,"victory":false,"max_hp_per_floor":[71,71,71,71,71,71,71,71,71,71,71,71,71],"card_choices":[{"not_picked":["Sweeping Beam","Stack"],"picked":"Chill","floor":1},{"not_picked":["Stack","Double Energy"],"picked":"Cold Snap","floor":5},{"not_picked":["Reprogram","Aggregate"],"picked":"Thunder Strike","floor":6},{"not_picked":["Leap","Compile Driver"],"picked":"Cold Snap","floor":8},{"not_picked":["Rebound","Gash"],"picked":"Coolheaded","floor":11},{"not_picked":["Ball Lightning","Force Field"],"picked":"Buffer","floor":12}],"player_experience":1448857,"relics_obtained":[{"floor":6,"key":"Anchor"},{"floor":9,"key":"Dodecahedron"}],"event_choices":[{"damage_healed":0,"gold_gain":0,"player_choice":"Take Damage","damage_taken":24,"relics_obtained":["Golden Idol"],"max_hp_gain":0,"max_hp_loss":0,"event_name":"Golden Idol","floor":2,"gold_loss":0},{"damage_healed":0,"gold_gain":0,"player_choice":"Success","damage_taken":18,"relics_obtained":["Blue Candle"],"max_hp_gain":0,"max_hp_loss":0,"event_name":"Scrap Ooze","floor":3,"gold_loss":0}],"is_beta":false,"boss_relics":[],"items_purged_floors":[4],"is_endless":false,"potions_floor_spawned":[5,11,12],"killed_by":"Lagavulin","ascension_level":20}