{"gold_per_floor":[119,119,119,119,130,157,157,177,204,204,214,240,251,264,264,369,369,387,399,10,21,21,55,67,79,143,174,198,210,237,92,92,195,195,211,229,242,242,258,258,269,26,105,116,150,164,197,212,212,212],"floor_reached":50,"playtime":1848,"items_purged":["Strike_R","Strike_R"],"score":593,"play_id":"09a50c48-6628-4c3d-913f-85cf009d4d47","local_time":"20190710005649","is_ascension_mode":true,"campfire_choices":[{"data":"Anger","floor":7.0,"key":"SMITH"},{"data":"True Grit","floor":10.0,"key":"SMITH"},{"data":"Armaments","floor":15.0,"key":"SMITH"},{"floor":24.0,"key":"REST"},{"data":"Flex","floor":32.0,"key":"SMITH"},{"data":"Shrug It Off","floor":40.0,"key":"SMITH"},{"data":"Perfected Strike","floor":49.0,"key":"SMITH"}],"neow_cost":"NONE","seed_source_timestamp":6350513424353114,"circlet_count":0,"master_deck":["Strike_R","Strike_R","Strike_R+1","Defend_R+1","Defend_R","Defend_R","Defend_R+1","Bash+1","Wild Strike","Flex+1","Anger+1","True Grit+1","Heavy Blade","Armaments+1","Sword Boomerang","Cleave","Headbutt","Pommel Strike","Thunderclap","Perfected Strike+1","Pommel Strike+1","Shrug It Off+1","True Grit+1","Perfected Strike+1","Flex+1","Shrug It Off+1"],"special_seed":0,"relics":["Burning Blood","NeowsBlessing","Dream Catcher","Omamori","FossilizedHelix","Velvet Choker","Champion Belt","Enchiridion","MawBank","Ornamental Fan","War Paint","Bronze Scales","Coffee Dripper","Potion Belt","Meat on the Bone","Sundial","Prayer Wheel"],"potions_floor_usage":[50,50],"damage_taken":[{"damage":0.0,"enemies":"Small Slimes","floor":1.0,"turns":1.0},{"damage":0.0,"enemies":"Jaw Worm","floor":5.0,"turns":1.0},{"damage":0.0,"enemies":"3 Sentries","floor":6.0,"turns":2.0},{"damage":1.0,"enemies":"Cultist","floor":8.0,"turns":3.0},{"damage":9.0,"enemies":"Exordium Thugs","floor":11.0,"turns":6.0},{"damage":6.0,"enemies":"Gremlin Nob","floor":12.0,"turns":3.0},{"damage":0.0,"enemies":"Blue Slaver","floor":13.0,"turns":3.0},{"damage":0.0,"enemies":"3 Louse","floor":14.0,"turns":3.0},{"damage":48.0,"enemies":"The Guardian","floor":16.0,"turns":17.0},{"damage":0.0,"enemies":"3 Byrds","floor":18.0,"turns":5.0},{"damage":5.0,"enemies":"Chosen","floor":19.0,"turns":4.0},{"damage":26.0,"enemies":"Shelled Parasite and Fungi","floor":21.0,"turns":5.0},{"damage":43.0,"enemies":"Book of Stabbing","floor":23.0,"turns":6.0},{"damage":7.0,"enemies":"Snake Plant","floor":27.0,"turns":3.0},{"damage":0.0,"enemies":"Centurion and Healer","floor":28.0,"turns":5.0},{"damage":0.0,"enemies":"Snecko","floor":30.0,"turns":3.0},{"damage":31.0,"enemies":"Champ","floor":33.0,"turns":12.0},{"damage":0.0,"enemies":"Orb Walker","floor":35.0,"turns":3.0},{"damage":10.0,"enemies":"3 Darklings","floor":36.0,"turns":4.0},{"damage":23.0,"enemies":"Maw","floor":37.0,"turns":6.0},{"damage":0.0,"enemies":"Transient","floor":39.0,"turns":5.0},{"damage":0.0,"enemies":"Jaw Worm Horde","floor":41.0,"turns":3.0},{"damage":6.0,"enemies":"Sphere and 2 Shapes","floor":44.0,"turns":5.0},{"damage":18.0,"enemies":"Reptomancer","floor":45.0,"turns":6.0},{"damage":0.0,"enemies":"Transient","floor":46.0,"turns":5.0},{"damage":38.0,"enemies":"Giant Head","floor":47.0,"turns":8.0},{"damage":0.0,"enemies":"Maw","floor":48.0,"turns":5.0},{"damage":51,"enemies":"Awakened One","floor":50,"turns":10}],"seed_played":"-5102362056127888028","potions_obtained":[{"floor":5.0,"key":"SteroidPotion"},{"floor":8.0,"key":"Explosive Potion"},{"floor":14.0,"key":"Dexterity Potion"},{"floor":27.0,"key":"SpeedPotion"},{"floor":28.0,"key":"Dexterity Potion"},{"floor":35.0,"key":"Energy Potion"},{"floor":36.0,"key":"SpeedPotion"},{"floor":39.0,"key":"Swift Potion"},{"floor":48.0,"key":"Strength Potion"}],"is_trial":false,"path_per_floor":["M","?","?","?","M","E","R","M","T","R","M","E","M","M","R","B",null,"M","M","$","M","?","E","R","?","T","M","M","?","M","$","R","B",null,"M","M","M","$","M","R","M","$","T","M","E","M","E","M","R","B"],"character_chosen":"IRONCLAD","items_purchased":["Champion Belt","Bronze Scales","Potion Belt"],"campfire_rested":1,"item_purchase_floors":[20,31,42],"current_hp_per_floor":[80,64,64,64,70,76,76,80,80,80,77,77,80,80,80,38,80,80,80,80,60,44,7,31,31,31,30,36,36,42,42,42,17,80,80,76,59,59,65,65,71,71,71,71,59,65,45,51,51,0],"gold":212,"neow_bonus":"THREE_ENEMY_KILL","is_prod":false,"is_daily":false,"chose_seed":false,"campfire_upgraded":6,"win_rate":0,"timestamp":1562734609,"path_taken":["M","?","?","?","M","E","R","?","T","R","M","E","M","M","R","BOSS","M","M","$","M","?","E","R","?","T","M","M","?","M","$","R","BOSS","M","M","M","$","M","R","M","$","T","M","E","M","E","M","R","BOSS"],"build_version":"2019-07-05","purchased_purges":2,"victory":false,"max_hp_per_floor":[80,80,80,80,80,80,80,80,80,80,80,80,80,80,80,80,80,80,80,80,80,80,80,80,80,80,80,80,80,80,80,80,80,80,80,80,80,80,80,80,80,80,80,80,80,80,80,80,80,80],"card_choices":[{"not_picked":["Ghostly Armor","Clash"],"picked":"Wild Strike","floor":1.0},{"not_picked":["Wild Strike","Pummel"],"picked":"Flex","floor":5.0},{"not_picked":["Iron Wave","Intimidate"],"picked":"Anger","floor":6.0},{"not_picked":["Headbutt","Clothesline"],"picked":"True Grit","floor":8.0},{"not_picked":["Whirlwind","Feel No Pain"],"picked":"Heavy Blade","floor":11.0},{"not_picked":["Feel No Pain","Wild Strike","Ghostly Armor"],"picked":"SKIP","floor":12.0},{"not_picked":["Corruption","Juggernaut"],"picked":"Armaments","floor":13.0},{"not_picked":["Blood for Blood","Flex"],"picked":"Sword Boomerang","floor":14.0},{"not_picked":["Clash+1","Pummel+1"],"picked":"Cleave","floor":18.0},{"not_picked":["Entrench","Twin Strike+1"],"picked":"Headbutt","floor":19.0},{"not_picked":["Fire Breathing","Anger","Metallicize"],"picked":"SKIP","floor":21.0},{"not_picked":["Fire Breathing","Anger","Metallicize"],"picked":"SKIP","floor":21.0},{"not_picked":["Sword Boomerang","Intimidate","Uppercut"],"picked":"SKIP","floor":23.0},{"not_picked":["Spot Weakness","Evolve"],"picked":"Pommel Strike","floor":24.0},{"not_picked":["Immolate","Pommel Strike"],"picked":"Thunderclap","floor":27.0},{"not_picked":["Warcry","Clothesline"],"picked":"Perfected Strike","floor":28.0},{"not_picked":["Infernal Blade","Sword Boomerang","Battle Trance"],"picked":"SKIP","floor":30.0},{"not_picked":["Corruption+1","Flex"],"picked":"Pommel Strike+1","floor":35.0},{"not_picked":["Wild Strike","Shockwave","Armaments"],"picked":"SKIP","floor":36.0},{"not_picked":["Twin Strike+1","Heavy Blade","Sentinel"],"picked":"SKIP","floor":37.0},{"not_picked":["Pommel Strike+1","Body Slam+1"],"picked":"Shrug It Off","floor":39.0},{"not_picked":["Headbutt+1","Seeing Red"],"picked":"True Grit+1","floor":41.0},{"not_picked":["Sentinel","Battle Trance+1","Havoc+1"],"picked":"SKIP","floor":44.0},{"not_picked":["Wild Strike","Havoc+1"],"picked":"Perfected Strike+1","floor":45.0},{"not_picked":["Twin Strike+1","Dark Embrace","Second Wind+1"],"picked":"SKIP","floor":46.0},{"not_picked":["Disarm","Searing Blow","Twin Strike"],"picked":"SKIP","floor":47.0},{"not_picked":["Heavy Blade","Dual Wield"],"picked":"Flex+1","floor":48.0},{"not_picked":["Anger","Barricade"],"picked":"Shrug It Off+1","floor":48.0}],"player_experience":937098,"relics_obtained":[{"floor":6.0,"key":"Dream Catcher"},{"floor":9.0,"key":"Omamori"},{"floor":12.0,"key":"FossilizedHelix"},{"floor":22.0,"key":"Enchiridion"},{"floor":23.0,"key":"MawBank"},{"floor":26.0,"key":"War Paint"},{"floor":43.0,"key":"Meat on the Bone"},{"floor":45.0,"key":"Sundial"},{"floor":47.0,"key":"Prayer Wheel"}],"event_choices":[{"damage_healed":0.0,"max_hp_gain":0.0,"max_hp_loss":0.0,"gold_gain":0.0,"event_name":"Shining Light","player_choice":"Entered Light","floor":2.0,"gold_loss":0.0,"damage_taken":16.0,"cards_upgraded":["Bash","Strike_R"]},{"damage_healed":0.0,"max_hp_gain":0.0,"max_hp_loss":0.0,"gold_gain":0.0,"event_name":"Liars Game","player_choice":"Ignored","floor":3.0,"gold_loss":0.0,"damage_taken":0.0},{"damage_healed":0.0,"max_hp_gain":0.0,"max_hp_loss":0.0,"gold_gain":0.0,"event_name":"The Woman in Blue","player_choice":"Bought 0 Potions","floor":4.0,"gold_loss":0.0,"damage_taken":0.0},{"damage_healed":0.0,"max_hp_gain":0.0,"max_hp_loss":0.0,"gold_gain":0.0,"event_name":"Cursed Tome","player_choice":"Obtained Book","floor":22.0,"gold_loss":0.0,"damage_taken":16.0},{"damage_healed":0.0,"max_hp_gain":0.0,"max_hp_loss":0.0,"gold_gain":0.0,"event_name":"Addict","player_choice":"Stole Relic","floor":25.0,"gold_loss":0.0,"damage_taken":0.0,"relics_obtained":["Ornamental Fan"],"cards_obtained":["Shame"]},{"damage_healed":0.0,"max_hp_gain":0.0,"max_hp_loss":0.0,"gold_gain":0.0,"event_name":"NoteForYourself","player_choice":"Ignored","floor":29.0,"gold_loss":0.0,"damage_taken":0.0}],"is_beta":false,"boss_relics":[{"not_picked":["Runic Dome","White Beast Statue"],"picked":"Velvet Choker"},{"not_picked":["Runic Pyramid","Pandora\u0027s Box"],"picked":"Coffee Dripper"}],"items_purged_floors":[20,42],"is_endless":false,"potions_floor_spawned":[5,8,14,16,19,27,28,35,36,39,41,48],"killed_by":"Awakened One","ascension_level":1}