{"gold_per_floor":[111,111,126,126,146,176,176,204,257,282,294,306,332,211,211,211],"floor_reached":16,"playtime":467,"items_purged":["Strike_B"],"score":220,"play_id":"cd2f9f3a-7153-4c64-8803-1cb2d9da5628","local_time":"20181120151710","is_ascension_mode":true,"campfire_choices":[{"data":"Static Discharge","floor":7,"key":"SMITH"},{"data":"Defragment","floor":15,"key":"SMITH"}],"neow_cost":"NONE","seed_source_timestamp":413475323794305,"circlet_count":0,"master_deck":["AscendersBane","Strike_B","Strike_B","Strike_B","Defend_B","Defend_B","Defend_B","Defend_B","Zap","Dualcast","Cold Snap","Reinforced Body","Static Discharge+1","Cold Snap","Sunder","Defragment+1","Steam","Hologram"],"relics":["Cracked Core","Anchor","Question Card","DataDisk","Pear","MawBank","Mummified Hand"],"potions_floor_usage":[6,13],"damage_taken":[{"damage":0,"enemies":"Cultist","floor":1,"turns":3},{"damage":0,"enemies":"Jaw Worm","floor":3,"turns":3},{"damage":0,"enemies":"2 Louse","floor":5,"turns":2},{"damage":19,"enemies":"3 Sentries","floor":6,"turns":8},{"damage":13,"enemies":"Lagavulin","floor":8,"turns":6},{"damage":0,"enemies":"Blue Slaver","floor":10,"turns":4},{"damage":0,"enemies":"Exordium Wildlife","floor":13,"turns":2},{"damage":37,"enemies":"Slime Boss","floor":16,"turns":5}],"seed_played":"8392605691675122280","potions_obtained":[{"floor":1,"key":"Fire Potion"},{"floor":6,"key":"GamblersBrew"},{"floor":8,"key":"Explosive Potion"}],"is_trial":false,"path_per_floor":["M","T","M","?","M","E","R","E","T","M","?","?","M","$","R","B"],"character_chosen":"DEFECT","items_purchased":["Hologram"],"campfire_rested":0,"item_purchase_floors":[14],"current_hp_per_floor":[64,64,64,64,64,45,45,42,42,42,69,34,34,34,34,0],"gold":211,"neow_bonus":"RANDOM_COMMON_RELIC","is_prod":false,"is_daily":false,"chose_seed":false,"campfire_upgraded":2,"win_rate":0,"timestamp":1542745030,"path_taken":["M","?","M","?","M","E","R","E","T","M","?","?","?","$","R","BOSS"],"build_version":"2018-11-15","purchased_purges":1,"victory":false,"max_hp_per_floor":[71,71,71,71,71,71,71,81,81,81,81,81,81,81,81,81],"card_choices":[{"not_picked":["Chill","Barrage"],"picked":"Cold Snap","floor":1},{"not_picked":["Genetic Algorithm","Fusion","Chill"],"picked":"Reinforced Body","floor":3},{"not_picked":["Storm","Recycle","Streamline"],"picked":"Static Discharge","floor":5},{"not_picked":["Compile Driver","Doom and Gloom","Double Energy"],"picked":"Cold Snap","floor":6},{"not_picked":["Coolheaded","Cold Snap","Machine Learning"],"picked":"Sunder","floor":8},{"not_picked":["Hologram","Sweeping Beam","Doom and Gloom"],"picked":"Defragment","floor":10},{"not_picked":["Rip and Tear","Fusion","Barrage"],"picked":"Steam","floor":13}],"player_experience":441918,"relics_obtained":[{"floor":2,"key":"Question Card"},{"floor":6,"key":"DataDisk"},{"floor":8,"key":"Pear"},{"floor":9,"key":"MawBank"}],"event_choices":[{"damage_healed":0,"gold_gain":0,"player_choice":"Ignored","damage_taken":0,"max_hp_gain":0,"max_hp_loss":0,"event_name":"Liars Game","floor":4,"gold_loss":0},{"damage_healed":27,"gold_gain":0,"player_choice":"Banana","damage_taken":0,"max_hp_gain":0,"max_hp_loss":0,"event_name":"Big Fish","floor":11,"gold_loss":0},{"damage_healed":0,"gold_gain":0,"player_choice":"Success","damage_taken":35,"relics_obtained":["Mummified Hand"],"max_hp_gain":0,"max_hp_loss":0,"event_name":"Scrap Ooze","floor":12,"gold_loss":0}],"is_beta":false,"boss_relics":[],"items_purged_floors":[14],"is_endless":false,"potions_floor_spawned":[1,6,8],"killed_by":"Slime Boss","ascension_level":20}