{"gold_per_floor":[117,128,141,155,208,283,283,298,298,298,298],"floor_reached":11,"playtime":374,"items_purged":[],"score":101,"play_id":"352a7441-f630-4d4a-bcf1-1c934ff8d2ee","local_time":"20180907185058","is_ascension_mode":true,"campfire_choices":[{"data":"Neutralize","floor":7,"key":"SMITH"},{"data":"Cloak And Dagger","floor":10,"key":"SMITH"}],"neow_cost":"NONE","seed_source_timestamp":79830467191630,"circlet_count":0,"master_deck":["Defend_G","Defend_G","Defend_G","Defend_G","Defend_G","Strike_G","Strike_G","Strike_G","Strike_G","Strike_G","Survivor","Neutralize+1","AscendersBane","Dodge and Roll","Dash","Cloak And Dagger+1","Blade Dance","Backflip"],"special_seed":0,"relics":["Ring of the Snake","Dream Catcher","Ornamental Fan"],"potions_floor_usage":[4],"damage_taken":[{"damage":3.0,"enemies":"2 Louse","floor":1.0,"turns":3.0},{"damage":7.0,"enemies":"Jaw Worm","floor":2.0,"turns":8.0},{"damage":0.0,"enemies":"Small Slimes","floor":3.0,"turns":5.0},{"damage":0,"enemies":"2 Fungi Beasts","floor":4,"turns":4},{"damage":10,"enemies":"Exordium Wildlife","floor":8,"turns":4},{"damage":38,"enemies":"Lagavulin","floor":11,"turns":13}],"seed_played":"4562946213953227996","potions_obtained":[{"floor":2.0,"key":"Explosive Potion"}],"is_trial":false,"path_per_floor":["M","M","M","M","?","?","R","M","T","R"],"character_chosen":"THE_SILENT","items_purchased":[],"campfire_rested":0,"item_purchase_floors":[],"current_hp_per_floor":[60,53,53,53,53,42,42,32,32,32,0],"gold":298,"neow_bonus":"RANDOM_COMMON_RELIC","is_prod":false,"is_daily":false,"chose_seed":false,"campfire_upgraded":2,"win_rate":0,"timestamp":1536360658,"path_taken":["M","M","M","M","?","?","R","M","T","R","E"],"build_version":"2018-09-06","purchased_purges":0,"victory":false,"max_hp_per_floor":[70,70,70,70,70,70,70,70,70,70,70],"card_choices":[{"not_picked":["Outmaneuver","Flechettes"],"picked":"Dodge and Roll","floor":1.0},{"not_picked":["Footwork","Well Laid Plans"],"picked":"Dash","floor":2.0},{"not_picked":["PiercingWail","Prepared"],"picked":"Cloak And Dagger","floor":3.0},{"not_picked":["Deadly Poison","Backflip"],"picked":"Blade Dance","floor":4},{"not_picked":["Dagger Spray","Underhanded Strike"],"picked":"Backflip","floor":8}],"player_experience":328702,"relics_obtained":[{"floor":9,"key":"Ornamental Fan"}],"event_choices":[{"event_name":"Golden Wing","player_choice":"Gained Gold","floor":5,"damage_taken":0},{"event_name":"World of Goop","player_choice":"Gather Gold","floor":6,"damage_taken":0}],"is_beta":false,"boss_relics":[],"items_purged_floors":[],"is_endless":false,"potions_floor_spawned":[2],"killed_by":"Lagavulin","ascension_level":11}