{"gold_per_floor":[139,139,154,167,191,191,216,236,236,236,251,264,224,237,237,314,314,327,327,338,350,362,362],"floor_reached":23,"playtime":783,"items_purged":[],"score":399,"play_id":"6c6d9a8c-fef8-4900-acfb-2b76d65fa4c7","local_time":"20181006005857","is_ascension_mode":true,"campfire_choices":[{"data":"Loop","floor":6,"key":"SMITH"},{"data":"Go for the Eyes","floor":10,"key":"SMITH"},{"floor":15,"key":"REST"}],"neow_cost":"NONE","seed_source_timestamp":783947287308114,"circlet_count":0,"master_deck":["Defend_B","Defend_B","Defend_B","Defend_B","Zap+1","Dualcast","AscendersBane","Rebound","Go for the Eyes+1","Loop+1","Seek","Steam","Conserve Battery","Static Discharge","Electrodynamics","Gash","Bite","Bite","Bite","Bite","Bite","Cold Snap","Loop+1","Cold Snap"],"relics":["Cracked Core","Tiny Chest","Ancient Tea Set","Orichalcum","Question Card","Lizard Tail"],"potions_floor_usage":[16,21,22,22],"damage_taken":[{"damage":2,"enemies":"Small Slimes","floor":1,"turns":4},{"damage":0,"enemies":"Cultist","floor":3,"turns":3},{"damage":4,"enemies":"Jaw Worm","floor":4,"turns":3},{"damage":12,"enemies":"Exordium Wildlife","floor":8,"turns":3},{"damage":11,"enemies":"Lots of Slimes","floor":11,"turns":3},{"damage":3,"enemies":"Blue Slaver","floor":12,"turns":3},{"damage":5,"enemies":"2 Fungi Beasts","floor":14,"turns":4},{"damage":20,"enemies":"The Guardian","floor":16,"turns":12},{"damage":21,"enemies":"2 Thieves","floor":18,"turns":4},{"damage":20,"enemies":"Chosen","floor":20,"turns":4},{"damage":32,"enemies":"Sentry and Sphere","floor":21,"turns":5},{"damage":31,"enemies":"Chosen and Byrds","floor":22,"turns":5},{"damage":17,"enemies":"Book of Stabbing","floor":23,"turns":2}],"seed_played":"9192897211530097419","potions_obtained":[{"floor":3,"key":"Weak Potion"},{"floor":8,"key":"Energy Potion"},{"floor":14,"key":"Poison Potion"},{"floor":16,"key":"GamblersBrew"},{"floor":21,"key":"Poison Potion"}],"is_trial":false,"path_per_floor":["M","?","M","M","T","R","T","M","T","R","M","M","$","M","R","B",null,"M","?","M","M","M"],"character_chosen":"DEFECT","items_purchased":["Static Discharge"],"campfire_rested":1,"item_purchase_floors":[13],"current_hp_per_floor":[62,62,62,58,58,58,58,46,46,46,35,32,32,27,48,28,60,39,39,27,7,10,0],"gold":362,"neow_bonus":"RANDOM_COMMON_RELIC","is_prod":false,"is_daily":false,"chose_seed":false,"campfire_upgraded":2,"win_rate":0,"timestamp":1538801937,"path_taken":["M","?","M","?","?","R","?","?","T","R","?","?","$","M","R","BOSS","M","?","M","M","M","E"],"build_version":"2018-10-04v2","purchased_purges":0,"victory":false,"max_hp_per_floor":[71,71,71,71,71,71,71,71,71,71,71,71,71,71,71,71,71,71,49,49,49,49,49],"card_choices":[{"not_picked":["Gash","Undo"],"picked":"Rebound","floor":1},{"not_picked":["Beam Cell","Rebound"],"picked":"Go for the Eyes","floor":3},{"not_picked":["Leap","Static Discharge"],"picked":"Loop","floor":4},{"not_picked":["Steam","Heatsinks"],"picked":"Seek","floor":8},{"not_picked":["Compile Driver","Recycle","Beam Cell"],"picked":"Steam","floor":11},{"not_picked":["Sweeping Beam","Coolheaded","Redo"],"picked":"Conserve Battery","floor":12},{"not_picked":["Redo","Reboot","Recycle","Beam Cell"],"picked":"SKIP","floor":14},{"not_picked":["Echo Form","Buffer","Seek"],"picked":"Electrodynamics","floor":16},{"not_picked":["Recycle","Sweeping Beam","Stack"],"picked":"Gash","floor":18},{"not_picked":["Steam Power","Streamline","Beam Cell"],"picked":"Cold Snap","floor":20},{"not_picked":["Genetic Algorithm","Steam Power","Stack+1"],"picked":"Loop+1","floor":21},{"not_picked":["Genetic Algorithm","Redo","Hello World"],"picked":"Cold Snap","floor":22}],"player_experience":362332,"relics_obtained":[{"floor":5,"key":"Ancient Tea Set"},{"floor":7,"key":"Orichalcum"},{"floor":9,"key":"Question Card"}],"event_choices":[{"event_name":"Living Wall","player_choice":"Grow","floor":2,"damage_taken":0},{"event_name":"Vampires","player_choice":"Became a vampire","floor":19,"damage_taken":0}],"is_beta":false,"boss_relics":[{"not_picked":["Philosopher\u0027s Stone","Runic Pyramid"],"picked":"Lizard Tail"}],"items_purged_floors":[],"is_endless":false,"potions_floor_spawned":[3,8,14,16,21],"killed_by":"Book of Stabbing","ascension_level":20}