{"path_per_floor":["M","M","M","?","M","E","R","E","T","M","?","R","?","$","R","B",null,"M","?","$","T","$","R","M"],"character_chosen":"IRONCLAD","items_purchased":["Metallicize","Perfected Strike","Bottled Lightning","Power Through","Trip"],"gold_per_floor":[109,123,135,135,154,190,190,224,248,269,344,344,344,245,245,373,373,393,393,13,13,13,13,24],"floor_reached":25,"campfire_rested":4,"playtime":2058,"current_hp_per_floor":[80,80,80,60,49,41,65,52,52,57,46,74,56,56,84,38,94,66,66,66,66,66,94,94],"items_purged":[],"gold":24,"play_id":"9b80b252-d5cf-4202-9985-9644827780f0","is_prod":false,"is_daily":false,"is_ascension_mode":false,"campfire_upgraded":0,"path_taken":["M","M","M","?","M","E","R","E","T","M","?","R","?","$","R","BOSS","M","?","$","?","?","R","?","E"],"build_version":"2018-01-25-PROD3","purchased_purges":0,"victory":false,"master_deck":["Strike_R","Strike_R","Strike_R","Strike_R","Strike_R","Defend_R","Defend_R","Defend_R","Defend_R","Bash+1","Anger+1","Headbutt","Flame Barrier","Battle Trance","Body Slam+1","Dark Embrace","Shockwave","Metallicize","Perfected Strike","Barricade","Shrug It Off+1","Power Through","Trip","Body Slam"],"max_hp_per_floor":[80,80,80,80,80,80,80,94,94,94,94,94,94,94,94,94,94,94,94,94,94,94,94,94],"relics":["Burning Blood","Bloody Idol","Blood Vial","Mango","Molten Egg","Eternal Feather","Bottled Lightning","Calipers"],"card_choices":[{"not_picked":["Clothesline","Twin Strike"],"picked":"Anger"},{"not_picked":["Warcry","Clash"],"picked":"Headbutt"},{"not_picked":["Heavy Blade","Rampage"],"picked":"Flame Barrier"},{"not_picked":["Twin Strike","Clothesline"],"picked":"Battle Trance"},{"not_picked":["Perfected Strike","Flex"],"picked":"Body Slam"},{"not_picked":["Warcry","Cleave"],"picked":"Dark Embrace"},{"not_picked":["Heavy Blade","Clothesline"],"picked":"Shockwave"},{"not_picked":["Feed","Fiend Fire"],"picked":"Barricade"},{"not_picked":["True Grit","Burning Pact"],"picked":"Shrug It Off"},{"not_picked":["Clash","Disarm"],"picked":"Body Slam"}],"player_experience":10462,"potions_floor_usage":[6,6,16,25,25],"damage_taken":[{"damage":5,"enemies":"Jaw Worm","floor":1,"turns":4},{"damage":0,"enemies":"Small Slimes","floor":2,"turns":3},{"damage":6,"enemies":"Cultist","floor":3,"turns":3},{"damage":17,"enemies":"Looter","floor":5,"turns":4},{"damage":14,"enemies":"Lagavulin","floor":6,"turns":6},{"damage":35,"enemies":"3 Sentries","floor":8,"turns":10},{"damage":3,"enemies":"3 Louse","floor":10,"turns":5},{"damage":54,"enemies":"The Guardian","floor":16,"turns":13},{"damage":34,"enemies":"Shell Parasite","floor":18,"turns":11},{"damage":0,"enemies":"Chosen","floor":24,"turns":7},{"damage":97,"enemies":"Gremlin Leader","floor":25,"turns":10}],"event_choices":[{"event_name":"Golden Idol","player_choice":"Take Damage","floor":4,"damage_taken":0},{"event_name":"World of Goop","player_choice":"Gather Gold","floor":11,"damage_taken":0},{"event_name":"Shining Light","player_choice":"Entered Light","floor":13,"damage_taken":0},{"event_name":"Forgotten Altar","player_choice":"Gave Idol","floor":19,"damage_taken":0}],"boss_relics":[{"not_picked":["Runic Pyramid","Runic Dome"],"picked":"Eternal Feather"}],"potions_floor_spawned":[2,6,8,18,24],"seed_played":"2940653807534003464","killed_by":"Gremlin Leader","ascension_level":0,"is_trial":false}