{"gold_per_floor":[119,132,149,71,85,85,114,127,181,181,216,226,236,311,311,388,388,407,407,332,348,348],"floor_reached":22,"playtime":869,"items_purged":["Strike_B"],"score":366,"play_id":"d2607b04-569a-4b1f-be18-efa5c4ad8a61","local_time":"20180826221044","is_ascension_mode":true,"campfire_choices":[{"data":"Zap","floor":6.0,"key":"SMITH"},{"data":"Hologram","floor":15.0,"key":"SMITH"}],"neow_cost":"NONE","seed_source_timestamp":4324445666499187,"circlet_count":0,"master_deck":["Strike_B","Strike_B","Defend_B","Defend_B","Defend_B","Defend_B","Zap+1","Dualcast","AscendersBane","Rainbow","Conserve Battery","Hologram+1","Gash","Cold Snap","Conserve Battery","Self Repair","Sunder","Compile Driver","Seek","Lockon+1","Leap"],"special_seed":0,"relics":["Cracked Core","Cables","Oddly Smooth Stone","Bottled Tornado","Matryoshka","Inserter"],"potions_floor_usage":[16],"damage_taken":[{"damage":4.0,"enemies":"Cultist","floor":1.0,"turns":4.0},{"damage":7.0,"enemies":"Jaw Worm","floor":2.0,"turns":5.0},{"damage":10.0,"enemies":"Small Slimes","floor":3.0,"turns":3.0},{"damage":20.0,"enemies":"3 Louse","floor":5.0,"turns":4.0},{"damage":21.0,"enemies":"Lagavulin","floor":7.0,"turns":9.0},{"damage":2.0,"enemies":"2 Fungi Beasts","floor":8.0,"turns":4.0},{"damage":16.0,"enemies":"Gremlin Nob","floor":11.0,"turns":3.0},{"damage":3.0,"enemies":"Looter","floor":12.0,"turns":4.0},{"damage":20.0,"enemies":"Gremlin Gang","floor":13.0,"turns":4.0},{"damage":10,"enemies":"Hexaghost","floor":16,"turns":9},{"damage":51,"enemies":"3 Byrds","floor":18,"turns":6},{"damage":3,"enemies":"Chosen","floor":21,"turns":5},{"damage":22,"enemies":"Snake Plant","floor":22,"turns":2}],"seed_played":"-8092844665140430638","potions_obtained":[{"floor":2.0,"key":"Regen Potion"},{"floor":3.0,"key":"Regen Potion"},{"floor":11.0,"key":"EssenceOfSteel"},{"floor":12.0,"key":"FearPotion"},{"floor":18,"key":"FearPotion"}],"is_trial":false,"path_per_floor":["M","M","M","$","M","R","E","M","T","T","E","M","M","?","R","B",null,"M","?","$","M"],"character_chosen":"DEFECT","items_purchased":["Cold Snap","Conserve Battery"],"campfire_rested":0,"item_purchase_floors":[4,4],"current_hp_per_floor":[60,53,43,43,23,23,61,66,66,66,57,61,48,37,37,34,62,18,18,18,22,0],"gold":348,"neow_bonus":"ONE_RANDOM_RARE_CARD","is_prod":false,"is_daily":false,"chose_seed":false,"campfire_upgraded":2,"win_rate":0,"timestamp":1535335844,"path_taken":["M","?","?","?","M","R","E","M","T","?","E","?","?","?","R","BOSS","M","?","$","M","M"],"build_version":"2018-08-23v2","purchased_purges":1,"victory":false,"max_hp_per_floor":[71,71,71,71,71,71,71,71,71,71,71,71,71,71,71,71,71,71,71,71,71,71],"card_choices":[{"not_picked":["Stack","Rebound"],"picked":"Conserve Battery","floor":1.0},{"not_picked":["Streamline","Steam"],"picked":"Hologram","floor":2.0},{"not_picked":["Turbo","Double Energy"],"picked":"Gash","floor":3.0},{"not_picked":["Steam","Static Discharge"],"picked":"Self Repair","floor":5.0},{"not_picked":["Redo","Recycle","Hello World"],"picked":"SKIP","floor":7.0},{"not_picked":["Barrage","Sweeping Beam"],"picked":"Sunder","floor":8.0},{"not_picked":["Redo","Barrage","Tempest"],"picked":"SKIP","floor":11.0},{"not_picked":["Static Discharge","Coolheaded"],"picked":"Compile Driver","floor":12.0},{"not_picked":["Steam Power","Streamline","Stack"],"picked":"SKIP","floor":13.0},{"not_picked":["Hyperbeam","Thunder Strike"],"picked":"Seek","floor":16},{"not_picked":["Turbo","Steam"],"picked":"Lockon+1","floor":18},{"not_picked":["Double Energy+1","Barrage"],"picked":"Leap","floor":21}],"player_experience":282014,"relics_obtained":[{"floor":7.0,"key":"Cables"},{"floor":9.0,"key":"Oddly Smooth Stone"},{"floor":10.0,"key":"Bottled Tornado"},{"floor":11.0,"key":"Matryoshka"}],"event_choices":[{"event_name":"World of Goop","player_choice":"Gather Gold","floor":14.0,"damage_taken":0.0},{"event_name":"Bonfire Elementals","player_choice":"BASIC","floor":19,"damage_taken":0}],"is_beta":false,"boss_relics":[{"not_picked":["Coffee Dripper","Eternal Feather"],"picked":"Inserter"}],"items_purged_floors":[20],"is_endless":false,"potions_floor_spawned":[2,3,11,12,18],"killed_by":"Snake Plant","ascension_level":17}