{"gold_per_floor":[118,118,130,130,150,177,177,206,256,256],"floor_reached":10,"playtime":268,"items_purged":[],"score":152,"play_id":"b4f44d3f-496b-46b6-b667-e6dbabeb3e10","local_time":"20190620122103","is_ascension_mode":true,"campfire_choices":[{"data":"Madness","floor":7,"key":"SMITH"}],"neow_cost":"NONE","seed_source_timestamp":0,"circlet_count":0,"master_deck":["AscendersBane","Strike_R","Strike_R","Strike_R","Strike_R","Strike_R","Defend_R","Defend_R","Defend_R","Defend_R","Bash+1","Madness+1","Pommel Strike","Thunderclap","Clothesline","Iron Wave"],"special_seed":0,"relics":["Burning Blood","Blue Candle","Omamori","Oddly Smooth Stone"],"potions_floor_usage":[2,6],"damage_taken":[{"damage":7,"enemies":"Small Slimes","floor":1,"turns":5},{"damage":7,"enemies":"Cultist","floor":3,"turns":5},{"damage":4,"enemies":"2 Louse","floor":5,"turns":3},{"damage":30,"enemies":"3 Sentries","floor":6,"turns":6},{"damage":24,"enemies":"Gremlin Nob","floor":8,"turns":4},{"damage":9,"enemies":"Exordium Thugs","floor":10,"turns":5}],"seed_played":"8969485529412953544","potions_obtained":[{"floor":2,"key":"EntropicBrew"},{"floor":2,"key":"Fruit Juice"},{"floor":5,"key":"SkillPotion"},{"floor":6,"key":"Fire Potion"}],"is_trial":false,"path_per_floor":["M","?","M","?","M","E","R","E","T","M"],"character_chosen":"IRONCLAD","items_purchased":[],"campfire_rested":0,"item_purchase_floors":[],"current_hp_per_floor":[67,72,71,71,73,49,49,31,31,22],"gold":256,"neow_bonus":"RANDOM_COLORLESS","is_prod":false,"is_daily":false,"chose_seed":false,"campfire_upgraded":1,"win_rate":0,"timestamp":1561029663,"path_taken":["M","?","?","?","?","E","R","E","T","M"],"build_version":"2019-01-23","purchased_purges":0,"victory":false,"max_hp_per_floor":[75,80,80,80,80,80,80,80,80,80],"card_choices":[{"not_picked":["Ghostly Armor","Havoc"],"picked":"Pommel Strike","floor":1},{"not_picked":["Dual Wield","Headbutt"],"picked":"Thunderclap","floor":3},{"not_picked":["Disarm","Thunderclap"],"picked":"Clothesline","floor":5},{"not_picked":["Perfected Strike","Intimidate"],"picked":"Iron Wave","floor":6},{"not_picked":["Dual Wield","Body Slam","Clash"],"picked":"SKIP","floor":8}],"player_experience":1488581,"relics_obtained":[{"floor":6,"key":"Blue Candle"},{"floor":8,"key":"Omamori"},{"floor":9,"key":"Oddly Smooth Stone"}],"event_choices":[{"damage_healed":0,"gold_gain":0,"player_choice":"Got Potions","damage_taken":0,"max_hp_gain":0,"max_hp_loss":0,"event_name":"Lab","floor":2,"gold_loss":0},{"damage_healed":0,"gold_gain":0,"player_choice":"Upgraded","damage_taken":0,"max_hp_gain":0,"max_hp_loss":0,"event_name":"Upgrade Shrine","floor":4,"gold_loss":0,"cards_upgraded":["Bash"]}],"is_beta":false,"boss_relics":[],"items_purged_floors":[],"is_endless":false,"potions_floor_spawned":[5,6,8],"killed_by":"Exordium Thugs","ascension_level":20}