{"gold_per_floor":[116,130,150,168,182,182,212,212,212,212,137,164,180,206,206,279,279,293,312,332,332,332,332,363,363,389,418,418,233,233],"floor_reached":30,"playtime":901,"items_purged":["Strike_B","Strike_B"],"score":676,"play_id":"eeec73d1-4bb7-497e-9eec-32a58589034d","local_time":"20190701114437","is_ascension_mode":true,"campfire_choices":[{"data":"Streamline","floor":6.0,"key":"SMITH"},{"floor":15.0,"key":"REST"},{"data":"Rainbow","floor":23.0,"key":"SMITH"},{"floor":28,"key":"REST"}],"neow_cost":"NONE","seed_source_timestamp":90078347564100,"circlet_count":0,"master_deck":["AscendersBane","Strike_B","Defend_B","Defend_B","Defend_B","Defend_B","Zap","Dualcast","Ball Lightning","Rebound","White Noise+1","Streamline+1","Darkness","Tempest","Rainbow+1","Conserve Battery","Conserve Battery","Seek","Conserve Battery+1","Cold Snap+1","Go for the Eyes+1","All For One","Capacitor"],"special_seed":0,"relics":["Cracked Core","Anchor","Omamori","Darkstone Periapt","Mercury Hourglass","Shuriken","Sozu","MutagenicStrength","Ice Cream","Happy Flower","Singing Bowl"],"potions_floor_usage":[24],"damage_taken":[{"damage":1.0,"enemies":"Cultist","floor":1.0,"turns":3.0},{"damage":1.0,"enemies":"Small Slimes","floor":2.0,"turns":3.0},{"damage":0.0,"enemies":"2 Louse","floor":3.0,"turns":2.0},{"damage":2.0,"enemies":"Large Slime","floor":4.0,"turns":4.0},{"damage":2.0,"enemies":"2 Fungi Beasts","floor":5.0,"turns":2.0},{"damage":30.0,"enemies":"3 Sentries","floor":7.0,"turns":7.0},{"damage":8.0,"enemies":"Gremlin Nob","floor":12.0,"turns":3.0},{"damage":3.0,"enemies":"Gremlin Gang","floor":13.0,"turns":3.0},{"damage":9.0,"enemies":"3 Sentries","floor":14.0,"turns":5.0},{"damage":0.0,"enemies":"Slime Boss","floor":16.0,"turns":4.0},{"damage":14.0,"enemies":"3 Byrds","floor":18.0,"turns":3.0},{"damage":8.0,"enemies":"Chosen","floor":19.0,"turns":4.0},{"damage":1.0,"enemies":"Snecko","floor":20.0,"turns":4.0},{"damage":21,"enemies":"Slavers","floor":24,"turns":6},{"damage":17,"enemies":"Book of Stabbing","floor":27,"turns":5},{"damage":48,"enemies":"Slavers","floor":30,"turns":4}],"seed_played":"-4866791981321208146","potions_obtained":[{"floor":1.0,"key":"SkillPotion"},{"floor":2.0,"key":"Fire Potion"},{"floor":12.0,"key":"Swift Potion"}],"is_trial":false,"path_per_floor":["M","M","M","M","M","R","E","?","T","?","$","E","M","E","R","B",null,"M","M","M","?","?","R","E","?","T","E","R","$","E"],"character_chosen":"DEFECT","items_purchased":["Capacitor"],"campfire_rested":2,"item_purchase_floors":[29],"current_hp_per_floor":[63,62,62,60,58,58,28,28,28,28,28,20,17,8,29,29,61,47,39,38,52,52,52,31,31,31,14,35,35,0],"gold":233,"neow_bonus":"RANDOM_COMMON_RELIC","is_prod":false,"is_daily":false,"chose_seed":false,"campfire_upgraded":2,"win_rate":0,"timestamp":1561977877,"path_taken":["M","M","M","M","M","R","E","?","T","?","$","E","?","E","R","BOSS","M","M","M","?","?","R","E","?","T","E","R","$","E"],"build_version":"2019-01-23","purchased_purges":2,"victory":false,"max_hp_per_floor":[71,71,71,71,71,71,71,71,71,71,71,71,71,71,71,71,71,71,71,71,71,71,71,71,71,71,71,71,71,71],"card_choices":[{"not_picked":["Scrape","BootSequence"],"picked":"Ball Lightning","floor":1.0},{"not_picked":["Streamline","Barrage"],"picked":"Rebound","floor":2.0},{"not_picked":["Hello World","Barrage"],"picked":"White Noise","floor":3.0},{"not_picked":["Loop","Hologram"],"picked":"Streamline","floor":4.0},{"not_picked":["Barrage","Streamline"],"picked":"Darkness","floor":5.0},{"not_picked":["Capacitor","Go for the Eyes"],"picked":"Tempest","floor":7.0},{"not_picked":["Biased Cognition","Loop"],"picked":"Rainbow","floor":12.0},{"not_picked":["Rebound","Leap"],"picked":"Conserve Battery","floor":13.0},{"not_picked":["Hello World","Force Field"],"picked":"Conserve Battery","floor":14.0},{"not_picked":["Amplify","Reboot"],"picked":"Seek","floor":16.0},{"not_picked":["Scrape","Sweeping Beam+1"],"picked":"Conserve Battery+1","floor":18.0},{"not_picked":["Coolheaded","Barrage"],"picked":"Cold Snap+1","floor":19.0},{"not_picked":["Sweeping Beam","Beam Cell","Darkness"],"picked":"SKIP","floor":20.0},{"not_picked":["Stack","Skim+1"],"picked":"Go for the Eyes+1","floor":24},{"not_picked":["Compile Driver","Stack"],"picked":"All For One","floor":27}],"player_experience":1513546,"relics_obtained":[{"floor":7.0,"key":"Omamori"},{"floor":9.0,"key":"Darkstone Periapt"},{"floor":12.0,"key":"Mercury Hourglass"},{"floor":14.0,"key":"Shuriken"},{"floor":24,"key":"Ice Cream"},{"floor":26,"key":"Happy Flower"},{"floor":27,"key":"Singing Bowl"}],"event_choices":[{"damage_healed":0.0,"max_hp_gain":0.0,"max_hp_loss":0.0,"gold_gain":0.0,"event_name":"Shining Light","player_choice":"Ignored","floor":8.0,"gold_loss":0.0,"damage_taken":0.0},{"cards_removed":["Strike_B"],"damage_healed":0.0,"max_hp_gain":0.0,"max_hp_loss":0.0,"gold_gain":0.0,"event_name":"Purifier","player_choice":"Purged","floor":10.0,"gold_loss":0.0,"damage_taken":0.0},{"damage_healed":14.0,"max_hp_gain":0.0,"max_hp_loss":0.0,"gold_gain":0.0,"event_name":"The Library","player_choice":"Heal","floor":21.0,"gold_loss":0.0,"damage_taken":0.0},{"damage_healed":0.0,"max_hp_gain":0.0,"max_hp_loss":0.0,"gold_gain":0.0,"event_name":"Drug Dealer","player_choice":"Inject Mutagens","floor":22.0,"gold_loss":0.0,"damage_taken":0.0,"relics_obtained":["MutagenicStrength"]},{"damage_healed":0,"gold_gain":0,"player_choice":"Upgraded","damage_taken":0,"max_hp_gain":0,"max_hp_loss":0,"event_name":"Upgrade Shrine","floor":25,"gold_loss":0,"cards_upgraded":["White Noise"]}],"is_beta":false,"boss_relics":[{"not_picked":["FrozenCore","Coffee Dripper"],"picked":"Sozu"}],"items_purged_floors":[11,29],"is_endless":false,"potions_floor_spawned":[1,2,12,13,19,27],"killed_by":"Slavers","ascension_level":20}