{"gold_per_floor":[112,123,123,146,146,146,146,71,71,110,110,123,148,183,183,183],"floor_reached":16,"playtime":421,"items_purged":["Strike_R"],"score":200,"play_id":"2ab89075-fa0f-454c-bcfb-18b3dbc61290","local_time":"20190615231929","is_ascension_mode":true,"campfire_choices":[{"data":"Feed","floor":7.0,"key":"SMITH"},{"floor":11.0,"key":"DIG"},{"floor":15,"key":"DIG"}],"neow_cost":"NONE","seed_source_timestamp":139361383639500,"circlet_count":0,"master_deck":["AscendersBane","Strike_R","Strike_R","Strike_R","Strike_R","Defend_R","Defend_R","Defend_R","Defend_R","Bash","Feed+1","Anger","Thunderclap","Fire Breathing+1","Thunderclap","Iron Wave","Ghostly Armor+1","Carnage"],"special_seed":0,"relics":["Burning Blood","Golden Idol","Shovel","Toxic Egg 2","Happy Flower","Odd Mushroom","Lantern"],"potions_floor_usage":[14],"damage_taken":[{"damage":16.0,"enemies":"2 Louse","floor":1.0,"turns":3.0},{"damage":7.0,"enemies":"Cultist","floor":2.0,"turns":4.0},{"damage":4.0,"enemies":"Small Slimes","floor":4.0,"turns":3.0},{"damage":20.0,"enemies":"Lagavulin","floor":10.0,"turns":7.0},{"damage":7.0,"enemies":"3 Louse","floor":12.0,"turns":3.0},{"damage":2.0,"enemies":"Looter","floor":13.0,"turns":4.0},{"damage":4,"enemies":"The Mushroom Lair","floor":14,"turns":4},{"damage":43,"enemies":"The Guardian","floor":16,"turns":9}],"seed_played":"-9179883992279035131","potions_obtained":[{"floor":6.0,"key":"Fire Potion"},{"floor":6.0,"key":"Fire Potion"},{"floor":12.0,"key":"Block Potion"}],"is_trial":false,"path_per_floor":["M","M","?","M","?","?","R","$","T","E","R","M","M","?","R","B"],"character_chosen":"IRONCLAD","items_purchased":[],"campfire_rested":0,"item_purchase_floors":[],"current_hp_per_floor":[61,63,35,40,40,40,40,40,40,26,26,29,37,39,39,0],"gold":183,"neow_bonus":"ONE_RANDOM_RARE_CARD","is_prod":false,"is_daily":false,"chose_seed":false,"campfire_upgraded":1,"win_rate":0,"timestamp":1560637169,"path_taken":["M","M","?","M","?","?","R","$","T","E","R","M","?","?","R","BOSS"],"build_version":"2019-01-23","purchased_purges":1,"victory":false,"max_hp_per_floor":[78,81,81,84,84,84,84,84,84,84,84,88,92,92,92,92],"card_choices":[{"not_picked":["Havoc","Body Slam"],"picked":"Anger","floor":1.0},{"not_picked":["Body Slam","Sword Boomerang"],"picked":"Thunderclap","floor":2.0},{"not_picked":["Heavy Blade","Havoc"],"picked":"Fire Breathing","floor":4.0},{"not_picked":["Power Through","Dark Embrace"],"picked":"Thunderclap","floor":10.0},{"not_picked":["Anger","Headbutt"],"picked":"Iron Wave","floor":12.0},{"not_picked":["Iron Wave","Twin Strike"],"picked":"Ghostly Armor+1","floor":13},{"not_picked":["Clash","Havoc+1"],"picked":"Carnage","floor":14}],"player_experience":1464394,"relics_obtained":[{"floor":9.0,"key":"Shovel"},{"floor":10.0,"key":"Toxic Egg 2"},{"floor":11.0,"key":"Happy Flower"},{"floor":14,"key":"Odd Mushroom"},{"floor":15,"key":"Lantern"}],"event_choices":[{"damage_healed":0.0,"max_hp_gain":0.0,"max_hp_loss":0.0,"gold_gain":0.0,"event_name":"Golden Idol","player_choice":"Take Damage","floor":3.0,"gold_loss":0.0,"damage_taken":28.0,"relics_obtained":["Golden Idol"]},{"damage_healed":0.0,"max_hp_gain":0.0,"max_hp_loss":0.0,"gold_gain":0.0,"event_name":"Living Wall","player_choice":"Grow","floor":5.0,"gold_loss":0.0,"damage_taken":0.0,"cards_upgraded":["Fire Breathing"]},{"damage_healed":0.0,"max_hp_gain":0.0,"max_hp_loss":0.0,"gold_gain":0.0,"event_name":"Lab","player_choice":"Got Potions","floor":6.0,"gold_loss":0.0,"damage_taken":0.0},{"damage_healed":0,"gold_gain":0,"player_choice":"Fought Mushrooms","damage_taken":0,"max_hp_gain":0,"max_hp_loss":0,"event_name":"Mushrooms","floor":14,"gold_loss":0}],"is_beta":false,"boss_relics":[],"items_purged_floors":[8],"is_endless":false,"potions_floor_spawned":[12],"killed_by":"The Guardian","ascension_level":20}