{"gold_per_floor":[111,111,122,122,122,150,162,199,235,264,276,288],"floor_reached":12,"playtime":217,"items_purged":[],"score":222,"play_id":"cef31521-c4bf-46b0-a824-3d23d9357ad2","local_time":"20190418220057","is_ascension_mode":true,"campfire_choices":[{"data":"Neutralize","floor":7,"key":"SMITH"},{"floor":11,"key":"REST"}],"neow_cost":"NONE","seed_source_timestamp":10223204080201636,"circlet_count":0,"master_deck":["AscendersBane","Defend_G","Defend_G","Defend_G","Defend_G","Defend_G","Strike_G","Strike_G","Strike_G","Strike_G","Survivor","Neutralize+1","Skewer","Dash","Dodge and Roll","Cloak And Dagger"],"relics":["Ring of the Snake","NeowsBlessing","MawBank","Juzu Bracelet","Boot"],"potions_floor_usage":[12],"damage_taken":[{"damage":0,"enemies":"Jaw Worm","floor":1,"turns":1},{"damage":0,"enemies":"Cultist","floor":3,"turns":1},{"damage":0,"enemies":"Lagavulin","floor":6,"turns":1},{"damage":42,"enemies":"Gremlin Nob","floor":8,"turns":6},{"damage":0,"enemies":"2 Louse","floor":10,"turns":2},{"damage":50,"enemies":"Lagavulin","floor":12,"turns":9}],"seed_played":"-1900806890356366352","potions_obtained":[{"floor":6,"key":"Weak Potion"}],"is_trial":false,"path_per_floor":["M","?","M","$","?","E","R","E","T","M","R","E"],"character_chosen":"THE_SILENT","items_purchased":[],"campfire_rested":1,"item_purchase_floors":[],"current_hp_per_floor":[59,59,59,59,64,64,64,22,22,22,43,0],"gold":288,"neow_bonus":"THREE_ENEMY_KILL","is_prod":false,"is_daily":false,"chose_seed":false,"campfire_upgraded":1,"win_rate":0,"timestamp":1555639257,"path_taken":["M","?","?","$","?","E","R","E","T","M","R","E"],"build_version":"2019-01-23","purchased_purges":0,"victory":false,"max_hp_per_floor":[66,66,66,66,71,71,71,71,71,71,71,71],"card_choices":[{"not_picked":["Outmaneuver","Well Laid Plans"],"picked":"Skewer","floor":1},{"not_picked":["Dagger Spray","Endless Agony"],"picked":"Dash","floor":3},{"not_picked":["Flechettes","Accuracy","Finisher"],"picked":"SKIP","floor":6},{"not_picked":["Setup","Finisher"],"picked":"Dodge and Roll","floor":8},{"not_picked":["Outmaneuver","Slice"],"picked":"Cloak And Dagger","floor":10}],"player_experience":645350,"relics_obtained":[{"floor":6,"key":"MawBank"},{"floor":8,"key":"Juzu Bracelet"},{"floor":9,"key":"Boot"}],"event_choices":[{"cards_removed":["Strike_G"],"damage_healed":0,"gold_gain":0,"player_choice":"Offered Basic","damage_taken":0,"max_hp_gain":0,"max_hp_loss":0,"event_name":"Bonfire Elementals","floor":2,"gold_loss":0},{"damage_healed":0,"gold_gain":0,"player_choice":"Donut","damage_taken":0,"max_hp_gain":5,"max_hp_loss":0,"event_name":"Big Fish","floor":5,"gold_loss":0}],"is_beta":false,"boss_relics":[],"items_purged_floors":[],"is_endless":false,"potions_floor_spawned":[6],"killed_by":"Lagavulin","ascension_level":20}