{"gold_per_floor":[113,125,125,136,156,191,201,181,181,181,74,74,105,123,123,199,199,215,229,242,81,81,81,114,114,139,158,183,15,46,46,46,46],"floor_reached":33,"playtime":1057,"items_purged":["Strike_G"],"score":630,"play_id":"3a2457cd-1f7e-4736-b810-d42595db4a82","local_time":"20190708160434","is_ascension_mode":true,"campfire_choices":[{"data":"Glass Knife","floor":10.0,"key":"SMITH"},{"data":"Neutralize","floor":12.0,"key":"SMITH"},{"data":"Noxious Fumes","floor":15.0,"key":"SMITH"},{"data":"Die Die Die","floor":23.0,"key":"SMITH"},{"data":"Footwork","floor":25.0,"key":"SMITH"},{"data":"Footwork","floor":32,"key":"SMITH"}],"neow_cost":"NONE","seed_source_timestamp":6233357036171534,"circlet_count":0,"master_deck":["AscendersBane","Strike_G","Strike_G","Strike_G","Strike_G","Defend_G","Defend_G","Defend_G","Defend_G","Defend_G","Survivor","Neutralize+1","Glass Knife+1","Deadly Poison","Quick Slash","Caltrops+1","Die Die Die+1","Leg Sweep","Flash of Steel","Noxious Fumes+1","Heel Hook","Corpse Explosion","Dagger Spray","Leg Sweep","PiercingWail","Footwork+1","Sucker Punch","Footwork+1"],"special_seed":0,"relics":["Ring of the Snake","Happy Flower","Bottled Lightning","Blood Vial","Coffee Dripper","Meat on the Bone","Matryoshka","PreservedInsect","Toxic Egg 2"],"potions_floor_usage":[28,33],"damage_taken":[{"damage":0.0,"enemies":"2 Louse","floor":1.0,"turns":3.0},{"damage":0.0,"enemies":"Cultist","floor":2.0,"turns":3.0},{"damage":0.0,"enemies":"Small Slimes","floor":4.0,"turns":2.0},{"damage":0.0,"enemies":"Exordium Thugs","floor":5.0,"turns":4.0},{"damage":25.0,"enemies":"3 Sentries","floor":6.0,"turns":10.0},{"damage":10.0,"enemies":"Large Slime","floor":7.0,"turns":7.0},{"damage":15.0,"enemies":"Lagavulin","floor":13.0,"turns":8.0},{"damage":4.0,"enemies":"Blue Slaver","floor":14.0,"turns":4.0},{"damage":2.0,"enemies":"Hexaghost","floor":16.0,"turns":8.0},{"damage":13.0,"enemies":"Shell Parasite","floor":18.0,"turns":5.0},{"damage":0.0,"enemies":"2 Thieves","floor":19.0,"turns":2.0},{"damage":18.0,"enemies":"Snake Plant","floor":20.0,"turns":3.0},{"damage":30.0,"enemies":"Book of Stabbing","floor":24.0,"turns":5.0},{"damage":8.0,"enemies":"Chosen and Byrds","floor":27.0,"turns":5.0},{"damage":11,"enemies":"Slavers","floor":28,"turns":3},{"damage":2,"enemies":"Gremlin Leader","floor":30,"turns":4},{"damage":41,"enemies":"Champ","floor":33,"turns":15}],"seed_played":"-6076949859533677260","potions_obtained":[{"floor":3.0,"key":"Fruit Juice"},{"floor":3.0,"key":"GamblersBrew"},{"floor":5.0,"key":"SpeedPotion"},{"floor":6.0,"key":"Swift Potion"},{"floor":7.0,"key":"SpeedPotion"},{"floor":14.0,"key":"Weak Potion"},{"floor":18.0,"key":"Poison Potion"},{"floor":24.0,"key":"PowerPotion"},{"floor":28,"key":"Poison Potion"}],"is_trial":false,"path_per_floor":["M","M","?","M","M","E","M","?","T","R","$","R","E","M","R","B",null,"M","M","M","$","?","R","E","R","T","M","E","$","E","?","R","B"],"character_chosen":"THE_SILENT","items_purchased":["Flash of Steel","Regen Potion","PreservedInsect"],"campfire_rested":0,"item_purchase_floors":[11,21,29],"current_hp_per_floor":[59,59,64,64,64,39,29,29,29,29,29,29,14,12,12,12,56,45,47,31,31,31,31,18,18,18,24,27,27,39,39,39,0],"gold":46,"neow_bonus":"ONE_RANDOM_RARE_CARD","is_prod":false,"is_daily":false,"chose_seed":false,"campfire_upgraded":6,"win_rate":0,"timestamp":1562616274,"path_taken":["M","M","?","M","M","E","?","?","T","R","$","R","E","M","R","BOSS","M","?","?","$","?","R","E","R","T","M","E","?","E","?","R","BOSS"],"build_version":"2019-07-05","purchased_purges":1,"victory":false,"max_hp_per_floor":[66,66,71,71,71,71,71,71,71,71,71,71,71,71,71,71,71,71,71,71,71,71,71,71,71,71,71,71,71,71,71,71,71],"card_choices":[{"not_picked":["Prepared","Deflect"],"picked":"Deadly Poison","floor":1.0},{"not_picked":["Concentrate","Outmaneuver"],"picked":"Quick Slash","floor":2.0},{"not_picked":["Sucker Punch","Poisoned Stab"],"picked":"Caltrops","floor":4.0},{"not_picked":["Cloak And Dagger","Eviscerate","Deflect"],"picked":"SKIP","floor":5.0},{"not_picked":["Blade Dance","Prepared"],"picked":"Die Die Die","floor":6.0},{"not_picked":["Dodge and Roll","All Out Attack"],"picked":"Leg Sweep","floor":7.0},{"not_picked":["Concentrate","Slice"],"picked":"Noxious Fumes","floor":13.0},{"not_picked":["Slice","Prepared"],"picked":"Heel Hook","floor":14.0},{"not_picked":["Envenom","Tools of the Trade"],"picked":"Corpse Explosion","floor":16.0},{"not_picked":["Skewer","Sucker Punch"],"picked":"Dagger Spray","floor":18.0},{"not_picked":["Endless Agony","Deadly Poison"],"picked":"Leg Sweep","floor":19.0},{"not_picked":["Acrobatics","Flying Knee"],"picked":"PiercingWail","floor":20.0},{"not_picked":["Phantasmal Killer","Slice"],"picked":"Footwork","floor":24.0},{"not_picked":["Slice","Poisoned Stab"],"picked":"Sucker Punch","floor":27.0},{"not_picked":["Sucker Punch","Bouncing Flask","Endless Agony"],"picked":"SKIP","floor":28},{"not_picked":["Sucker Punch","Cloak And Dagger"],"picked":"Footwork","floor":30}],"player_experience":917183,"relics_obtained":[{"floor":6.0,"key":"Happy Flower"},{"floor":9.0,"key":"Bottled Lightning"},{"floor":13.0,"key":"Blood Vial"},{"floor":24.0,"key":"Meat on the Bone"},{"floor":28,"key":"Matryoshka"},{"floor":30,"key":"Toxic Egg 2"}],"event_choices":[{"damage_healed":0.0,"max_hp_gain":0.0,"max_hp_loss":0.0,"gold_gain":0.0,"event_name":"Lab","player_choice":"Got Potions","floor":3.0,"gold_loss":0.0,"damage_taken":0.0},{"damage_healed":0.0,"max_hp_gain":0.0,"max_hp_loss":0.0,"gold_gain":0.0,"event_name":"The Woman in Blue","player_choice":"Bought 1 Potion","floor":8.0,"gold_loss":0.0,"damage_taken":0.0},{"damage_healed":0.0,"max_hp_gain":0.0,"max_hp_loss":0.0,"gold_gain":0.0,"event_name":"Upgrade Shrine","player_choice":"Upgraded","floor":22.0,"gold_loss":0.0,"damage_taken":0.0,"cards_upgraded":["Caltrops"]},{"damage_healed":0,"gold_gain":0,"player_choice":"Ignored","damage_taken":0,"max_hp_gain":0,"max_hp_loss":0,"event_name":"The Mausoleum","floor":31,"gold_loss":0}],"is_beta":false,"boss_relics":[{"not_picked":["HoveringKite","Pandora\u0027s Box"],"picked":"Coffee Dripper"}],"items_purged_floors":[21],"is_endless":false,"potions_floor_spawned":[5,6,7,14,18,24,28],"killed_by":"Champ","ascension_level":20}