{"gold_per_floor":[117,117,133,208,223,223,254,254,254,278,222,253,268,35,35,133,133,150,21,35,51,66,66,79,59,130,130,156,172,198,208,208,309,309,326,326,336,351,53,79,79,109,109,122,151,161,188,203,203,203],"floor_reached":51,"playtime":2802,"items_purged":["Strike_G"],"score":919,"play_id":"355bd179-895c-4f4a-9b7f-0726232a1f51","local_time":"20190707014657","is_ascension_mode":false,"campfire_choices":[{"data":"Neutralize","floor":6.0,"key":"SMITH"},{"data":"Dagger Spray","floor":8.0,"key":"SMITH"},{"data":"Footwork","floor":15.0,"key":"SMITH"},{"data":"Deadly Poison","floor":23.0,"key":"SMITH"},{"data":"Predator","floor":27.0,"key":"SMITH"},{"floor":32.0,"key":"REST"},{"data":"Well Laid Plans","floor":49,"key":"SMITH"}],"neow_cost":"NONE","seed_source_timestamp":12070765480629,"circlet_count":0,"master_deck":["Strike_G","Strike_G","Strike_G","Defend_G","Defend_G","Defend_G","Defend_G","Defend_G","Survivor","Neutralize+1","Quick Slash","Backflip","Dash","Dodge and Roll","Dagger Spray+1","Endless Agony","Footwork+1","Well Laid Plans+1","Die Die Die","Dagger Throw+1","Slice","Escape Plan","Deadly Poison+1","Predator+1","Backstab+1","Footwork","Adrenaline","Crippling Poison+1","Infinite Blades+1","Infinite Blades","Calculated Gamble+1","Crippling Poison","Infinite Blades","Bouncing Flask"],"special_seed":0,"relics":["WristBlade","Tingsha","Thread and Needle","Oddly Smooth Stone","Bronze Scales","Happy Flower","Membership Card","Lizard Tail","OrangePellets","Letter Opener","Shuriken","Kunai","Cursed Key","Peace Pipe","War Paint","Anchor","Darkstone Periapt","Dodecahedron"],"potions_floor_usage":[45,50,50],"damage_taken":[{"damage":0.0,"enemies":"Small Slimes","floor":1.0,"turns":4.0},{"damage":0.0,"enemies":"2 Louse","floor":3.0,"turns":3.0},{"damage":1.0,"enemies":"Jaw Worm","floor":5.0,"turns":3.0},{"damage":7.0,"enemies":"Gremlin Nob","floor":7.0,"turns":5.0},{"damage":0.0,"enemies":"Lagavulin","floor":12.0,"turns":9.0},{"damage":0.0,"enemies":"2 Fungi Beasts","floor":13.0,"turns":2.0},{"damage":0.0,"enemies":"Hexaghost","floor":16.0,"turns":11.0},{"damage":0.0,"enemies":"Chosen","floor":18.0,"turns":4.0},{"damage":4.0,"enemies":"2 Thieves","floor":20.0,"turns":3.0},{"damage":0.0,"enemies":"3 Cultists","floor":21.0,"turns":4.0},{"damage":0.0,"enemies":"Snake Plant","floor":22.0,"turns":4.0},{"damage":6.0,"enemies":"Snecko","floor":24.0,"turns":6.0},{"damage":13.0,"enemies":"Book of Stabbing","floor":28.0,"turns":5.0},{"damage":7.0,"enemies":"Shelled Parasite and Fungi","floor":29.0,"turns":4.0},{"damage":6.0,"enemies":"Gremlin Leader","floor":30.0,"turns":7.0},{"damage":0.0,"enemies":"Snake Plant","floor":31.0,"turns":3.0},{"damage":24.0,"enemies":"Automaton","floor":33.0,"turns":11.0},{"damage":8.0,"enemies":"3 Darklings","floor":35.0,"turns":4.0},{"damage":0.0,"enemies":"3 Shapes","floor":37.0,"turns":4.0},{"damage":5.0,"enemies":"Writhing Mass","floor":38.0,"turns":7.0},{"damage":9.0,"enemies":"Nemesis","floor":40.0,"turns":7.0},{"damage":0.0,"enemies":"Giant Head","floor":42.0,"turns":8.0},{"damage":0,"enemies":"Spire Growth","floor":44,"turns":5},{"damage":8,"enemies":"Nemesis","floor":45,"turns":5},{"damage":2,"enemies":"3 Darklings","floor":46,"turns":3},{"damage":0,"enemies":"Reptomancer","floor":47,"turns":6},{"damage":0,"enemies":"Jaw Worm Horde","floor":48,"turns":3},{"damage":4,"enemies":"Donu and Deca","floor":50,"turns":7}],"seed_played":"2782756734764149896","potions_obtained":[{"floor":5.0,"key":"Strength Potion"},{"floor":12.0,"key":"Strength Potion"},{"floor":13.0,"key":"FearPotion"},{"floor":18.0,"key":"Block Potion"},{"floor":20.0,"key":"Energy Potion"},{"floor":33.0,"key":"Dexterity Potion"},{"floor":44,"key":"GhostInAJar"},{"floor":46,"key":"PowerPotion"},{"floor":47,"key":"SteroidPotion"}],"is_trial":false,"path_per_floor":["M","?","M","?","M","R","E","R","T","T","?","E","M","$","R","B",null,"M","$","M","M","M","R","M","$","T","R","E","M","E","M","R","B",null,"M","?","M","M","$","E","?","E","T","M","E","M","E","M","R","B",null],"character_chosen":"THE_SILENT","items_purchased":["Membership Card","Well Laid Plans","Slice","OrangePellets","Predator","Infinite Blades","Regen Potion","Calculated Gamble","Peace Pipe"],"campfire_rested":1,"item_purchase_floors":[14,14,19,19,25,39,39,39,39],"current_hp_per_floor":[70,70,70,59,58,58,51,51,51,51,51,51,51,51,51,51,70,70,70,66,66,66,66,60,60,60,60,47,40,34,34,55,31,70,62,62,62,57,57,48,48,48,48,48,52,50,50,50,50,46],"gold":203,"neow_bonus":"BOSS_RELIC","is_prod":false,"is_daily":false,"chose_seed":false,"campfire_upgraded":6,"win_rate":0.0,"timestamp":1562456817,"path_taken":["M","?","M","?","M","R","E","R","T","?","?","E","M","$","R","BOSS","M","$","M","M","M","R","?","?","T","R","E","?","E","M","R","BOSS","M","?","M","M","$","E","?","E","T","M","E","M","E","M","R","BOSS"],"build_version":"2019-07-05","purchased_purges":1,"victory":true,"max_hp_per_floor":[70,70,70,70,70,70,70,70,70,70,70,70,70,70,70,70,70,70,70,70,70,70,70,70,70,70,70,70,70,70,70,70,70,70,70,66,66,66,66,66,66,66,66,66,66,66,66,66,66,66],"card_choices":[{"not_picked":["Deadly Poison","Skewer"],"picked":"Quick Slash","floor":1.0},{"not_picked":["Deadly Poison","Prepared"],"picked":"Dash","floor":3.0},{"not_picked":["Acrobatics","Underhanded Strike"],"picked":"Dodge and Roll","floor":5.0},{"not_picked":["Flechettes","A Thousand Cuts"],"picked":"Dagger Spray","floor":7.0},{"not_picked":["Acrobatics","Dash"],"picked":"Endless Agony","floor":12.0},{"not_picked":["Caltrops","Predator"],"picked":"Footwork","floor":13.0},{"not_picked":["Unload","Doppelganger"],"picked":"Die Die Die","floor":16.0},{"not_picked":["PiercingWail","Finisher+1"],"picked":"Dagger Throw+1","floor":18.0},{"not_picked":["Dagger Throw","Slice","Dagger Spray"],"picked":"SKIP","floor":20.0},{"not_picked":["Dagger Throw+1","Slice"],"picked":"Escape Plan","floor":21.0},{"not_picked":["PiercingWail+1","Choke"],"picked":"Deadly Poison","floor":22.0},{"not_picked":["PiercingWail+1","Distraction","Doppelganger"],"picked":"SKIP","floor":24.0},{"not_picked":["Caltrops","Reflex"],"picked":"Backstab+1","floor":28.0},{"not_picked":["PiercingWail","Quick Slash","Distraction+1"],"picked":"SKIP","floor":29.0},{"not_picked":["Acrobatics+1","Caltrops","Predator"],"picked":"SKIP","floor":30.0},{"not_picked":["Predator","Escape Plan"],"picked":"Footwork","floor":31.0},{"not_picked":["Malaise","Venomology"],"picked":"Adrenaline","floor":33.0},{"not_picked":["Expertise+1","Dodge and Roll"],"picked":"Crippling Poison","floor":35.0},{"not_picked":["Reflex+1","Backflip+1","Poisoned Stab+1"],"picked":"SKIP","floor":37.0},{"not_picked":["Flechettes+1","Skewer"],"picked":"Infinite Blades+1","floor":38.0},{"not_picked":["Backflip","Dodge and Roll","Flying Knee"],"picked":"SKIP","floor":40.0},{"not_picked":["Venomology","Dagger Throw+1"],"picked":"Crippling Poison","floor":42.0},{"not_picked":["PiercingWail+1","Calculated Gamble"],"picked":"Infinite Blades","floor":44},{"not_picked":["Dagger Throw+1","Night Terror","Quick Slash"],"picked":"SKIP","floor":45},{"not_picked":["Sucker Punch+1","Dagger Throw","Quick Slash+1"],"picked":"SKIP","floor":46},{"not_picked":["Backflip","Well Laid Plans+1"],"picked":"Bouncing Flask","floor":47},{"not_picked":["Skewer","Riddle With Holes","Deadly Poison+1"],"picked":"SKIP","floor":48}],"player_experience":9971,"relics_obtained":[{"floor":7.0,"key":"Tingsha"},{"floor":9.0,"key":"Thread and Needle"},{"floor":10.0,"key":"Oddly Smooth Stone"},{"floor":12.0,"key":"Happy Flower"},{"floor":26.0,"key":"Letter Opener"},{"floor":28.0,"key":"Shuriken"},{"floor":30.0,"key":"Kunai"},{"floor":40.0,"key":"War Paint"},{"floor":42.0,"key":"Anchor"},{"floor":45,"key":"Darkstone Periapt"},{"floor":47,"key":"Dodecahedron"}],"event_choices":[{"damage_healed":0.0,"max_hp_gain":0.0,"max_hp_loss":0.0,"gold_gain":0.0,"cards_transformed":["Strike_G"],"event_name":"Living Wall","player_choice":"Change","floor":2.0,"gold_loss":0.0,"damage_taken":0.0,"cards_obtained":["Backflip"]},{"damage_healed":0.0,"max_hp_gain":0.0,"max_hp_loss":0.0,"gold_gain":75.0,"event_name":"World of Goop","player_choice":"Gather Gold","floor":4.0,"gold_loss":0.0,"damage_taken":11.0},{"damage_healed":0.0,"max_hp_gain":0.0,"max_hp_loss":0.0,"gold_gain":0.0,"event_name":"WeMeetAgain","player_choice":"Paid Gold","floor":11.0,"gold_loss":56.0,"damage_taken":0.0,"relics_obtained":["Bronze Scales"]},{"damage_healed":0.0,"max_hp_gain":0.0,"max_hp_loss":4.0,"gold_gain":0.0,"event_name":"Winding Halls","player_choice":"Max HP","floor":36.0,"gold_loss":0.0,"damage_taken":0.0},{"damage_healed":0.0,"max_hp_gain":0.0,"max_hp_loss":0.0,"gold_gain":0.0,"event_name":"Mysterious Sphere","player_choice":"Ignored","floor":41.0,"gold_loss":0.0,"damage_taken":0.0}],"is_beta":false,"boss_relics":[{"not_picked":["Velvet Choker","Philosopher\u0027s Stone"],"picked":"Lizard Tail"},{"not_picked":["Fusion Hammer","Black Star"],"picked":"Cursed Key"}],"items_purged_floors":[39],"is_endless":false,"potions_floor_spawned":[5,12,13,18,20,21,22,30,33,44,46,47],"ascension_level":0}