{"gold_per_floor":[119,137,137,137,147,147,147,147,147,147,157,171,181,109,109,212,212,201,217,42,42,58,58,58,12,65,65,65,65,93,107,107,107],"floor_reached":33,"playtime":1302,"items_purged":[],"score":395,"play_id":"630c2a66-4ab2-4bff-b6ce-e4a2e9aed3b5","local_time":"20180903154738","is_ascension_mode":true,"campfire_choices":[{"data":"Envenom","floor":6.0,"key":"SMITH"},{"data":"Cloak And Dagger","floor":8.0,"key":"SMITH"},{"data":"Dash","floor":10.0,"key":"SMITH"},{"data":"Malaise","floor":15.0,"key":"SMITH"},{"data":"Noxious Fumes","floor":23.0,"key":"SMITH"},{"data":"Cloak And Dagger","floor":27,"key":"SMITH"},{"floor":29,"key":"REST"},{"floor":32,"key":"REST"}],"neow_cost":"NONE","seed_source_timestamp":0,"circlet_count":0,"master_deck":["Defend_G","Defend_G","Defend_G","Defend_G","Strike_G","Strike_G","Strike_G","Survivor","Neutralize+1","Cloak And Dagger+1","Envenom+1","Dash+1","Blur","Cloak And Dagger+1","Malaise+1","Bullet Time","Dash+1","Night Terror+1","Underhanded Strike+1","Noxious Fumes+1","Dodge and Roll+1","Cloak And Dagger","Bullet Time","Cloak And Dagger","Dodge and Roll"],"special_seed":0,"relics":["Ring of the Snake","Boot","Bottled Flame","Astrolabe","Snake Skull","Potion Belt","Bag of Preparation"],"potions_floor_usage":[30,33],"damage_taken":[{"damage":3.0,"enemies":"2 Louse","floor":1.0,"turns":3.0},{"damage":0.0,"enemies":"Jaw Worm","floor":2.0,"turns":5.0},{"damage":1.0,"enemies":"Small Slimes","floor":5.0,"turns":5.0},{"damage":0.0,"enemies":"3 Louse","floor":11.0,"turns":4.0},{"damage":0.0,"enemies":"Exordium Wildlife","floor":12.0,"turns":4.0},{"damage":0.0,"enemies":"Large Slime","floor":13.0,"turns":5.0},{"damage":1.0,"enemies":"Hexaghost","floor":16.0,"turns":13.0},{"damage":0.0,"enemies":"2 Thieves","floor":18.0,"turns":4.0},{"damage":17.0,"enemies":"3 Byrds","floor":19.0,"turns":5.0},{"damage":21.0,"enemies":"Sentry and Sphere","floor":22.0,"turns":7.0},{"damage":14,"enemies":"Gremlin Leader","floor":30,"turns":5},{"damage":9,"enemies":"Snake Plant","floor":31,"turns":5},{"damage":92,"enemies":"Champ","floor":33,"turns":16}],"seed_played":"2980837415046043480","potions_obtained":[{"floor":0.0,"key":"Block Potion"},{"floor":0.0,"key":"Ancient Potion"},{"floor":0.0,"key":"Explosive Potion"},{"floor":18.0,"key":"Poison Potion"},{"floor":24,"key":"LiquidBronze"}],"is_trial":false,"path_per_floor":["M","M","?","?","M","R","?","R","T","R","M","M","M","$","R","B",null,"M","M","$","?","M","R","?","$","T","R","?","R","E","M","R"],"character_chosen":"THE_SILENT","items_purchased":["Malaise","Snake Skull","Cloak And Dagger","Cloak And Dagger"],"campfire_rested":2,"item_purchase_floors":[14,20,20,25],"current_hp_per_floor":[60,60,60,53,52,52,57,57,57,57,57,57,57,57,57,56,70,70,53,53,75,54,54,54,54,54,54,40,64,50,41,65,0],"gold":107,"neow_bonus":"THREE_SMALL_POTIONS","is_prod":false,"is_daily":false,"chose_seed":false,"campfire_upgraded":6,"win_rate":0,"timestamp":1536004058,"path_taken":["M","M","?","?","M","R","?","R","T","R","M","?","?","$","R","BOSS","M","M","?","?","M","R","?","$","T","R","?","R","E","?","R","BOSS"],"build_version":"2018-08-30","purchased_purges":0,"victory":false,"max_hp_per_floor":[70,70,70,70,70,70,75,75,75,75,75,75,75,75,75,75,75,75,75,75,75,75,75,75,75,75,75,80,80,80,80,80,80],"card_choices":[{"not_picked":["Dodge and Roll","Flying Knee"],"picked":"Cloak And Dagger","floor":1.0},{"not_picked":["Expertise","Poisoned Stab"],"picked":"Envenom","floor":2.0},{"not_picked":["Masterful Stab","Slice"],"picked":"Dash","floor":5.0},{"not_picked":["Deflect","Concentrate"],"picked":"Blur","floor":11.0},{"not_picked":["Calculated Gamble","Flying Knee","Endless Agony"],"picked":"SKIP","floor":12.0},{"not_picked":["Tactician","Well Laid Plans"],"picked":"Cloak And Dagger","floor":13.0},{"not_picked":["Tools of the Trade","Envenom"],"picked":"Bullet Time","floor":16.0},{"not_picked":["Expertise","Dodge and Roll"],"picked":"Noxious Fumes","floor":18.0},{"not_picked":["PiercingWail","Flying Knee+1"],"picked":"Dodge and Roll+1","floor":19.0},{"not_picked":["Outmaneuver","Deflect"],"picked":"Bullet Time","floor":22.0},{"not_picked":["Quick Slash+1","Eviscerate","Flechettes"],"picked":"SKIP","floor":30},{"not_picked":["Concentrate","Slice"],"picked":"Dodge and Roll","floor":31}],"player_experience":309478,"relics_obtained":[{"floor":9.0,"key":"Bottled Flame"},{"floor":26,"key":"Potion Belt"},{"floor":30,"key":"Bag of Preparation"}],"event_choices":[{"event_name":"Living Wall","player_choice":"Grow","floor":3.0,"damage_taken":0.0},{"event_name":"Scrap Ooze","player_choice":"success","floor":4.0,"damage_taken":7.0},{"event_name":"Big Fish","player_choice":"Donut","floor":7.0,"damage_taken":0.0},{"event_name":"The Library","player_choice":"Heal","floor":21.0,"damage_taken":0.0},{"event_name":"The Lab","player_choice":"Got Potions","floor":24,"damage_taken":0},{"event_name":"Forgotten Altar","player_choice":"Shed Blood","floor":28,"damage_taken":0}],"is_beta":false,"boss_relics":[{"not_picked":["Empty Cage","Snecko Eye"],"picked":"Astrolabe"}],"items_purged_floors":[],"is_endless":false,"potions_floor_spawned":[5,11,13,18],"killed_by":"Champ","ascension_level":9}