{"gold_per_floor":[118,118,132,132,132,159,159,172,172,200,170,170,184,219,219,291,291,302,314,334,5,5],"floor_reached":22,"playtime":882,"items_purged":[],"score":458,"play_id":"c0cde9bc-e61b-4061-91c4-a2db1aa1c888","local_time":"20190224224318","is_ascension_mode":true,"campfire_choices":[{"data":"Dagger Spray","floor":7,"key":"SMITH"},{"floor":12,"key":"REST"},{"data":"Skewer","floor":15,"key":"SMITH"}],"neow_cost":"NONE","seed_source_timestamp":731296758915200,"circlet_count":0,"master_deck":["AscendersBane","Defend_G","Defend_G","Defend_G","Defend_G","Defend_G","Strike_G","Strike_G","Strike_G","Strike_G","Strike_G","Survivor","Neutralize+1","Dagger Spray+1","Infinite Blades","Footwork","Cloak And Dagger","Skewer+1","Burst","Malaise","Backflip","Terror","Noxious Fumes"],"relics":["Ring of the Snake","NeowsBlessing","Thread and Needle","Tingsha","Ancient Tea Set","Boot","Busted Crown","Omamori"],"potions_floor_usage":[10,13,14,16,22],"damage_taken":[{"damage":0,"enemies":"Jaw Worm","floor":1,"turns":1},{"damage":0,"enemies":"Small Slimes","floor":3,"turns":1},{"damage":0,"enemies":"Lagavulin","floor":6,"turns":1},{"damage":0,"enemies":"Cultist","floor":8,"turns":4},{"damage":35,"enemies":"Gremlin Nob","floor":10,"turns":5},{"damage":1,"enemies":"Gremlin Gang","floor":13,"turns":2},{"damage":6,"enemies":"3 Sentries","floor":14,"turns":6},{"damage":10,"enemies":"Slime Boss","floor":16,"turns":9},{"damage":0,"enemies":"Chosen","floor":18,"turns":6},{"damage":4,"enemies":"Shell Parasite","floor":19,"turns":7},{"damage":46,"enemies":"3 Cultists","floor":20,"turns":7},{"damage":11,"enemies":"Cultist and Chosen","floor":22,"turns":3}],"seed_played":"7726832050390150325","potions_obtained":[{"floor":8,"key":"AttackPotion"},{"floor":11,"key":"Dexterity Potion"},{"floor":11,"key":"Explosive Potion"},{"floor":13,"key":"Energy Potion"},{"floor":14,"key":"SteroidPotion"},{"floor":16,"key":"FearPotion"}],"is_trial":false,"path_per_floor":["M","$","M","?","?","E","R","M","T","E","?","R","M","E","R","B",null,"M","M","M","$","M"],"character_chosen":"THE_SILENT","items_purchased":["Terror","Noxious Fumes","Omamori"],"campfire_rested":1,"item_purchase_floors":[21,21,21],"current_hp_per_floor":[59,59,59,59,59,59,59,59,59,24,24,43,42,36,36,26,56,56,52,6,6,0],"gold":5,"neow_bonus":"THREE_ENEMY_KILL","is_prod":false,"is_daily":false,"chose_seed":false,"campfire_upgraded":2,"win_rate":0,"timestamp":1551076998,"path_taken":["M","$","M","?","?","E","R","M","T","E","?","R","?","E","R","BOSS","M","?","M","$","M"],"build_version":"2019-01-23","purchased_purges":0,"victory":false,"max_hp_per_floor":[66,66,66,66,66,66,66,66,66,66,66,66,66,66,66,66,66,66,66,66,66,66],"card_choices":[{"not_picked":["PiercingWail","Deflect"],"picked":"Dagger Spray","floor":1},{"not_picked":["Dagger Spray","Blade Dance"],"picked":"Infinite Blades","floor":3},{"not_picked":["Setup","Slice"],"picked":"Footwork","floor":6},{"not_picked":["Dagger Spray","Outmaneuver"],"picked":"Cloak And Dagger","floor":8},{"not_picked":["Deflect","Dash"],"picked":"Skewer","floor":10},{"not_picked":["Bane","Outmaneuver","Dodge and Roll"],"picked":"SKIP","floor":13},{"not_picked":["Heel Hook","Cloak And Dagger"],"picked":"Burst","floor":14},{"not_picked":["Doppelganger","Tools of the Trade"],"picked":"Malaise","floor":16},{"not_picked":["Flechettes"],"picked":"SKIP","floor":18},{"not_picked":["Dodge and Roll+1"],"picked":"SKIP","floor":19},{"not_picked":[],"picked":"Backflip","floor":20}],"player_experience":1199844,"relics_obtained":[{"floor":6,"key":"Thread and Needle"},{"floor":9,"key":"Tingsha"},{"floor":10,"key":"Ancient Tea Set"},{"floor":14,"key":"Boot"}],"event_choices":[{"damage_healed":0,"gold_gain":0,"player_choice":"Grow","damage_taken":0,"max_hp_gain":0,"max_hp_loss":0,"event_name":"Living Wall","floor":4,"gold_loss":0,"cards_upgraded":["Neutralize"]},{"damage_healed":0,"gold_gain":0,"player_choice":"Leave","damage_taken":0,"max_hp_gain":0,"max_hp_loss":0,"event_name":"The Cleric","floor":5,"gold_loss":0},{"damage_healed":0,"gold_gain":0,"player_choice":"Bought 2 Potions","damage_taken":0,"max_hp_gain":0,"max_hp_loss":0,"event_name":"The Woman in Blue","floor":11,"gold_loss":0}],"is_beta":false,"boss_relics":[{"not_picked":["Runic Pyramid","Fusion Hammer"],"picked":"Busted Crown"}],"items_purged_floors":[],"is_endless":false,"potions_floor_spawned":[8,13,14,16,19],"killed_by":"Cultist and Chosen","ascension_level":20}