{"path_per_floor":["M","?","T","M","M","R","E","R","T","R","M","E","?","$","R","B",null,"M","?","$","?","M","R","E","?","T"],"character_chosen":"DEFECT","items_purchased":["Defragment","Darkness","Streamline","Axe Kick","Capacitor","Bandage Up"],"gold_per_floor":[115,115,115,132,146,146,171,171,171,171,182,213,178,21,21,119,119,132,232,68,68,79,79,113,113,140,140],"floor_reached":27,"campfire_rested":3,"playtime":1074,"current_hp_per_floor":[69,66,66,65,61,61,38,60,60,60,50,34,52,52,74,56,75,42,42,42,67,37,59,2,2,2,0],"items_purged":[],"gold":140,"score":237,"play_id":"fe631a16-72b7-4fa5-a75e-1bcf32ad7e00","local_time":"20180501140320","is_prod":false,"is_daily":false,"chose_seed":false,"is_ascension_mode":false,"campfire_upgraded":2,"timestamp":1525208600,"path_taken":["M","?","?","M","M","R","E","R","T","R","M","E","?","$","R","BOSS","M","?","$","?","M","R","E","?","T","E"],"build_version":"2018-04-30","seed_source_timestamp":0,"purchased_purges":0,"victory":false,"master_deck":["Strike_B+1","Strike_B+1","Strike_B+1","Strike_B+1","Defend_B+1","Defend_B+1","Defend_B+1","Defend_B+1","Zap","Dualcast","Genetic Algorithm+1","Leap+1","Coolheaded+1","Defragment+1","Reinforced Body+1","Doom and Gloom","Defragment","Darkness+1","Streamline","Fission+1","Impulse+1","Axe Kick","Capacitor","Bandage Up+1","Melter","Doom and Gloom"],"max_hp_per_floor":[75,75,75,75,75,75,75,75,75,75,75,75,75,75,75,75,75,75,75,75,75,75,75,75,75,75,75],"relics":["Cracked Core","Toxic Egg 2","Omamori","Happy Flower","Mummified Hand","Shovel","Inserter","Blood Vial","Oddly Smooth Stone"],"card_choices":[{"not_picked":["Force Field","Barrage"],"picked":"Genetic Algorithm","floor":1.0},{"not_picked":["Go for the Eyes","Hologram"],"picked":"Leap","floor":4.0},{"not_picked":["Glacier","Blizzard"],"picked":"Coolheaded","floor":5.0},{"not_picked":["Blaster","Melter"],"picked":"Defragment","floor":7.0},{"not_picked":["Hologram","Beam Cell"],"picked":"Reinforced Body","floor":11.0},{"not_picked":["Go for the Eyes","Melter"],"picked":"Doom and Gloom","floor":12.0},{"not_picked":["Seek","Fusion"],"picked":"Fission","floor":16.0},{"not_picked":["Leap","Steam Power"],"picked":"Impulse","floor":18.0},{"not_picked":["Genetic Algorithm","FTL"],"picked":"Melter","floor":22.0},{"not_picked":["Capacitor","Go for the Eyes"],"picked":"Doom and Gloom","floor":24}],"player_experience":19999,"potions_floor_usage":[27],"damage_taken":[{"damage":6.0,"enemies":"Jaw Worm","floor":1.0,"turns":4.0},{"damage":1.0,"enemies":"2 Louse","floor":4.0,"turns":2.0},{"damage":4.0,"enemies":"Cultist","floor":5.0,"turns":4.0},{"damage":23.0,"enemies":"3 Sentries","floor":7.0,"turns":9.0},{"damage":10.0,"enemies":"Exordium Thugs","floor":11.0,"turns":5.0},{"damage":16.0,"enemies":"Gremlin Nob","floor":12.0,"turns":5.0},{"damage":18.0,"enemies":"Slime Boss","floor":16.0,"turns":6.0},{"damage":33.0,"enemies":"Chosen","floor":18.0,"turns":6.0},{"damage":30.0,"enemies":"Shell Parasite","floor":22.0,"turns":4.0},{"damage":63.0,"enemies":"Gremlin Leader","floor":24.0,"turns":10.0},{"damage":4,"enemies":"Gremlin Leader","floor":27,"turns":3}],"event_choices":[{"event_name":"Scrap Ooze","player_choice":"success","floor":2.0,"damage_taken":3.0},{"event_name":"The Cleric","player_choice":"Healed","floor":13.0,"damage_taken":0.0},{"event_name":"Golden Shrine","player_choice":"Pray","floor":19.0,"damage_taken":0.0},{"event_name":"The Library","player_choice":"Heal","floor":21.0,"damage_taken":0.0},{"event_name":"Back to Basics","player_choice":"Simplicity","floor":25,"damage_taken":0}],"boss_relics":[],"potions_floor_spawned":[1,7,11,12,18,22],"seed_played":"1631183468086068991","killed_by":"Gremlin Leader","ascension_level":0,"is_trial":false}