{"gold_per_floor":[110,130,147,147,147,147,43,43,43,69,94,94,7,68,68,139,189,202,46,116,116,41,70,70,70],"floor_reached":25,"playtime":686,"items_purged":["Regret","Strike_G"],"score":426,"play_id":"8d1e652a-aebd-4f47-a93c-cd6fa2fa3dd2","local_time":"20190225204052","is_ascension_mode":true,"campfire_choices":[{"data":"A Thousand Cuts","floor":6,"key":"SMITH"},{"data":"Blade Dance","floor":8,"key":"SMITH"},{"floor":12,"key":"REST"},{"data":"Blade Dance","floor":15,"key":"SMITH"},{"floor":24,"key":"REST"}],"neow_cost":"PERCENT_DAMAGE","seed_source_timestamp":810547274024200,"circlet_count":0,"master_deck":["AscendersBane","Defend_G","Defend_G","Defend_G","Defend_G","Defend_G","Strike_G","Strike_G","Survivor","Neutralize+1","A Thousand Cuts+1","Blade Dance+1","Backflip","Backflip","Dodge and Roll","Endless Agony","Blade Dance+1","A Thousand Cuts","Blade Dance+1","Adrenaline"],"relics":["Ring of the Snake","Smiling Mask","Question Card","Odd Mushroom","Tiny Chest","Tiny House","Pear","Paper Crane","Pantograph"],"potions_floor_usage":[10,14,23,25,25],"damage_taken":[{"damage":1,"enemies":"Cultist","floor":1,"turns":5},{"damage":1,"enemies":"Jaw Worm","floor":2,"turns":7},{"damage":6,"enemies":"2 Louse","floor":3,"turns":3},{"damage":5,"enemies":"The Mushroom Lair","floor":10,"turns":2},{"damage":29,"enemies":"Gremlin Nob","floor":14,"turns":4},{"damage":21,"enemies":"The Guardian","floor":16,"turns":17},{"damage":7,"enemies":"Chosen","floor":18,"turns":5},{"damage":45,"enemies":"Slavers","floor":23,"turns":4},{"damage":54,"enemies":"Book of Stabbing","floor":25,"turns":6}],"seed_played":"-8528161028134788251","potions_obtained":[{"floor":2,"key":"LiquidBronze"},{"floor":10,"key":"Regen Potion"},{"floor":16,"key":"EssenceOfSteel"},{"floor":17,"key":"Ancient Potion"},{"floor":23,"key":"Block Potion"}],"is_trial":false,"path_per_floor":["M","M","M","?","?","R","$","R","T","?","T","R","$","E","R","B",null,"M","$","T","T","?","E","R","E"],"character_chosen":"THE_SILENT","items_purchased":["Explosive Potion","Endless Agony","Adrenaline"],"campfire_rested":2,"item_purchase_floors":[7,13,19],"current_hp_per_floor":[43,42,36,29,29,29,29,29,29,24,24,43,43,26,26,5,56,49,49,59,59,59,14,38,0],"gold":70,"neow_bonus":"THREE_RARE_CARDS","is_prod":false,"is_daily":false,"chose_seed":false,"campfire_upgraded":3,"win_rate":0,"timestamp":1551156052,"path_taken":["M","?","M","?","?","R","$","R","T","?","?","R","$","E","R","BOSS","M","?","?","?","?","E","R","E"],"build_version":"2019-01-23","purchased_purges":2,"victory":false,"max_hp_per_floor":[66,66,66,66,66,66,66,66,66,66,66,66,66,66,66,66,71,71,71,81,81,81,81,81,81],"card_choices":[{"not_picked":["Phantasmal Killer","Adrenaline"],"picked":"A Thousand Cuts","floor":0},{"not_picked":["Outmaneuver","Prepared"],"picked":"Blade Dance","floor":1},{"not_picked":["Underhanded Strike","Crippling Poison"],"picked":"Backflip","floor":2},{"not_picked":["Terror","Underhanded Strike"],"picked":"Backflip","floor":3},{"not_picked":["Quick Slash","Noxious Fumes","Crippling Poison"],"picked":"Dodge and Roll","floor":10},{"not_picked":["Backflip","Prepared","Outmaneuver"],"picked":"Blade Dance","floor":14},{"not_picked":["Envenom","Venomology","Die Die Die"],"picked":"A Thousand Cuts","floor":16},{"not_picked":["PiercingWail","Infinite Blades","Flying Knee"],"picked":"Blade Dance+1","floor":18},{"not_picked":["Leg Sweep","Outmaneuver","Catalyst","Bane"],"picked":"SKIP","floor":23}],"player_experience":1200726,"relics_obtained":[{"floor":9,"key":"Question Card"},{"floor":10,"key":"Odd Mushroom"},{"floor":14,"key":"Tiny Chest"},{"floor":20,"key":"Pear"},{"floor":21,"key":"Paper Crane"},{"floor":23,"key":"Pantograph"}],"event_choices":[{"cards_removed":["Strike_G"],"damage_healed":0,"gold_gain":0,"player_choice":"Card Removal","damage_taken":7,"max_hp_gain":0,"max_hp_loss":0,"event_name":"Golden Wing","floor":4,"gold_loss":0},{"damage_healed":0,"gold_gain":0,"player_choice":"Box","damage_taken":0,"relics_obtained":["Smiling Mask"],"max_hp_gain":0,"max_hp_loss":0,"event_name":"Big Fish","floor":5,"gold_loss":0,"cards_obtained":["Regret"]},{"damage_healed":0,"gold_gain":0,"player_choice":"Fought Mushrooms","damage_taken":0,"max_hp_gain":0,"max_hp_loss":0,"event_name":"Mushrooms","floor":10,"gold_loss":0},{"cards_removed":["Strike_G"],"damage_healed":0,"gold_gain":0,"player_choice":"Gave Gold","damage_taken":0,"max_hp_gain":0,"max_hp_loss":0,"event_name":"Beggar","floor":22,"gold_loss":75}],"is_beta":false,"boss_relics":[{"not_picked":["HoveringKite","Fusion Hammer"],"picked":"Tiny House"}],"items_purged_floors":[7,13],"is_endless":false,"potions_floor_spawned":[2,10,16,23],"killed_by":"Book of Stabbing","ascension_level":20}