{"gold_per_floor":[117,42,56,56,66,66,81,156,209,209,119,151,151,166,166,244,244,144,0,0,10,27,27],"floor_reached":23,"playtime":620,"items_purged":[],"score":378,"play_id":"8792e785-3e3e-4fc5-b79e-1332d0e8eca3","local_time":"20190228112623","is_ascension_mode":true,"campfire_choices":[{"data":"Choke","floor":6.0,"key":"SMITH"},{"data":"Blade Dance","floor":10.0,"key":"SMITH"},{"data":"Wraith Form v2","floor":13.0,"key":"SMITH"},{"floor":15.0,"key":"REST"}],"neow_cost":"NONE","seed_source_timestamp":210598772300700,"circlet_count":0,"master_deck":["AscendersBane","Defend_G","Defend_G","Defend_G","Defend_G","Defend_G","Strike_G","Strike_G","Strike_G+1","Strike_G","Survivor","Neutralize","Choke+1","Backstab","Heel Hook+1","Blade Dance+1","Accuracy","Wraith Form v2+1","Slice","Corpse Explosion","Acrobatics+1"],"special_seed":0,"relics":["Ring of the Snake","NeowsBlessing","FaceOfCleric","Whetstone","Orichalcum","Snecko Eye","MutagenicStrength"],"potions_floor_usage":[],"damage_taken":[{"damage":0.0,"enemies":"Small Slimes","floor":1.0,"turns":1.0},{"damage":0.0,"enemies":"2 Louse","floor":3.0,"turns":1.0},{"damage":0.0,"enemies":"Cultist","floor":5.0,"turns":1.0},{"damage":0.0,"enemies":"3 Louse","floor":7.0,"turns":2.0},{"damage":32.0,"enemies":"Gremlin Nob","floor":12.0,"turns":4.0},{"damage":0.0,"enemies":"2 Fungi Beasts","floor":14.0,"turns":3.0},{"damage":25.0,"enemies":"Slime Boss","floor":16.0,"turns":4.0},{"damage":23.0,"enemies":"2 Thieves","floor":18.0,"turns":5.0},{"damage":6,"enemies":"3 Byrds","floor":21,"turns":3},{"damage":1,"enemies":"Snake Plant","floor":22,"turns":4},{"damage":42,"enemies":"Gremlin Leader","floor":23,"turns":4}],"seed_played":"-1337839036529348585","potions_obtained":[{"floor":5.0,"key":"Energy Potion"},{"floor":12.0,"key":"Ancient Potion"}],"is_trial":false,"path_per_floor":["M","?","M","?","M","R","M","?","T","R","$","E","R","M","R","B",null,"M","?","?","M","M","E"],"character_chosen":"THE_SILENT","items_purchased":["Accuracy"],"campfire_rested":1,"item_purchase_floors":[11],"current_hp_per_floor":[59,59,59,59,60,60,61,50,50,50,50,19,19,20,41,17,58,36,36,36,31,31,0],"gold":27,"neow_bonus":"THREE_ENEMY_KILL","is_prod":false,"is_daily":false,"chose_seed":false,"campfire_upgraded":3,"win_rate":0,"timestamp":1551381983,"path_taken":["M","?","M","?","M","R","?","?","T","R","$","E","R","M","R","BOSS","M","?","?","M","M","E"],"build_version":"2019-01-23","purchased_purges":0,"victory":false,"max_hp_per_floor":[66,66,66,66,67,67,68,68,68,68,68,69,69,70,70,71,71,72,72,72,73,74,74],"card_choices":[{"not_picked":["Blade Dance","Deadly Poison"],"picked":"Choke","floor":1.0},{"not_picked":["Flying Knee","Deflect"],"picked":"Backstab","floor":3.0},{"not_picked":["Concentrate","Deadly Poison"],"picked":"Heel Hook","floor":5.0},{"not_picked":["Skewer","Deflect"],"picked":"Blade Dance","floor":7.0},{"not_picked":["Outmaneuver","Poisoned Stab"],"picked":"Wraith Form v2","floor":12.0},{"not_picked":["PiercingWail","Dodge and Roll"],"picked":"Slice","floor":14.0},{"not_picked":["Doppelganger","Glass Knife"],"picked":"Corpse Explosion","floor":16.0},{"not_picked":["Dagger Throw","Tactician","Bane+1"],"picked":"SKIP","floor":18.0},{"not_picked":["PiercingWail","Cloak And Dagger"],"picked":"Acrobatics+1","floor":21},{"not_picked":["Terror","Distraction","Masterful Stab"],"picked":"SKIP","floor":22}],"player_experience":1217574,"relics_obtained":[{"floor":9.0,"key":"Whetstone"},{"floor":12.0,"key":"Orichalcum"}],"event_choices":[{"cards_removed":["Strike_G"],"damage_healed":0.0,"max_hp_gain":0.0,"max_hp_loss":0.0,"gold_gain":0.0,"event_name":"The Cleric","player_choice":"Card Removal","floor":2.0,"gold_loss":75.0,"damage_taken":0.0},{"damage_healed":0.0,"max_hp_gain":0.0,"max_hp_loss":0.0,"gold_gain":0.0,"event_name":"FaceTrader","player_choice":"Trade","floor":4.0,"gold_loss":0.0,"damage_taken":0.0,"relics_obtained":["FaceOfCleric"]},{"damage_healed":0.0,"max_hp_gain":0.0,"max_hp_loss":0.0,"gold_gain":75.0,"event_name":"World of Goop","player_choice":"Gather Gold","floor":8.0,"gold_loss":0.0,"damage_taken":11.0},{"damage_healed":0.0,"max_hp_gain":0.0,"max_hp_loss":0.0,"gold_gain":0.0,"event_name":"Masked Bandits","player_choice":"Paid Fearfully","floor":19.0,"gold_loss":144.0,"damage_taken":0.0},{"damage_healed":0.0,"max_hp_gain":0.0,"max_hp_loss":0.0,"gold_gain":0.0,"event_name":"Drug Dealer","player_choice":"Inject Mutagens","floor":20.0,"gold_loss":0.0,"damage_taken":0.0,"relics_obtained":["MutagenicStrength"]}],"is_beta":false,"boss_relics":[{"not_picked":["Pandora\u0027s Box","Velvet Choker"],"picked":"Snecko Eye"}],"items_purged_floors":[],"is_endless":false,"potions_floor_spawned":[5,12,14,16,22],"killed_by":"Gremlin Leader","ascension_level":20}