{"gold_per_floor":[109,125,75,55,66,66,125,125,125,125,67,79,90,119,119,197,197,215,215,215,75,89,89,89,39,39,59,59],"floor_reached":28,"playtime":814,"items_purged":[],"score":432,"play_id":"68f844e8-d045-4c6e-b7a4-fc5debbb7ddc","local_time":"20190605002502","is_ascension_mode":true,"campfire_choices":[{"data":"Neutralize","floor":6,"key":"SMITH"},{"floor":8,"key":"REST"},{"data":"A Thousand Cuts","floor":15,"key":"SMITH"},{"floor":23,"key":"REST"}],"neow_cost":"NONE","seed_source_timestamp":3326642902355777,"circlet_count":0,"master_deck":["AscendersBane","Defend_G+1","Defend_G+1","Defend_G+1","Defend_G+1","Defend_G+1","Strike_G+1","Strike_G+1","Strike_G+1","Strike_G+1","Strike_G+1","Survivor","Neutralize+1","Skewer","Dagger Throw+1","Flying Knee","Blur","Poisoned Stab","Bouncing Flask","A Thousand Cuts+1","After Image","Acrobatics","Cloak And Dagger+1","Infinite Blades","Cloak And Dagger","Dagger Spray"],"relics":["Ring of the Snake","NeowsBlessing","Art of War","Tingsha","Darkstone Periapt","HoveringKite","Mummified Hand"],"potions_floor_usage":[14,14,16,28,28],"damage_taken":[{"damage":0,"enemies":"Cultist","floor":1,"turns":1},{"damage":0,"enemies":"Small Slimes","floor":2,"turns":1},{"damage":0,"enemies":"Jaw Worm","floor":5,"turns":1},{"damage":40,"enemies":"3 Sentries","floor":7,"turns":13},{"damage":0,"enemies":"Blue Slaver","floor":12,"turns":3},{"damage":1,"enemies":"3 Louse","floor":13,"turns":4},{"damage":3,"enemies":"Gremlin Nob","floor":14,"turns":3},{"damage":26,"enemies":"Slime Boss","floor":16,"turns":10},{"damage":21,"enemies":"Spheric Guardian","floor":18,"turns":5},{"damage":8,"enemies":"3 Byrds","floor":22,"turns":3},{"damage":7,"enemies":"Sentry and Sphere","floor":27,"turns":5},{"damage":54,"enemies":"Book of Stabbing","floor":28,"turns":5}],"seed_played":"-3467252259499211511","potions_obtained":[{"floor":2,"key":"Fire Potion"},{"floor":4,"key":"Swift Potion"},{"floor":13,"key":"Fire Potion"},{"floor":14,"key":"GhostInAJar"},{"floor":18,"key":"Regen Potion"},{"floor":27,"key":"SteroidPotion"}],"is_trial":false,"path_per_floor":["M","M","$","?","M","R","?","R","T","?","$","M","M","E","R","B",null,"M","?","?","$","M","R","$","?","T","M","E"],"character_chosen":"THE_SILENT","items_purchased":["Flying Knee","Poisoned Stab","Cloak And Dagger","Infinite Blades"],"campfire_rested":2,"item_purchase_floors":[3,11,21,21],"current_hp_per_floor":[59,59,59,59,59,59,19,38,38,38,38,38,37,34,34,8,52,31,31,31,31,23,42,42,42,42,35,0],"gold":59,"neow_bonus":"THREE_ENEMY_KILL","is_prod":false,"is_daily":false,"chose_seed":false,"campfire_upgraded":2,"win_rate":0,"timestamp":1559708702,"path_taken":["M","?","$","?","?","R","?","R","T","?","?","M","M","E","R","BOSS","M","?","?","$","M","R","$","?","T","M","E"],"build_version":"2019-01-23","purchased_purges":0,"victory":false,"max_hp_per_floor":[66,66,66,66,66,66,66,66,66,66,66,66,66,66,66,66,66,66,66,66,66,66,66,66,66,66,66,66],"card_choices":[{"not_picked":["Flying Knee","Poisoned Stab"],"picked":"Skewer","floor":1},{"not_picked":["Outmaneuver","Endless Agony"],"picked":"Dagger Throw","floor":2},{"not_picked":["Prepared","Deflect","Underhanded Strike"],"picked":"SKIP","floor":5},{"not_picked":["Backflip","Well Laid Plans"],"picked":"Blur","floor":7},{"not_picked":["Dagger Spray","Flechettes"],"picked":"Bouncing Flask","floor":12},{"not_picked":["Deadly Poison","Slice","Bane"],"picked":"SKIP","floor":13},{"not_picked":["Setup","Accuracy"],"picked":"A Thousand Cuts","floor":14},{"not_picked":["Wraith Form v2","Bullet Time"],"picked":"After Image","floor":16},{"not_picked":["Expertise","Riddle With Holes"],"picked":"Acrobatics","floor":18},{"not_picked":["PiercingWail","Backflip"],"picked":"Cloak And Dagger","floor":22},{"not_picked":["Flying Knee","Sucker Punch"],"picked":"Dagger Spray","floor":27}],"player_experience":725853,"relics_obtained":[{"floor":7,"key":"Art of War"},{"floor":9,"key":"Tingsha"},{"floor":14,"key":"Darkstone Periapt"},{"floor":26,"key":"Mummified Hand"}],"event_choices":[{"damage_healed":0,"gold_gain":0,"player_choice":"Bought 1 Potion","damage_taken":0,"max_hp_gain":0,"max_hp_loss":0,"event_name":"The Woman in Blue","floor":4,"gold_loss":0},{"damage_healed":0,"gold_gain":30,"player_choice":"Searched \u00272\u0027 times","damage_taken":0,"max_hp_gain":0,"max_hp_loss":0,"event_name":"Dead Adventurer","floor":7,"gold_loss":0},{"damage_healed":0,"gold_gain":0,"player_choice":"Ignored","damage_taken":0,"max_hp_gain":0,"max_hp_loss":0,"event_name":"Shining Light","floor":10,"gold_loss":0},{"damage_healed":0,"gold_gain":0,"player_choice":"Ignored","damage_taken":0,"max_hp_gain":0,"max_hp_loss":0,"event_name":"Cursed Tome","floor":19,"gold_loss":0},{"damage_healed":0,"gold_gain":0,"player_choice":"Simplicity","damage_taken":0,"max_hp_gain":0,"max_hp_loss":0,"event_name":"Back to Basics","floor":20,"gold_loss":0,"cards_upgraded":["Defend_G","Defend_G","Defend_G","Defend_G","Defend_G","Strike_G","Strike_G","Strike_G","Strike_G","Strike_G"]},{"damage_healed":0,"gold_gain":0,"player_choice":"Upgraded Two","damage_taken":0,"max_hp_gain":0,"max_hp_loss":0,"event_name":"Designer","floor":25,"gold_loss":50,"cards_upgraded":["Dagger Throw","Cloak And Dagger"]}],"is_beta":false,"boss_relics":[{"not_picked":["Black Star","Sozu"],"picked":"HoveringKite"}],"items_purged_floors":[],"is_endless":false,"potions_floor_spawned":[2,7,13,14,18,27],"killed_by":"Book of Stabbing","ascension_level":20}