{"gold_per_floor":[109,22,35,35,35,35,70,70,70,85,114,134,168,54,54,129,129,141,10,10,10,10,24,52,52,78,78,107,122,22,33,33,109,109,127,2,2,17,0,60,60,77,100,100,100,100,100,17,17,17],"floor_reached":50,"playtime":1908,"items_purged":["Doubt","Regret","Regret"],"score":1144,"play_id":"a0c561a7-0826-4dea-9f96-6448e6a58d13","local_time":"20190708074337","is_ascension_mode":true,"campfire_choices":[{"data":"Creative AI","floor":6.0,"key":"SMITH"},{"floor":8.0,"key":"REST"},{"floor":15.0,"key":"REST"},{"floor":25.0,"key":"REST"},{"floor":27.0,"key":"REST"},{"data":"Zap","floor":32.0,"key":"SMITH"},{"floor":44.0,"key":"REST"},{"floor":46.0,"key":"REST"},{"floor":49.0,"key":"RECALL"}],"neow_cost":"CURSE","seed_source_timestamp":2094516604517800,"circlet_count":0,"master_deck":["AscendersBane","Strike_B","Strike_B","Strike_B","Defend_B","Defend_B","Defend_B","Defend_B","Zap","Dualcast+1","Beam Cell","Sunder+1","Ball Lightning","Creative AI+1","Zap+1","Leap","White Noise+1","Conserve Battery","Leap","Storm+1","Creative AI+1","Leap","Biased Cognition+1","White Noise+1","Heatsinks+1","Leap+1","Conserve Battery+1","Chaos+1","Reboot+1","Self Repair+1","Defragment+1","Self Repair+1","Clumsy","Regret","Storm+1"],"special_seed":0,"relics":["Cracked Core","Bird Faced Urn","Frozen Egg 2","Centennial Puzzle","Matryoshka","Juzu Bracelet","Cursed Key","Bottled Tornado","War Paint","Toxic Egg 2","Darkstone Periapt","PreservedInsect","Bottled Lightning","Snecko Eye","Red Mask","Tiny Chest","Torii"],"potions_floor_usage":[50],"damage_taken":[{"damage":10.0,"enemies":"Small Slimes","floor":1.0,"turns":3.0},{"damage":1.0,"enemies":"Cultist","floor":3.0,"turns":3.0},{"damage":35.0,"enemies":"Lagavulin","floor":7.0,"turns":6.0},{"damage":7.0,"enemies":"Jaw Worm","floor":10.0,"turns":3.0},{"damage":8.0,"enemies":"Gremlin Nob","floor":11.0,"turns":3.0},{"damage":20.0,"enemies":"Lots of Slimes","floor":12.0,"turns":3.0},{"damage":0.0,"enemies":"Lagavulin","floor":13.0,"turns":7.0},{"damage":52.0,"enemies":"The Guardian","floor":16.0,"turns":9.0},{"damage":33.0,"enemies":"Spheric Guardian","floor":18.0,"turns":4.0},{"damage":26.0,"enemies":"Shell Parasite","floor":23.0,"turns":4.0},{"damage":33.0,"enemies":"Slavers","floor":24.0,"turns":3.0},{"damage":20.0,"enemies":"Book of Stabbing","floor":28.0,"turns":4.0},{"damage":20.0,"enemies":"Snake Plant","floor":29.0,"turns":3.0},{"damage":8.0,"enemies":"Centurion and Healer","floor":31.0,"turns":4.0},{"damage":29.0,"enemies":"Champ","floor":33.0,"turns":7.0},{"damage":55.0,"enemies":"3 Darklings","floor":35.0,"turns":4.0},{"damage":20.0,"enemies":"3 Shapes","floor":38.0,"turns":4.0},{"damage":54.0,"enemies":"Nemesis","floor":40.0,"turns":5.0},{"damage":36.0,"enemies":"Spire Growth","floor":42.0,"turns":4.0},{"damage":92,"enemies":"Awakened One","floor":50,"turns":3}],"seed_played":"-3732345212637903200","potions_obtained":[{"floor":3.0,"key":"SkillPotion"},{"floor":10.0,"key":"Block Potion"},{"floor":11.0,"key":"AttackPotion"},{"floor":23.0,"key":"Ancient Potion"},{"floor":29.0,"key":"Fire Potion"},{"floor":31.0,"key":"SkillPotion"},{"floor":35.0,"key":"FocusPotion"},{"floor":40.0,"key":"FairyPotion"}],"is_trial":false,"path_per_floor":["M","$","M","?","?","R","E","R","T","M","E","M","E","$","R","B",null,"M","$","T","?","?","M","E","R","T","R","E","M","$","M","R","B",null,"M","$","?","M","?","E","?","M","T","R","?","R","T","$","R","B"],"character_chosen":"DEFECT","items_purchased":["Sunder","Storm+1","Biased Cognition+1","Block Potion","Storm+1"],"campfire_rested":6,"item_purchase_floors":[2,14,19,19,48],"current_hp_per_floor":[54,54,53,53,53,53,34,55,55,48,42,24,34,34,55,29,61,44,44,44,44,44,30,15,36,36,57,59,53,53,63,63,64,69,32,32,32,46,46,24,24,6,12,35,35,56,62,62,62,0],"gold":17,"neow_bonus":"ONE_RARE_RELIC","is_prod":false,"is_daily":false,"chose_seed":false,"campfire_upgraded":2,"win_rate":0,"timestamp":1562597017,"path_taken":["M","$","M","?","?","R","E","R","T","?","E","M","E","$","R","BOSS","M","$","?","?","?","M","E","R","T","R","E","M","$","M","R","BOSS","M","$","?","M","?","E","?","M","T","R","?","R","?","$","R","BOSS"],"build_version":"2019-07-05","purchased_purges":3,"victory":false,"max_hp_per_floor":[71,71,71,71,71,71,71,71,71,71,71,71,71,71,71,71,71,71,71,71,71,71,71,71,71,71,71,71,71,71,71,71,71,71,71,71,71,71,71,71,71,71,77,77,73,73,79,79,79,79],"card_choices":[{"not_picked":["Stack","Gash"],"picked":"Beam Cell","floor":1.0},{"not_picked":["Hologram","Aggregate"],"picked":"Ball Lightning","floor":3.0},{"not_picked":["Tempest","Steam"],"picked":"Leap","floor":7.0},{"not_picked":["Force Field","Streamline"],"picked":"White Noise","floor":10.0},{"not_picked":["Streamline","Cold Snap"],"picked":"Conserve Battery","floor":11.0},{"not_picked":["Steam","Undo","Rebound"],"picked":"SKIP","floor":12.0},{"not_picked":["Steam Power","Cold Snap"],"picked":"Leap","floor":13.0},{"not_picked":["Machine Learning+1","Fission"],"picked":"Creative AI+1","floor":16.0},{"not_picked":["Ball Lightning","Sweeping Beam"],"picked":"Leap","floor":18.0},{"not_picked":["Skim","Reprogram"],"picked":"Heatsinks+1","floor":23.0},{"not_picked":["Reinforced Body","Scrape"],"picked":"Leap","floor":24.0},{"not_picked":["Redo+1","Compile Driver"],"picked":"Conserve Battery+1","floor":28.0},{"not_picked":["Rebound","Cold Snap","Sweeping Beam+1"],"picked":"SKIP","floor":29.0},{"not_picked":["Rebound","Cold Snap","Sweeping Beam+1"],"picked":"SKIP","floor":29.0},{"not_picked":["Go for the Eyes","Undo+1"],"picked":"Chaos+1","floor":31.0},{"not_picked":["Hyperbeam","Meteor Strike"],"picked":"Reboot+1","floor":33.0},{"not_picked":["Consume+1","Steam+1"],"picked":"Self Repair+1","floor":35.0},{"not_picked":["Recycle+1","Cold Snap","Gash"],"picked":"SKIP","floor":38.0},{"not_picked":["Lockon","Conserve Battery+1"],"picked":"Defragment+1","floor":40.0},{"not_picked":["Capacitor+1","Rip and Tear"],"picked":"Self Repair+1","floor":42.0}],"player_experience":1233740,"relics_obtained":[{"floor":7.0,"key":"Frozen Egg 2"},{"floor":9.0,"key":"Centennial Puzzle"},{"floor":11.0,"key":"Matryoshka"},{"floor":13.0,"key":"Juzu Bracelet"},{"floor":20.0,"key":"Bottled Tornado"},{"floor":20.0,"key":"War Paint"},{"floor":24.0,"key":"Toxic Egg 2"},{"floor":26.0,"key":"Darkstone Periapt"},{"floor":26.0,"key":"PreservedInsect"},{"floor":28.0,"key":"Bottled Lightning"},{"floor":40.0,"key":"Tiny Chest"},{"floor":47.0,"key":"Torii"}],"event_choices":[{"damage_healed":0.0,"max_hp_gain":0.0,"max_hp_loss":0.0,"gold_gain":0.0,"event_name":"Living Wall","player_choice":"Grow","floor":4.0,"gold_loss":0.0,"damage_taken":0.0,"cards_upgraded":["Sunder"]},{"damage_healed":0.0,"max_hp_gain":0.0,"max_hp_loss":0.0,"gold_gain":0.0,"event_name":"Match and Keep!","player_choice":"2 cards matched","floor":5.0,"gold_loss":0.0,"damage_taken":0.0,"cards_obtained":["Creative AI","Zap"]},{"damage_healed":0.0,"max_hp_gain":0.0,"max_hp_loss":0.0,"gold_gain":0.0,"event_name":"Duplicator","player_choice":"Copied","floor":21.0,"gold_loss":0.0,"damage_taken":0.0,"cards_obtained":["White Noise"]},{"damage_healed":0.0,"max_hp_gain":0.0,"max_hp_loss":0.0,"gold_gain":0.0,"event_name":"Vampires","player_choice":"Ignored","floor":22.0,"gold_loss":0.0,"damage_taken":0.0},{"damage_healed":0.0,"max_hp_gain":0.0,"max_hp_loss":0.0,"gold_gain":0.0,"event_name":"The Moai Head","player_choice":"Ignored","floor":37.0,"gold_loss":0.0,"damage_taken":0.0},{"damage_healed":0.0,"max_hp_gain":0.0,"max_hp_loss":0.0,"gold_gain":0.0,"event_name":"Tomb of Lord Red Mask","player_choice":"Paid","floor":39.0,"gold_loss":17.0,"damage_taken":0.0,"relics_obtained":["Red Mask"]},{"cards_removed":["Strike_B"],"damage_healed":0.0,"max_hp_gain":0.0,"max_hp_loss":0.0,"gold_gain":0.0,"event_name":"Falling","player_choice":"Removed Attack","floor":41.0,"gold_loss":0.0,"damage_taken":0.0},{"damage_healed":0.0,"max_hp_gain":0.0,"max_hp_loss":4.0,"gold_gain":0.0,"event_name":"Winding Halls","player_choice":"Max HP","floor":45.0,"gold_loss":0.0,"damage_taken":0.0}],"is_beta":false,"boss_relics":[{"not_picked":["Tiny House","Inserter"],"picked":"Cursed Key"},{"not_picked":["Runic Pyramid","Fusion Hammer"],"picked":"Snecko Eye"}],"items_purged_floors":[14,30,36],"is_endless":false,"potions_floor_spawned":[3,10,11,12,13,23,29,31,33,35,40],"killed_by":"Awakened One","ascension_level":20}