{"gold_per_floor":[112,112,112,125,137,137,152,152],"floor_reached":8,"playtime":201,"items_purged":[],"score":196,"play_id":"2160d82b-dfe6-4e45-b659-ca77adb5ed0f","local_time":"20190628173527","is_ascension_mode":true,"campfire_choices":[{"floor":6,"key":"DIG"}],"neow_cost":"NONE","seed_source_timestamp":5375874076743696,"circlet_count":0,"master_deck":["AscendersBane","Defend_G","Defend_G","Defend_G","Defend_G","Defend_G","Strike_G","Strike_G","Strike_G","Strike_G","Strike_G","Survivor","Neutralize","Pain","Doubt","Injury","Poisoned Stab","Pain","Backflip","Bouncing Flask"],"relics":["Calling Bell","Boot","Sundial","Shovel","WarpedTongs","Tough Bandages"],"potions_floor_usage":[],"damage_taken":[{"damage":2,"enemies":"2 Louse","floor":1,"turns":2},{"damage":2,"enemies":"Cultist","floor":4,"turns":5},{"damage":6,"enemies":"Small Slimes","floor":5,"turns":5},{"damage":24,"enemies":"2 Fungi Beasts","floor":7,"turns":4},{"damage":0,"enemies":"Lagavulin","floor":8,"turns":1}],"seed_played":"3861871091148565830","potions_obtained":[{"floor":5,"key":"Explosive Potion"},{"floor":7,"key":"SteroidPotion"}],"is_trial":false,"path_per_floor":["M","?","$","M","M","R","M","E"],"character_chosen":"THE_SILENT","items_purchased":[],"campfire_rested":0,"item_purchase_floors":[],"current_hp_per_floor":[57,57,57,55,49,49,25,25],"gold":152,"neow_bonus":"BOSS_RELIC","is_prod":false,"is_daily":false,"chose_seed":false,"campfire_upgraded":0,"win_rate":0,"timestamp":1561757727,"path_taken":["M","?","$","?","M","R","M","E"],"build_version":"2019-01-23","purchased_purges":0,"victory":false,"max_hp_per_floor":[66,66,66,66,66,66,66,66],"card_choices":[{"not_picked":["Outmaneuver","Backflip"],"picked":"Poisoned Stab","floor":1},{"not_picked":["Calculated Gamble","Blur"],"picked":"Backflip","floor":4},{"not_picked":["Slice","Setup"],"picked":"Bouncing Flask","floor":5},{"not_picked":["Quick Slash","Slice","Setup"],"picked":"SKIP","floor":7}],"player_experience":802084,"relics_obtained":[{"floor":0,"key":"Boot"},{"floor":0,"key":"Sundial"},{"floor":0,"key":"Shovel"},{"floor":6,"key":"Tough Bandages"}],"event_choices":[{"damage_healed":0,"gold_gain":0,"player_choice":"Rummage","damage_taken":0,"relics_obtained":["WarpedTongs"],"max_hp_gain":0,"max_hp_loss":0,"event_name":"Accursed Blacksmith","floor":2,"gold_loss":0,"cards_obtained":["Pain"]}],"is_beta":false,"boss_relics":[],"items_purged_floors":[],"is_endless":false,"potions_floor_spawned":[5,7],"killed_by":"Lagavulin","ascension_level":20}