{"gold_per_floor":[117,192,367,317,50,50,77,93,143,172,172,182,63,82,82,154,154,174,99,116,16,32,32,60,79,79,79,79,94,111,128,128,128],"floor_reached":33,"playtime":698,"items_purged":["Doubt","Strike_R"],"score":471,"play_id":"134d0621-ebe4-430e-ae59-6cb43f038464","local_time":"20190122202923","is_ascension_mode":true,"campfire_choices":[{"data":"Whirlwind","floor":6.0,"key":"SMITH"},{"data":"Inflame","floor":15.0,"key":"SMITH"},{"floor":23,"key":"REST"},{"data":"Double Tap","floor":27,"key":"SMITH"},{"data":"Anger","floor":32,"key":"SMITH"}],"neow_cost":"NONE","seed_source_timestamp":0,"circlet_count":0,"master_deck":["AscendersBane","Strike_R","Strike_R+1","Defend_R","Defend_R","Defend_R","Defend_R+1","Bash","Headbutt","Whirlwind+1","Impervious","Rampage","Shrug It Off","Inflame+1","Sword Boomerang","Double Tap+1","Anger+1","Rupture"],"special_seed":0,"relics":["Burning Blood","Chemical X","Pen Nib","PreservedInsect","Gremlin Horn","Busted Crown","Mercury Hourglass","Ornamental Fan"],"potions_floor_usage":[22],"damage_taken":[{"damage":16.0,"enemies":"2 Louse","floor":1.0,"turns":3.0},{"damage":10.0,"enemies":"3 Sentries","floor":7.0,"turns":3.0},{"damage":0.0,"enemies":"Small Slimes","floor":8.0,"turns":1.0},{"damage":13.0,"enemies":"Gremlin Nob","floor":10.0,"turns":3.0},{"damage":2.0,"enemies":"Jaw Worm","floor":12.0,"turns":3.0},{"damage":0.0,"enemies":"Large Slime","floor":14.0,"turns":3.0},{"damage":26.0,"enemies":"The Guardian","floor":16.0,"turns":11.0},{"damage":22.0,"enemies":"2 Thieves","floor":18.0,"turns":2.0},{"damage":12.0,"enemies":"Chosen","floor":20.0,"turns":3.0},{"damage":0,"enemies":"Snake Plant","floor":22,"turns":2},{"damage":20,"enemies":"Slavers","floor":24,"turns":2},{"damage":14,"enemies":"Centurion and Healer","floor":25,"turns":2},{"damage":7,"enemies":"Cultist and Chosen","floor":29,"turns":4},{"damage":0,"enemies":"Chosen and Byrds","floor":30,"turns":3},{"damage":0,"enemies":"Centurion and Healer","floor":31,"turns":2},{"damage":63,"enemies":"Automaton","floor":33,"turns":6}],"seed_played":"3751061838510955209","potions_obtained":[{"floor":1.0,"key":"Swift Potion"},{"floor":10.0,"key":"SkillPotion"},{"floor":14.0,"key":"BloodPotion"},{"floor":18.0,"key":"AttackPotion"},{"floor":29,"key":"Weak Potion"}],"is_trial":false,"path_per_floor":["M","?","?","?","$","R","E","M","T","E","?","M","$","M","R","B",null,"M","?","M","$","M","R","E","M","T","R","?","M","M","M","R","B"],"character_chosen":"IRONCLAD","items_purchased":["Chemical X","Shrug It Off","Inflame"],"campfire_rested":1,"item_purchase_floors":[5,13,13],"current_hp_per_floor":[58,47,47,47,47,47,43,49,49,42,27,31,31,37,37,24,62,46,46,40,40,46,68,54,46,46,46,46,45,51,57,57,0],"gold":128,"neow_bonus":"THREE_CARDS","is_prod":false,"is_daily":false,"chose_seed":false,"campfire_upgraded":4,"win_rate":0,"timestamp":1548206963,"path_taken":["M","?","?","?","$","R","E","M","T","E","?","M","?","?","R","BOSS","M","?","M","$","M","R","E","M","T","R","?","M","M","M","R","BOSS"],"build_version":"2019-01-17v2","purchased_purges":2,"victory":false,"max_hp_per_floor":[75,75,75,75,75,75,75,75,75,75,75,75,75,75,75,75,75,75,75,75,75,75,75,75,75,75,75,75,75,75,75,75,75],"card_choices":[{"not_picked":["Thunderclap","Corruption"],"picked":"Headbutt","floor":0.0},{"not_picked":["Intimidate","Dual Wield"],"picked":"Whirlwind","floor":1.0},{"not_picked":["Brutality","Fire Breathing","Headbutt"],"picked":"SKIP","floor":7.0},{"not_picked":["Hemokinesis","Corruption","Havoc"],"picked":"SKIP","floor":8.0},{"not_picked":["Reckless Charge","Warcry"],"picked":"Impervious","floor":10.0},{"not_picked":["Havoc","Body Slam"],"picked":"Rampage","floor":12.0},{"not_picked":["Clash","Warcry"],"picked":"Sword Boomerang","floor":14.0},{"not_picked":["Immolate","Demon Form"],"picked":"Double Tap","floor":16.0},{"not_picked":[],"picked":"Anger","floor":18.0},{"not_picked":["Warcry"],"picked":"SKIP","floor":20.0},{"not_picked":["Dual Wield"],"picked":"SKIP","floor":22},{"not_picked":["Havoc+1"],"picked":"SKIP","floor":24},{"not_picked":["Rupture"],"picked":"SKIP","floor":25},{"not_picked":[],"picked":"Rupture","floor":25},{"not_picked":["Anger"],"picked":"SKIP","floor":29},{"not_picked":["Ghostly Armor"],"picked":"SKIP","floor":30},{"not_picked":["Searing Blow"],"picked":"SKIP","floor":31}],"player_experience":558325,"relics_obtained":[{"floor":7.0,"key":"Pen Nib"},{"floor":9.0,"key":"PreservedInsect"},{"floor":10.0,"key":"Gremlin Horn"},{"floor":24,"key":"Mercury Hourglass"},{"floor":26,"key":"Ornamental Fan"}],"event_choices":[{"damage_healed":0.0,"max_hp_gain":0.0,"max_hp_loss":0.0,"gold_gain":75.0,"event_name":"World of Goop","player_choice":"Gather Gold","floor":2.0,"gold_loss":0.0,"damage_taken":11.0},{"damage_healed":0.0,"max_hp_gain":0.0,"max_hp_loss":0.0,"gold_gain":175.0,"event_name":"Liars Game","player_choice":"AGREE","floor":3.0,"gold_loss":0.0,"damage_taken":0.0,"cards_obtained":["Doubt"]},{"cards_removed":["Strike_R"],"damage_healed":0.0,"max_hp_gain":0.0,"max_hp_loss":0.0,"gold_gain":0.0,"event_name":"The Cleric","player_choice":"Card Removal","floor":4.0,"gold_loss":50.0,"damage_taken":0.0},{"damage_healed":0.0,"max_hp_gain":0.0,"max_hp_loss":0.0,"gold_gain":0.0,"event_name":"Shining Light","player_choice":"Entered Light","floor":11.0,"gold_loss":0.0,"damage_taken":15.0,"cards_upgraded":["Defend_R","Strike_R"]},{"cards_removed":["Strike_R"],"damage_healed":0.0,"max_hp_gain":0.0,"max_hp_loss":0.0,"gold_gain":0.0,"event_name":"Beggar","player_choice":"Gave Gold","floor":19.0,"gold_loss":75.0,"damage_taken":0.0}],"is_beta":false,"boss_relics":[{"not_picked":["Pandora\u0027s Box","Coffee Dripper"],"picked":"Busted Crown"}],"items_purged_floors":[5,21],"is_endless":false,"potions_floor_spawned":[1,10,14,18,29],"killed_by":"Automaton","ascension_level":14}