{"gold_per_floor":[17,35,35,35,49,49,90,106,179,179,198,198,43,43,43,139,139,164,164,164,54,69,69],"floor_reached":23,"playtime":681,"items_purged":[],"score":378,"play_id":"587f4d82-f0f9-401d-a51e-9ba1cfcd90f5","local_time":"20190626000922","is_ascension_mode":true,"campfire_choices":[{"data":"Bash","floor":6,"key":"SMITH"},{"floor":10,"key":"DIG"},{"floor":15,"key":"DIG"}],"neow_cost":"NO_GOLD","seed_source_timestamp":5139830554561624,"circlet_count":0,"master_deck":["AscendersBane","Strike_R","Strike_R","Strike_R","Strike_R","Defend_R","Defend_R","Defend_R","Defend_R+1","Bash+1","Entrench","Perfected Strike","Anger","Twin Strike","Rampage","Combust","Barricade","Flame Barrier","Perfected Strike"],"special_seed":0,"relics":["Burning Blood","Golden Idol","Shovel","Mummified Hand","Regal Pillow","Bag of Marbles","Thread and Needle","Snecko Eye"],"potions_floor_usage":[7,23],"damage_taken":[{"damage":13.0,"enemies":"Cultist","floor":1.0,"turns":5.0},{"damage":4.0,"enemies":"2 Louse","floor":2.0,"turns":5.0},{"damage":9,"enemies":"Jaw Worm","floor":5,"turns":4},{"damage":40,"enemies":"3 Sentries","floor":7,"turns":7},{"damage":7,"enemies":"Looter","floor":8,"turns":4},{"damage":14,"enemies":"Blue Slaver","floor":11,"turns":5},{"damage":27,"enemies":"Slime Boss","floor":16,"turns":9},{"damage":21,"enemies":"3 Byrds","floor":18,"turns":4},{"damage":14,"enemies":"Chosen","floor":22,"turns":4},{"damage":64,"enemies":"Slavers","floor":23,"turns":6}],"seed_played":"-3692074332016759286","potions_obtained":[{"floor":1.0,"key":"PowerPotion"},{"floor":5,"key":"Regen Potion"},{"floor":22,"key":"SteroidPotion"}],"is_trial":false,"path_per_floor":["M","M","?","?","M","R","E","M","T","R","M","?","$","?","R","B",null,"M","$","?","?","M","E"],"character_chosen":"IRONCLAD","items_purchased":["Rampage","Combust"],"campfire_rested":0,"item_purchase_floors":[13,13],"current_hp_per_floor":[75,77,77,77,74,74,40,39,39,39,31,58,58,53,53,32,69,54,54,54,54,46,0],"gold":69,"neow_bonus":"TWENTY_PERCENT_HP_BONUS","is_prod":false,"is_daily":false,"chose_seed":false,"campfire_upgraded":1,"win_rate":0,"timestamp":1561522162,"path_taken":["M","?","?","?","M","R","E","M","T","R","M","?","?","?","R","BOSS","M","$","?","?","?","E"],"build_version":"2019-01-23","purchased_purges":0,"victory":false,"max_hp_per_floor":[89,89,81,81,81,81,81,81,81,81,81,81,81,81,81,81,81,81,81,81,81,81,81],"card_choices":[{"not_picked":["Flex","Second Wind"],"picked":"Entrench","floor":1.0},{"not_picked":["Clash","Iron Wave"],"picked":"Perfected Strike","floor":2.0},{"not_picked":["Twin Strike","Thunderclap","Bloodletting"],"picked":"SKIP","floor":5},{"not_picked":["Rupture","Iron Wave","Sever Soul"],"picked":"SKIP","floor":7},{"not_picked":["Flex","Disarm"],"picked":"Anger","floor":8},{"not_picked":["Body Slam","Power Through"],"picked":"Twin Strike","floor":11},{"not_picked":["Feed","Limit Break"],"picked":"Barricade","floor":16},{"not_picked":["Evolve","Thunderclap","Carnage"],"picked":"SKIP","floor":18},{"not_picked":["Bloodletting","Anger"],"picked":"Perfected Strike","floor":22}],"player_experience":781174,"relics_obtained":[{"floor":7,"key":"Shovel"},{"floor":9,"key":"Mummified Hand"},{"floor":10,"key":"Regal Pillow"},{"floor":15,"key":"Thread and Needle"}],"event_choices":[{"damage_healed":0.0,"max_hp_gain":0.0,"max_hp_loss":8.0,"gold_gain":0.0,"event_name":"Golden Idol","player_choice":"Lose Max HP","floor":3.0,"gold_loss":0.0,"damage_taken":0.0,"relics_obtained":["Golden Idol"]},{"damage_healed":0,"gold_gain":0,"player_choice":"Ignored","damage_taken":0,"max_hp_gain":0,"max_hp_loss":0,"event_name":"Golden Wing","floor":4,"gold_loss":0},{"damage_healed":27,"gold_gain":0,"player_choice":"Banana","damage_taken":0,"max_hp_gain":0,"max_hp_loss":0,"event_name":"Big Fish","floor":12,"gold_loss":0},{"damage_healed":0,"gold_gain":0,"player_choice":"Success","damage_taken":5,"relics_obtained":["Bag of Marbles"],"max_hp_gain":0,"max_hp_loss":0,"event_name":"Scrap Ooze","floor":14,"gold_loss":0},{"damage_healed":0,"gold_gain":0,"player_choice":"Read","damage_taken":0,"max_hp_gain":0,"max_hp_loss":0,"event_name":"The Library","floor":20,"gold_loss":0,"cards_obtained":["Flame Barrier"]},{"cards_removed":["Strike_R"],"damage_healed":0,"gold_gain":0,"player_choice":"Upgrade and Remove","damage_taken":0,"max_hp_gain":0,"max_hp_loss":0,"event_name":"Designer","floor":21,"gold_loss":110,"cards_upgraded":["Defend_R"]}],"is_beta":false,"boss_relics":[{"not_picked":["Busted Crown","Black Blood"],"picked":"Snecko Eye"}],"items_purged_floors":[],"is_endless":false,"potions_floor_spawned":[1,5,22],"killed_by":"Slavers","ascension_level":20}