{"gold_per_floor":[110,110,122,132,132,165,165,39,90,110,110,10,37,48,48,48],"floor_reached":16,"playtime":446,"items_purged":["Strike_R","Strike_R"],"score":220,"play_id":"b0bcc7c6-2cc8-4c86-9376-debecff62ddc","local_time":"20190611094744","is_ascension_mode":true,"campfire_choices":[{"data":"Uppercut","floor":7.0,"key":"SMITH"},{"data":"Uppercut","floor":11.0,"key":"SMITH"},{"floor":15,"key":"REST"}],"neow_cost":"NONE","seed_source_timestamp":142483085169800,"circlet_count":0,"master_deck":["AscendersBane","Strike_R","Strike_R","Strike_R","Defend_R","Defend_R","Defend_R","Defend_R","Bash","Shrug It Off","Thunderclap","Battle Trance","Uppercut+1","Shrug It Off","Uppercut+1","Seeing Red","Armaments"],"special_seed":0,"relics":["Burning Blood","Paper Frog","Unceasing Top","Regal Pillow","Dodecahedron"],"potions_floor_usage":[],"damage_taken":[{"damage":1.0,"enemies":"Small Slimes","floor":1.0,"turns":5.0},{"damage":8.0,"enemies":"Jaw Worm","floor":3.0,"turns":4.0},{"damage":4.0,"enemies":"Cultist","floor":4.0,"turns":4.0},{"damage":35.0,"enemies":"3 Sentries","floor":6.0,"turns":9.0},{"damage":7.0,"enemies":"3 Louse","floor":10.0,"turns":3.0},{"damage":37,"enemies":"Gremlin Nob","floor":13,"turns":5},{"damage":1,"enemies":"Blue Slaver","floor":14,"turns":3},{"damage":47,"enemies":"Slime Boss","floor":16,"turns":7}],"seed_played":"-7059412739962013466","potions_obtained":[{"floor":3.0,"key":"SkillPotion"},{"floor":10.0,"key":"Dexterity Potion"}],"is_trial":false,"path_per_floor":["M","?","M","M","T","E","R","$","T","M","R","$","E","M","R","B"],"character_chosen":"IRONCLAD","items_purchased":["Shrug It Off"],"campfire_rested":1,"item_purchase_floors":[8],"current_hp_per_floor":[73,73,71,73,73,44,44,44,44,43,43,43,12,17,54,7],"gold":48,"neow_bonus":"THREE_CARDS","is_prod":false,"is_daily":false,"chose_seed":false,"campfire_upgraded":2,"win_rate":0,"timestamp":1560242864,"path_taken":["M","?","M","M","?","E","R","$","T","M","R","?","E","M","R","BOSS"],"build_version":"2019-01-23","purchased_purges":2,"victory":false,"max_hp_per_floor":[75,75,75,75,75,75,75,75,75,75,75,75,75,75,75,75],"card_choices":[{"not_picked":["Perfected Strike","Body Slam"],"picked":"Shrug It Off","floor":0.0},{"not_picked":["Wild Strike","Body Slam"],"picked":"Thunderclap","floor":1.0},{"not_picked":["Body Slam","Shrug It Off"],"picked":"Battle Trance","floor":3.0},{"not_picked":["Entrench","Burning Pact"],"picked":"Uppercut","floor":4.0},{"not_picked":["Berserk","Havoc","True Grit"],"picked":"SKIP","floor":6.0},{"not_picked":["Headbutt","Clash"],"picked":"Uppercut","floor":10.0},{"not_picked":["Armaments","Clothesline"],"picked":"Seeing Red","floor":13},{"not_picked":["Pummel","Corruption"],"picked":"Armaments","floor":14}],"player_experience":1443379,"relics_obtained":[{"floor":5.0,"key":"Paper Frog"},{"floor":6.0,"key":"Unceasing Top"},{"floor":9.0,"key":"Regal Pillow"},{"floor":13,"key":"Dodecahedron"}],"event_choices":[{"damage_healed":0.0,"max_hp_gain":0.0,"max_hp_loss":0.0,"gold_gain":0.0,"event_name":"Liars Game","player_choice":"Ignored","floor":2.0,"gold_loss":0.0,"damage_taken":0.0}],"is_beta":false,"boss_relics":[],"items_purged_floors":[8,12],"is_endless":false,"potions_floor_spawned":[3,10],"killed_by":"Slime Boss","ascension_level":20}