{"gold_per_floor":[116,126,126,126,146,179,179,203,203,217,217,250,266,278,278,354,354,368,109,124,87,105,105,105],"floor_reached":24,"playtime":1244,"items_purged":[],"score":343,"play_id":"eaa61e81-7df3-4748-8335-549893554d8d","local_time":"20180726214415","is_ascension_mode":true,"campfire_choices":[{"floor":7.0,"key":"REST"},{"floor":11.0,"key":"REST"},{"floor":15.0,"key":"REST"},{"floor":23,"key":"REST"}],"neow_cost":"NONE","seed_source_timestamp":0,"circlet_count":0,"master_deck":["Strike_B","Strike_B","Strike_B","Strike_B","Defend_B","Defend_B","Defend_B","Defend_B","Zap","Dualcast","AscendersBane","Cold Snap","Ball Lightning","Compile Driver","Defragment","Cold Snap","Conserve Battery","Echo Form","Loop","Self Repair","Echo Form","Sweeping Beam","Go for the Eyes","Defragment","Steam"],"special_seed":0,"relics":["Cracked Core","Matryoshka","Odd Mushroom","Bronze Scales","Mango","Darkstone Periapt","White Beast Statue","Bottled Tornado"],"potions_floor_usage":[22,24],"damage_taken":[{"damage":3.0,"enemies":"Jaw Worm","floor":1.0,"turns":4.0},{"damage":4.0,"enemies":"Cultist","floor":2.0,"turns":4.0},{"damage":5.0,"enemies":"Small Slimes","floor":5.0,"turns":4.0},{"damage":15.0,"enemies":"Gremlin Nob","floor":6.0,"turns":4.0},{"damage":27.0,"floor":8.0,"turns":5.0},{"damage":3.0,"enemies":"2 Fungi Beasts","floor":10.0,"turns":2.0},{"damage":13.0,"enemies":"3 Sentries","floor":12.0,"turns":5.0},{"damage":9.0,"enemies":"Red Slaver","floor":13.0,"turns":3.0},{"damage":13.0,"enemies":"Blue Slaver","floor":14.0,"turns":3.0},{"damage":53.0,"enemies":"Hexaghost","floor":16.0,"turns":10.0},{"damage":19,"enemies":"Chosen","floor":18,"turns":7},{"damage":39,"enemies":"2 Thieves","floor":20,"turns":5},{"damage":34,"enemies":"Centurion and Healer","floor":22,"turns":9},{"damage":37,"enemies":"Book of Stabbing","floor":24,"turns":5}],"seed_played":"-4875935135530981573","potions_obtained":[{"floor":6.0,"key":"PowerPotion"},{"floor":18,"key":"Swift Potion"},{"floor":20,"key":"Ancient Potion"},{"floor":22,"key":"Strength Potion"}],"is_trial":false,"path_per_floor":["M","M","$","?","M","E","R","?","T","M","R","E","M","M","R","B",null,"M","$","M","$","M","R"],"character_chosen":"DEFECT","items_purchased":["Bottled Tornado","Defragment"],"campfire_rested":4,"item_purchase_floors":[19,21],"current_hp_per_floor":[65,61,61,61,56,41,63,36,50,47,73,60,51,38,64,25,73,68,68,36,36,9,35,0],"gold":105,"neow_bonus":"THREE_SMALL_POTIONS","is_prod":false,"is_daily":false,"chose_seed":false,"campfire_upgraded":0,"win_rate":0,"timestamp":1532655855,"path_taken":["M","M","$","?","M","E","R","?","T","M","R","E","M","M","R","BOSS","M","$","M","$","M","R","E"],"build_version":"2018-07-26","purchased_purges":0,"victory":false,"max_hp_per_floor":[75,75,75,75,75,75,75,75,89,89,89,89,89,89,89,89,89,89,89,89,89,89,89,89],"card_choices":[{"not_picked":["Leap","Auto Shields"],"picked":"Cold Snap","floor":1.0},{"not_picked":["Stack","Go for the Eyes"],"picked":"Ball Lightning","floor":2.0},{"not_picked":["Go for the Eyes","Rip and Tear"],"picked":"Compile Driver","floor":5.0},{"not_picked":["Go for the Eyes","Leap"],"picked":"Defragment","floor":6.0},{"not_picked":["Doom and Gloom","Compile Driver"],"picked":"Cold Snap","floor":8.0},{"not_picked":["Blizzard","Turbo"],"picked":"Conserve Battery","floor":10.0},{"not_picked":["Gash","Rebound"],"picked":"Echo Form","floor":12.0},{"not_picked":["Lockon","Hello World"],"picked":"Loop","floor":13.0},{"not_picked":["Storm","Static Discharge"],"picked":"Self Repair","floor":14.0},{"not_picked":["Rainbow","All For One"],"picked":"Echo Form","floor":16.0},{"not_picked":["Barrage+1","Rebound"],"picked":"Sweeping Beam","floor":18},{"not_picked":["Steam","Rainbow"],"picked":"Go for the Eyes","floor":20},{"not_picked":["Gash","Compile Driver"],"picked":"Steam","floor":22}],"player_experience":164173,"relics_obtained":[{"floor":6.0,"key":"Matryoshka"},{"floor":8.0,"key":"Odd Mushroom"},{"floor":9.0,"key":"Bronze Scales"},{"floor":9.0,"key":"Mango"},{"floor":12.0,"key":"Darkstone Periapt"}],"event_choices":[{"event_name":"The Woman in Blue","player_choice":"Bought 0 Potions","floor":4.0,"damage_taken":0.0},{"event_name":"Mushrooms","player_choice":"Fought Mushrooms","floor":8.0,"damage_taken":0.0}],"is_beta":false,"boss_relics":[{"not_picked":["Pandora\u0027s Box","Philosopher\u0027s Stone"],"picked":"White Beast Statue"}],"items_purged_floors":[],"is_endless":false,"potions_floor_spawned":[2,5,6,8,18,20,22],"killed_by":"Book of Stabbing","ascension_level":13}