{"gold_per_floor":[109,109,124,124,124,150,150,182,182,18,34,53,69,88,88,161,161,175,189,26,39,59,59,88,99,171,171,171,190,190,206,206,280,280,291,346,346],"floor_reached":37,"playtime":1835,"items_purged":["Strike_G"],"score":856,"play_id":"4bd139c2-7ed9-4736-b65b-535cfe3cdfea","local_time":"20190419142106","is_ascension_mode":true,"campfire_choices":[{"data":"Cloak And Dagger","floor":7.0,"key":"SMITH"},{"data":"Noxious Fumes","floor":15.0,"key":"SMITH"},{"data":"A Thousand Cuts","floor":23.0,"key":"SMITH"},{"floor":28.0,"key":"REST"},{"floor":32,"key":"REST"}],"neow_cost":"NONE","seed_source_timestamp":0,"circlet_count":0,"master_deck":["AscendersBane","Defend_G","Defend_G","Defend_G","Defend_G","Defend_G","Strike_G","Strike_G","Strike_G","Survivor","Neutralize+1","Flying Knee","Cloak And Dagger+1","Backstab","Dodge and Roll","Noxious Fumes+1","Tools of the Trade","All Out Attack","Footwork","A Thousand Cuts+1","PiercingWail","Dash","Dash","Dash","Terror","Backflip","Cloak And Dagger","Unload","Dagger Throw","Bouncing Flask","Sucker Punch"],"special_seed":0,"relics":["Ring of the Snake","NeowsBlessing","Unceasing Top","Bottled Flame","Tingsha","HoveringKite","Oddly Smooth Stone","Lantern","Meat on the Bone","MutagenicStrength","WristBlade","Nunchaku"],"potions_floor_usage":[33,36,36],"damage_taken":[{"damage":0.0,"enemies":"Cultist","floor":1.0,"turns":1.0},{"damage":0.0,"enemies":"Jaw Worm","floor":3.0,"turns":1.0},{"damage":0.0,"enemies":"Gremlin Nob","floor":6.0,"turns":1.0},{"damage":26.0,"enemies":"3 Sentries","floor":8.0,"turns":13.0},{"damage":1.0,"enemies":"2 Louse","floor":11.0,"turns":3.0},{"damage":6.0,"enemies":"Exordium Wildlife","floor":12.0,"turns":7.0},{"damage":0.0,"enemies":"2 Fungi Beasts","floor":13.0,"turns":2.0},{"damage":2.0,"enemies":"Large Slime","floor":14.0,"turns":5.0},{"damage":3.0,"enemies":"The Guardian","floor":16.0,"turns":11.0},{"damage":15.0,"enemies":"3 Byrds","floor":18.0,"turns":5.0},{"damage":6.0,"enemies":"Shell Parasite","floor":19.0,"turns":6.0},{"damage":0.0,"enemies":"Snake Plant","floor":21.0,"turns":5.0},{"damage":8.0,"enemies":"Snecko","floor":22.0,"turns":5.0},{"damage":27.0,"enemies":"Book of Stabbing","floor":24.0,"turns":6.0},{"damage":7.0,"enemies":"3 Cultists","floor":25.0,"turns":5.0},{"damage":9.0,"enemies":"Sentry and Sphere","floor":29.0,"turns":4.0},{"damage":0,"enemies":"Snecko","floor":31,"turns":4},{"damage":21,"enemies":"Champ","floor":33,"turns":12},{"damage":0,"enemies":"3 Shapes","floor":35,"turns":5},{"damage":33,"enemies":"2 Orb Walkers","floor":36,"turns":5},{"damage":44,"enemies":"3 Darklings","floor":37,"turns":5}],"seed_played":"1646720834824234894","potions_obtained":[{"floor":3.0,"key":"SpeedPotion"},{"floor":11.0,"key":"GhostInAJar"},{"floor":16.0,"key":"Energy Potion"},{"floor":19.0,"key":"Regen Potion"},{"floor":25.0,"key":"Fire Potion"},{"floor":29.0,"key":"Weak Potion"},{"floor":33,"key":"FearPotion"},{"floor":35,"key":"Fire Potion"},{"floor":36,"key":"AttackPotion"}],"is_trial":false,"path_per_floor":["M","?","M","?","?","E","R","E","T","$","M","M","M","M","R","B",null,"M","M","$","M","M","R","E","M","T","?","R","M","?","M","R","B",null,"M","?","M"],"character_chosen":"THE_SILENT","items_purchased":["Noxious Fumes","Oddly Smooth Stone"],"campfire_rested":2,"item_purchase_floors":[10,20],"current_hp_per_floor":[59,59,59,52,57,57,57,31,31,31,30,24,24,22,22,19,58,43,37,37,52,44,44,17,10,10,10,31,34,34,46,67,46,65,65,44,0],"gold":346,"neow_bonus":"THREE_ENEMY_KILL","is_prod":false,"is_daily":false,"chose_seed":false,"campfire_upgraded":3,"win_rate":0,"timestamp":1555698066,"path_taken":["M","?","M","?","?","E","R","E","T","$","M","M","?","M","R","BOSS","M","M","$","M","M","R","E","M","T","?","R","M","?","M","R","BOSS","M","?","M"],"build_version":"2019-01-23","purchased_purges":1,"victory":false,"max_hp_per_floor":[66,66,66,66,71,71,71,71,71,71,71,71,71,71,71,71,71,71,71,71,71,71,71,71,71,71,71,71,71,71,71,71,71,71,71,71,71],"card_choices":[{"not_picked":["Dagger Spray","Dodge and Roll"],"picked":"Flying Knee","floor":1.0},{"not_picked":["Acrobatics","Expertise"],"picked":"Cloak And Dagger","floor":3.0},{"not_picked":["Cloak And Dagger","Slice"],"picked":"Backstab","floor":6.0},{"not_picked":["Sucker Punch","Backflip"],"picked":"Dodge and Roll","floor":8.0},{"not_picked":["Well Laid Plans","Prepared"],"picked":"Tools of the Trade","floor":11.0},{"not_picked":["Acrobatics","Accuracy"],"picked":"All Out Attack","floor":12.0},{"not_picked":["Concentrate","Sucker Punch"],"picked":"Footwork","floor":13.0},{"not_picked":["Finisher","Flying Knee","Masterful Stab"],"picked":"SKIP","floor":14.0},{"not_picked":["Phantasmal Killer","Bullet Time"],"picked":"A Thousand Cuts","floor":16.0},{"not_picked":["Bane+1","Masterful Stab"],"picked":"PiercingWail","floor":18.0},{"not_picked":["Reflex+1","Deadly Poison"],"picked":"Dash","floor":19.0},{"not_picked":["Heel Hook","Calculated Gamble"],"picked":"Dash","floor":21.0},{"not_picked":["Bane","Expertise"],"picked":"Dash","floor":22.0},{"not_picked":["Outmaneuver","Poisoned Stab"],"picked":"Terror","floor":24.0},{"not_picked":["Poisoned Stab","PiercingWail"],"picked":"Backflip","floor":25.0},{"not_picked":["Heel Hook","Expertise"],"picked":"Cloak And Dagger","floor":29.0},{"not_picked":["Dagger Throw","Deadly Poison+1","Deflect+1"],"picked":"SKIP","floor":31},{"not_picked":["Deadly Poison+1","Deflect+1"],"picked":"Dagger Throw","floor":31},{"not_picked":["Outmaneuver","Dagger Throw"],"picked":"Bouncing Flask","floor":35},{"not_picked":["Cloak And Dagger","Poisoned Stab+1"],"picked":"Sucker Punch","floor":36}],"player_experience":645567,"relics_obtained":[{"floor":6.0,"key":"Unceasing Top"},{"floor":8.0,"key":"Bottled Flame"},{"floor":9.0,"key":"Tingsha"},{"floor":24.0,"key":"Lantern"},{"floor":26.0,"key":"Meat on the Bone"},{"floor":36,"key":"Nunchaku"}],"event_choices":[{"damage_healed":0.0,"max_hp_gain":0.0,"max_hp_loss":0.0,"gold_gain":0.0,"event_name":"Living Wall","player_choice":"Grow","floor":2.0,"gold_loss":0.0,"damage_taken":0.0,"cards_upgraded":["Neutralize"]},{"cards_removed":["Strike_G"],"damage_healed":0.0,"max_hp_gain":0.0,"max_hp_loss":0.0,"gold_gain":0.0,"event_name":"Golden Wing","player_choice":"Card Removal","floor":4.0,"gold_loss":0.0,"damage_taken":7.0},{"damage_healed":0.0,"max_hp_gain":5.0,"max_hp_loss":0.0,"gold_gain":0.0,"event_name":"Big Fish","player_choice":"Donut","floor":5.0,"gold_loss":0.0,"damage_taken":0.0},{"damage_healed":0.0,"max_hp_gain":0.0,"max_hp_loss":0.0,"gold_gain":0.0,"event_name":"Drug Dealer","player_choice":"Inject Mutagens","floor":27.0,"gold_loss":0.0,"damage_taken":0.0,"relics_obtained":["MutagenicStrength"]},{"damage_healed":0.0,"max_hp_gain":0.0,"max_hp_loss":0.0,"gold_gain":0.0,"event_name":"Match and Keep!","player_choice":"1 cards matched","floor":30.0,"gold_loss":0.0,"damage_taken":0.0,"cards_obtained":["Unload"]},{"damage_healed":0,"gold_gain":0,"player_choice":"Fight","damage_taken":0,"max_hp_gain":0,"max_hp_loss":0,"event_name":"Mysterious Sphere","floor":36,"gold_loss":0}],"is_beta":false,"boss_relics":[{"not_picked":["Ring of the Serpent","Pandora\u0027s Box"],"picked":"HoveringKite"},{"not_picked":["Black Star","Eternal Feather"],"picked":"WristBlade"}],"items_purged_floors":[10],"is_endless":false,"potions_floor_spawned":[3,11,14,16,19,25,29,33,35,36],"killed_by":"3 Darklings","ascension_level":20}