{"gold_per_floor":[110,110,110,130,144,144,170,170,194,210,240,270,282,327,339,426,438,438,438,438,40,40,40,40,40,40,40,40,40,40,40,40,40],"floor_reached":33,"playtime":1320,"items_purged":[],"score":599,"play_id":"c90450bb-fd04-42a0-84c9-427afac29016","local_time":"20190401195724","is_ascension_mode":true,"campfire_choices":[{"data":"Hello World","floor":6.0,"key":"SMITH"},{"data":"Self Repair","floor":8.0,"key":"SMITH"},{"data":"Hologram","floor":13.0,"key":"SMITH"},{"data":"FTL","floor":15.0,"key":"SMITH"},{"data":"Core Surge","floor":23,"key":"SMITH"},{"data":"White Noise","floor":29,"key":"SMITH"},{"floor":32,"key":"REST"}],"neow_cost":"NONE","seed_source_timestamp":8746269194415241,"circlet_count":0,"master_deck":["AscendersBane","Strike_B","Strike_B","Strike_B","Defend_B","Defend_B","Defend_B","Defend_B","Zap+1","Dualcast","Streamline+1","Cold Snap","Hello World+1","Self Repair+1","Auto Shields","Hologram+1","FTL+1","Core Surge+1","Cold Snap","Hologram+1","Ball Lightning","Conserve Battery+1","Leap","White Noise+1","Cold Snap","Cold Snap"],"special_seed":0,"relics":["Cracked Core","Pen Nib","Boot","MawBank","Potion Belt","Ectoplasm","Torii","Pear","Meat on the Bone"],"potions_floor_usage":[27,33,33],"damage_taken":[{"damage":0.0,"enemies":"Small Slimes","floor":1.0,"turns":2.0},{"damage":0.0,"enemies":"2 Louse","floor":4.0,"turns":1.0},{"damage":5.0,"enemies":"Jaw Worm","floor":5.0,"turns":2.0},{"damage":15.0,"enemies":"Lagavulin","floor":7.0,"turns":5.0},{"damage":4.0,"enemies":"Blue Slaver","floor":10.0,"turns":5.0},{"damage":6.0,"enemies":"Gremlin Nob","floor":11.0,"turns":3.0},{"damage":0.0,"enemies":"Large Slime","floor":12.0,"turns":5.0},{"damage":21.0,"enemies":"3 Sentries","floor":14.0,"turns":7.0},{"damage":31,"enemies":"The Guardian","floor":16,"turns":11},{"damage":1,"enemies":"Spheric Guardian","floor":18,"turns":4},{"damage":1,"enemies":"Chosen","floor":20,"turns":4},{"damage":43,"enemies":"Gremlin Leader","floor":25,"turns":7},{"damage":21,"enemies":"Centurion and Healer","floor":27,"turns":7},{"damage":0,"enemies":"Snecko","floor":28,"turns":5},{"damage":8,"enemies":"Cultist and Chosen","floor":30,"turns":7},{"damage":0,"enemies":"Snake Plant","floor":31,"turns":5},{"damage":101,"enemies":"Champ","floor":33,"turns":12}],"seed_played":"360124593269239840","potions_obtained":[{"floor":5.0,"key":"AttackPotion"},{"floor":7.0,"key":"Swift Potion"},{"floor":14.0,"key":"SpeedPotion"},{"floor":20,"key":"Poison Potion"},{"floor":25,"key":"Regen Potion"},{"floor":27,"key":"Dexterity Potion"}],"is_trial":false,"path_per_floor":["M","?","?","M","M","R","E","R","T","M","E","M","R","E","R","B",null,"M","?","M","$","?","R","?","E","T","M","M","R","M","M","R","B"],"character_chosen":"DEFECT","items_purchased":["Torii","Ball Lightning"],"campfire_rested":1,"item_purchase_floors":[21,21],"current_hp_per_floor":[64,64,57,57,52,52,37,37,37,43,47,57,57,46,46,25,60,69,69,71,71,71,71,71,48,48,52,62,62,64,74,81,0],"gold":40,"neow_bonus":"UPGRADE_CARD","is_prod":false,"is_daily":false,"chose_seed":false,"campfire_upgraded":6,"win_rate":0,"timestamp":1554163044,"path_taken":["M","?","?","M","M","R","E","R","T","M","E","M","R","E","R","BOSS","M","?","M","$","?","R","?","E","T","M","M","R","M","?","R","BOSS"],"build_version":"2019-01-23","purchased_purges":0,"victory":false,"max_hp_per_floor":[71,71,71,71,71,71,71,71,71,71,71,71,71,71,71,71,71,71,71,71,71,71,71,71,81,81,81,81,81,81,81,81,81],"card_choices":[{"not_picked":["Sweeping Beam","Rip and Tear"],"picked":"Streamline","floor":1.0},{"not_picked":["Sweeping Beam","Go for the Eyes"],"picked":"Cold Snap","floor":4.0},{"not_picked":["Barrage","Turbo"],"picked":"Hello World","floor":5.0},{"not_picked":["Fission","Coolheaded"],"picked":"Self Repair","floor":7.0},{"not_picked":["Skim","Compile Driver","Steam Power"],"picked":"SKIP","floor":10.0},{"not_picked":["Rebound","Undo"],"picked":"Auto Shields","floor":11.0},{"not_picked":["Rebound","Coolheaded"],"picked":"Hologram","floor":12.0},{"not_picked":["Double Energy","Rainbow"],"picked":"FTL","floor":14.0},{"not_picked":["Reboot","Buffer"],"picked":"Core Surge","floor":16},{"not_picked":["Streamline","Compile Driver"],"picked":"Cold Snap","floor":18},{"not_picked":["Consume","Chaos"],"picked":"Hologram+1","floor":20},{"not_picked":["Blizzard","Doom and Gloom"],"picked":"Leap","floor":25},{"not_picked":["Hello World","Consume+1","Streamline"],"picked":"SKIP","floor":27},{"not_picked":["Doom and Gloom","Storm"],"picked":"White Noise","floor":28},{"not_picked":["Stack","Steam"],"picked":"Cold Snap","floor":30},{"not_picked":["Coolheaded","Scrape"],"picked":"Cold Snap","floor":31}],"player_experience":607661,"relics_obtained":[{"floor":7.0,"key":"Pen Nib"},{"floor":9.0,"key":"Boot"},{"floor":11.0,"key":"MawBank"},{"floor":14.0,"key":"Potion Belt"},{"floor":25,"key":"Pear"},{"floor":26,"key":"Meat on the Bone"}],"event_choices":[{"damage_healed":0.0,"max_hp_gain":0.0,"max_hp_loss":0.0,"gold_gain":0.0,"event_name":"Living Wall","player_choice":"Grow","floor":2.0,"gold_loss":0.0,"damage_taken":0.0,"cards_upgraded":["Streamline"]},{"cards_removed":["Strike_B"],"damage_healed":0.0,"max_hp_gain":0.0,"max_hp_loss":0.0,"gold_gain":0.0,"event_name":"Golden Wing","player_choice":"Card Removal","floor":3.0,"gold_loss":0.0,"damage_taken":7.0},{"damage_healed":0,"gold_gain":0,"player_choice":"Ignored","damage_taken":0,"max_hp_gain":0,"max_hp_loss":0,"event_name":"Vampires","floor":19,"gold_loss":0},{"damage_healed":0,"gold_gain":0,"player_choice":"Read","damage_taken":0,"max_hp_gain":0,"max_hp_loss":0,"event_name":"The Library","floor":22,"gold_loss":0,"cards_obtained":["Conserve Battery"]},{"damage_healed":0,"gold_gain":0,"player_choice":"Upgraded","damage_taken":0,"max_hp_gain":0,"max_hp_loss":0,"event_name":"Upgrade Shrine","floor":24,"gold_loss":0,"cards_upgraded":["Conserve Battery"]}],"is_beta":false,"boss_relics":[{"not_picked":["Fusion Hammer","White Beast Statue"],"picked":"Ectoplasm"}],"items_purged_floors":[],"is_endless":false,"potions_floor_spawned":[5,7,14,20,25,27],"killed_by":"Champ","ascension_level":20}