{"gold_per_floor":[116,116,133,152,152,152,177,177,204,234,234,234,246,259,259,333,333,351,63,75,106,122,149,149,149,149,149,162,192,72,84,84,156,156,169,169,169,179,15,15,41,59,59,71,105,124,135,33,33,33],"floor_reached":50,"playtime":2201,"items_purged":["Regret"],"score":1144,"play_id":"a8d56215-fb9d-4eb8-b213-083049e4fc96","local_time":"20190308200127","is_ascension_mode":true,"campfire_choices":[{"data":"Whirlwind","floor":6.0,"key":"SMITH"},{"data":"Bash","floor":8.0,"key":"SMITH"},{"floor":15.0,"key":"REST"},{"floor":25.0,"key":"REST"},{"data":"Dark Embrace","floor":27.0,"key":"SMITH"},{"floor":32.0,"key":"REST"},{"data":"Offering","floor":40.0,"key":"SMITH"},{"floor":49.0,"key":"RECALL"}],"neow_cost":"NONE","seed_source_timestamp":636567495227000,"circlet_count":0,"master_deck":["AscendersBane","Bash+1","Purity","Whirlwind+1","Metallicize","Sword Boomerang","Shrug It Off","Sword Boomerang","Shrug It Off","Offering+1","Shrug It Off","Disarm","Clothesline","Dark Embrace+1","Thunderclap","Whirlwind+1","Thunderclap+1","Second Wind+1","Intimidate","Corruption","Corruption","Feel No Pain","Pommel Strike+1","Limit Break","Immolate","Reaper","Thunderclap","Pummel","Impervious","Entrench","Juggernaut","Rage","Shrug It Off","Madness","Madness","Panacea","Fiend Fire","Inflame","True Grit+1","Armaments+1","Offering+1","Ghostly Armor+1","Armaments+1","Flex+1","Flex+1","Battle Trance+1"],"special_seed":0,"relics":["Burning Blood","Omamori","Prayer Wheel","Happy Flower","Vajra","Paper Frog","Philosopher\u0027s Stone","Shuriken","Red Mask","Bronze Scales","Kunai","Mummified Hand","Nunchaku","Pandora\u0027s Box","Oddly Smooth Stone","Toxic Egg 2","Bottled Flame"],"potions_floor_usage":[50],"damage_taken":[{"damage":8.0,"enemies":"2 Louse","floor":1.0,"turns":3.0},{"damage":6.0,"enemies":"Cultist","floor":3.0,"turns":4.0},{"damage":9.0,"enemies":"Jaw Worm","floor":4.0,"turns":4.0},{"damage":21.0,"enemies":"3 Sentries","floor":7.0,"turns":5.0},{"damage":32.0,"enemies":"Gremlin Nob","floor":10.0,"turns":4.0},{"damage":10.0,"enemies":"Looter","floor":13.0,"turns":3.0},{"damage":6.0,"enemies":"Blue Slaver","floor":14.0,"turns":2.0},{"damage":43.0,"enemies":"Hexaghost","floor":16.0,"turns":8.0},{"damage":9.0,"enemies":"Spheric Guardian","floor":18.0,"turns":4.0},{"damage":18.0,"enemies":"Shell Parasite","floor":20.0,"turns":4.0},{"damage":0.0,"enemies":"Masked Bandits","floor":21.0,"turns":2.0},{"damage":22.0,"enemies":"Snecko","floor":22.0,"turns":3.0},{"damage":15.0,"enemies":"Gremlin Leader","floor":23.0,"turns":5.0},{"damage":14.0,"enemies":"Cultist and Chosen","floor":28.0,"turns":3.0},{"damage":13.0,"enemies":"Book of Stabbing","floor":29.0,"turns":3.0},{"damage":6.0,"enemies":"3 Cultists","floor":31.0,"turns":2.0},{"damage":50.0,"enemies":"Automaton","floor":33.0,"turns":7.0},{"damage":8.0,"enemies":"3 Darklings","floor":35.0,"turns":4.0},{"damage":0.0,"enemies":"Orb Walker","floor":38.0,"turns":2.0},{"damage":37.0,"enemies":"Maw","floor":42.0,"turns":5.0},{"damage":27.0,"enemies":"Writhing Mass","floor":44.0,"turns":4.0},{"damage":31.0,"enemies":"Reptomancer","floor":45.0,"turns":5.0},{"damage":6.0,"enemies":"Jaw Worm Horde","floor":46.0,"turns":2.0},{"damage":33.0,"enemies":"Transient","floor":47.0,"turns":6.0},{"damage":41,"enemies":"Awakened One","floor":50,"turns":2}],"seed_played":"2810976784389666854","potions_obtained":[{"floor":1.0,"key":"Block Potion"},{"floor":3.0,"key":"Fruit Juice"},{"floor":14.0,"key":"Poison Potion"},{"floor":18.0,"key":"GamblersBrew"},{"floor":21.0,"key":"Ancient Potion"},{"floor":29.0,"key":"BloodPotion"},{"floor":33.0,"key":"Fire Potion"},{"floor":46.0,"key":"Strength Potion"},{"floor":47.0,"key":"Explosive Potion"}],"is_trial":false,"path_per_floor":["M","?","M","M","?","R","E","R","T","E","?","?","M","M","R","B",null,"M","$","M","?","M","E","?","R","T","R","M","E","$","M","R","B",null,"M","?","?","M","$","R","T","M","T","M","E","M","M","$","R","B"],"character_chosen":"IRONCLAD","items_purchased":["Shuriken","Feel No Pain","Oddly Smooth Stone","Flex+1","Battle Trance+1"],"campfire_rested":3,"item_purchase_floors":[19,30,39,48,48],"current_hp_per_floor":[66,66,66,68,68,68,53,53,53,27,27,27,23,23,47,10,63,60,60,48,54,38,29,29,53,53,53,45,38,38,38,62,18,65,80,66,66,80,80,80,80,57,57,36,11,35,8,8,8,0],"gold":33,"neow_bonus":"RANDOM_COLORLESS","is_prod":false,"is_daily":false,"chose_seed":false,"campfire_upgraded":4,"win_rate":0,"timestamp":1552075287,"path_taken":["M","?","M","?","?","R","E","R","T","E","?","?","M","?","R","BOSS","M","$","M","?","M","E","?","R","T","R","M","E","$","?","R","BOSS","M","?","?","M","$","R","?","M","T","M","E","M","M","$","R","BOSS"],"build_version":"2019-01-23","purchased_purges":1,"victory":false,"max_hp_per_floor":[75,75,75,80,80,80,80,80,80,80,80,80,80,80,80,80,80,80,80,80,80,80,80,80,80,80,80,80,80,80,80,80,80,80,80,80,80,80,80,80,80,80,80,80,80,80,80,80,80,80],"card_choices":[{"not_picked":["Searing Blow","Thunderclap"],"picked":"Whirlwind","floor":1.0},{"not_picked":["Flex","Perfected Strike"],"picked":"Sword Boomerang","floor":3.0},{"not_picked":["Rage","Perfected Strike"],"picked":"Shrug It Off","floor":4.0},{"not_picked":["Clash","Sentinel"],"picked":"Sword Boomerang","floor":7.0},{"not_picked":["Flex","Headbutt"],"picked":"Shrug It Off","floor":10.0},{"not_picked":["Feel No Pain","True Grit"],"picked":"Offering","floor":13.0},{"not_picked":["Wild Strike","Perfected Strike"],"picked":"Shrug It Off","floor":13.0},{"not_picked":["Double Tap","Pummel"],"picked":"Disarm","floor":14.0},{"not_picked":["Body Slam","Wild Strike"],"picked":"Clothesline","floor":14.0},{"not_picked":["Fiend Fire","Impervious"],"picked":"Dark Embrace","floor":16.0},{"not_picked":["Sword Boomerang","Combust"],"picked":"Thunderclap","floor":18.0},{"not_picked":["Cleave","Headbutt+1"],"picked":"Whirlwind+1","floor":18.0},{"not_picked":["Heavy Blade","Twin Strike"],"picked":"Thunderclap+1","floor":20.0},{"not_picked":["Combust","Wild Strike","Havoc"],"picked":"SKIP","floor":20.0},{"not_picked":["Warcry","Dual Wield"],"picked":"Second Wind+1","floor":22.0},{"not_picked":["Shrug It Off","Havoc","True Grit"],"picked":"SKIP","floor":22.0},{"not_picked":["Flex","Body Slam"],"picked":"Intimidate","floor":23.0},{"not_picked":["Searing Blow","Cleave"],"picked":"Corruption","floor":28.0},{"not_picked":["Sword Boomerang","Warcry"],"picked":"Corruption","floor":28.0},{"not_picked":["Flex","Cleave","Clash"],"picked":"SKIP","floor":29.0},{"not_picked":["Clash","Warcry"],"picked":"Pommel Strike+1","floor":31.0},{"not_picked":["Immolate","Pommel Strike","Evolve"],"picked":"SKIP","floor":31.0},{"not_picked":["Fiend Fire","Brutality"],"picked":"Limit Break","floor":33.0},{"not_picked":["Heavy Blade","Wild Strike"],"picked":"Shrug It Off","floor":35.0},{"not_picked":["True Grit","Clash+1","Heavy Blade"],"picked":"SKIP","floor":35.0},{"not_picked":["Jack Of All Trades","Deep Breath"],"picked":"Panacea","floor":37.0},{"not_picked":["Clash","Havoc+1"],"picked":"Fiend Fire","floor":38.0},{"not_picked":["Wild Strike+1","Clash+1","Spot Weakness"],"picked":"SKIP","floor":38.0},{"not_picked":["True Grit","Thunderclap"],"picked":"Inflame","floor":42.0},{"not_picked":["Anger","Clothesline","Pommel Strike"],"picked":"SKIP","floor":42.0},{"not_picked":["Wild Strike","Anger"],"picked":"True Grit+1","floor":44.0},{"not_picked":["Iron Wave","Twin Strike+1"],"picked":"Armaments+1","floor":44.0},{"not_picked":["Fiend Fire","True Grit+1"],"picked":"Offering+1","floor":45.0},{"not_picked":["Sword Boomerang","Cleave"],"picked":"Ghostly Armor+1","floor":46.0},{"not_picked":["Rampage","Sword Boomerang"],"picked":"Armaments+1","floor":46.0},{"not_picked":["Thunderclap","Armaments+1"],"picked":"Flex+1","floor":47.0},{"not_picked":["Thunderclap","Clothesline","Dual Wield+1"],"picked":"SKIP","floor":47.0}],"player_experience":1250381,"relics_obtained":[{"floor":7.0,"key":"Prayer Wheel"},{"floor":9.0,"key":"Happy Flower"},{"floor":10.0,"key":"Vajra"},{"floor":21.0,"key":"Red Mask"},{"floor":23.0,"key":"Bronze Scales"},{"floor":24.0,"key":"Kunai"},{"floor":26.0,"key":"Mummified Hand"},{"floor":29.0,"key":"Nunchaku"},{"floor":43.0,"key":"Toxic Egg 2"},{"floor":45.0,"key":"Bottled Flame"}],"event_choices":[{"damage_healed":0.0,"max_hp_gain":0.0,"max_hp_loss":0.0,"gold_gain":0.0,"cards_transformed":["Strike_R"],"event_name":"Transmorgrifier","player_choice":"Transformed","floor":2.0,"gold_loss":0.0,"damage_taken":0.0,"cards_obtained":["Metallicize"]},{"damage_healed":0.0,"max_hp_gain":0.0,"max_hp_loss":0.0,"gold_gain":0.0,"event_name":"Big Fish","player_choice":"Box","floor":5.0,"gold_loss":0.0,"damage_taken":0.0,"relics_obtained":["Omamori"],"cards_obtained":["Regret"]},{"damage_healed":0.0,"max_hp_gain":0.0,"max_hp_loss":0.0,"gold_gain":0.0,"event_name":"Dead Adventurer","player_choice":"Searched \u00271\u0027 times","floor":11.0,"gold_loss":0.0,"damage_taken":0.0,"relics_obtained":["Paper Frog"]},{"damage_healed":0.0,"max_hp_gain":0.0,"max_hp_loss":0.0,"gold_gain":0.0,"event_name":"Scrap Ooze","player_choice":"Fled","floor":12.0,"gold_loss":0.0,"damage_taken":0.0},{"damage_healed":0.0,"max_hp_gain":0.0,"max_hp_loss":0.0,"gold_gain":0.0,"event_name":"Masked Bandits","player_choice":"Fought Bandits","floor":21.0,"gold_loss":0.0,"damage_taken":0.0},{"damage_healed":0.0,"max_hp_gain":0.0,"max_hp_loss":0.0,"gold_gain":0.0,"event_name":"Wheel of Change","player_choice":"Relic","floor":24.0,"gold_loss":0.0,"damage_taken":0.0},{"damage_healed":0.0,"max_hp_gain":0.0,"max_hp_loss":0.0,"gold_gain":0.0,"event_name":"Winding Halls","player_choice":"Embrace Madness","floor":36.0,"gold_loss":0.0,"damage_taken":14.0,"cards_obtained":["Madness","Madness"]},{"damage_healed":0.0,"max_hp_gain":0.0,"max_hp_loss":0.0,"gold_gain":0.0,"event_name":"SensoryStone","player_choice":"Memory 1","floor":37.0,"gold_loss":0.0,"damage_taken":0.0}],"is_beta":false,"boss_relics":[{"not_picked":["White Beast Statue","Runic Dome"],"picked":"Philosopher\u0027s Stone"},{"not_picked":["Orrery","Calling Bell"],"picked":"Pandora\u0027s Box"}],"items_purged_floors":[30],"is_endless":false,"potions_floor_spawned":[1,3,14,18,21,29,33,38,46,47],"killed_by":"Awakened One","ascension_level":20}