{"gold_per_floor":[109,127,137,149,168,168,197,197,222,222,247,265,265,68,68,139,139,159,179,229,229],"floor_reached":21,"playtime":691,"items_purged":[],"score":362,"play_id":"61136e3a-dab2-4e82-9655-8df32d3d14e1","local_time":"20190707001132","is_ascension_mode":true,"campfire_choices":[{"data":"Poisoned Stab","floor":6,"key":"SMITH"},{"data":"Neutralize","floor":8,"key":"SMITH"},{"data":"Bouncing Flask","floor":13,"key":"SMITH"},{"data":"Catalyst","floor":15,"key":"SMITH"}],"neow_cost":"NONE","seed_source_timestamp":6090214708353785,"circlet_count":0,"master_deck":["AscendersBane","Strike_G","Strike_G","Strike_G","Strike_G","Strike_G","Defend_G","Defend_G","Defend_G","Defend_G","Defend_G","Survivor","Neutralize+1","Backflip","Sucker Punch","Poisoned Stab+1","Leg Sweep","Cloak And Dagger","PiercingWail","Bouncing Flask+1","After Image","Catalyst+1","Burst","All Out Attack","Dagger Spray"],"relics":["Ring of the Snake","NeowsBlessing","Happy Flower","Bronze Scales","Odd Mushroom","Eternal Feather"],"potions_floor_usage":[7,11,16,21],"damage_taken":[{"damage":0,"enemies":"Small Slimes","floor":1,"turns":1},{"damage":0,"enemies":"Jaw Worm","floor":2,"turns":1},{"damage":0,"enemies":"2 Louse","floor":3,"turns":1},{"damage":14,"enemies":"Gremlin Gang","floor":4,"turns":7},{"damage":4,"enemies":"Red Slaver","floor":5,"turns":5},{"damage":19,"enemies":"3 Sentries","floor":7,"turns":9},{"damage":8,"enemies":"The Mushroom Lair","floor":11,"turns":4},{"damage":9,"enemies":"3 Louse","floor":12,"turns":3},{"damage":3,"enemies":"Hexaghost","floor":16,"turns":8},{"damage":10,"enemies":"3 Byrds","floor":18,"turns":4},{"damage":38,"enemies":"2 Thieves","floor":19,"turns":5},{"damage":8,"enemies":"Snecko","floor":21,"turns":4}],"seed_played":"2481548281615578527","potions_obtained":[{"floor":1,"key":"Strength Potion"},{"floor":4,"key":"PowerPotion"},{"floor":7,"key":"Dexterity Potion"},{"floor":11,"key":"GamblersBrew"}],"is_trial":false,"path_per_floor":["M","M","M","M","M","R","E","R","T","?","?","M","R","$","R","B",null,"M","M","?","M"],"character_chosen":"THE_SILENT","items_purchased":["After Image","Catalyst"],"campfire_rested":0,"item_purchase_floors":[14,14],"current_hp_per_floor":[59,59,59,45,41,41,22,22,22,44,36,27,27,27,27,24,56,46,8,8,0],"gold":229,"neow_bonus":"THREE_ENEMY_KILL","is_prod":false,"is_daily":false,"chose_seed":false,"campfire_upgraded":4,"win_rate":0,"timestamp":1562472692,"path_taken":["M","M","M","M","M","R","E","R","T","?","?","M","R","$","R","BOSS","M","M","?","?"],"build_version":"2019-07-05","purchased_purges":0,"victory":false,"max_hp_per_floor":[66,66,66,66,66,66,66,66,66,66,66,66,66,66,66,66,66,66,66,66,66],"card_choices":[{"not_picked":["Setup","Escape Plan"],"picked":"Backflip","floor":1},{"not_picked":["Flying Knee","PiercingWail"],"picked":"Sucker Punch","floor":2},{"not_picked":["Concentrate","Blade Dance","Dodge and Roll"],"picked":"SKIP","floor":3},{"not_picked":["Wraith Form v2","Sucker Punch"],"picked":"Poisoned Stab","floor":4},{"not_picked":["Poisoned Stab","Prepared"],"picked":"Leg Sweep","floor":5},{"not_picked":["Outmaneuver","Backflip"],"picked":"Cloak And Dagger","floor":7},{"not_picked":["Slice","Backflip"],"picked":"PiercingWail","floor":11},{"not_picked":["Terror","Blade Dance"],"picked":"Bouncing Flask","floor":12},{"not_picked":["Wraith Form v2","Envenom"],"picked":"Burst","floor":16},{"not_picked":["Quick Slash","Bane"],"picked":"All Out Attack","floor":18},{"not_picked":["Flechettes","Eviscerate"],"picked":"Dagger Spray","floor":19}],"player_experience":899503,"relics_obtained":[{"floor":7,"key":"Happy Flower"},{"floor":9,"key":"Bronze Scales"},{"floor":11,"key":"Odd Mushroom"}],"event_choices":[{"damage_healed":22,"gold_gain":0,"player_choice":"Banana","damage_taken":0,"max_hp_gain":0,"max_hp_loss":0,"event_name":"Big Fish","floor":10,"gold_loss":0},{"damage_healed":0,"gold_gain":0,"player_choice":"Fought Mushrooms","damage_taken":0,"max_hp_gain":0,"max_hp_loss":0,"event_name":"Mushrooms","floor":11,"gold_loss":0},{"damage_healed":0,"gold_gain":50,"player_choice":"Pray","damage_taken":0,"max_hp_gain":0,"max_hp_loss":0,"event_name":"Golden Shrine","floor":20,"gold_loss":0}],"is_beta":false,"boss_relics":[{"not_picked":["Calling Bell","Lizard Tail"],"picked":"Eternal Feather"}],"items_purged_floors":[],"is_endless":false,"potions_floor_spawned":[1,4,7,11],"killed_by":"Snecko","ascension_level":20}