{"gold_per_floor":[118,118,129,142,67,81,81,145,170,170,188,207,207,219,219,296,296,314,314,326,326,6,6,33,33],"floor_reached":25,"playtime":858,"items_purged":["Strike_G"],"score":446,"play_id":"e1745fed-af73-4cbd-b73f-4fc05ff4c0db","local_time":"20190521213511","is_ascension_mode":true,"campfire_choices":[{"floor":7,"key":"REST"},{"data":"Neutralize","floor":10,"key":"SMITH"},{"floor":15,"key":"REST"},{"floor":23,"key":"REST"}],"neow_cost":"PERCENT_DAMAGE","seed_source_timestamp":10323604451900,"circlet_count":0,"master_deck":["AscendersBane","Defend_G+1","Defend_G+1","Defend_G+1","Defend_G+1","Defend_G+1","Strike_G+1","Strike_G+1","Strike_G+1","Strike_G+1","Survivor","Neutralize+1","Dagger Spray","Sucker Punch","Sucker Punch","Die Die Die","Slice","Cloak And Dagger+1","Bouncing Flask","Endless Agony","Tools of the Trade","Caltrops","Skewer+1"],"relics":["Ring of the Snake","Ice Cream","Tiny Chest","Omamori","Cursed Key","Unceasing Top","PreservedInsect"],"potions_floor_usage":[8,18,24,25],"damage_taken":[{"damage":0,"enemies":"Jaw Worm","floor":1,"turns":4},{"damage":1,"enemies":"2 Louse","floor":3,"turns":3},{"damage":5,"enemies":"Small Slimes","floor":4,"turns":3},{"damage":3,"enemies":"3 Louse","floor":6,"turns":3},{"damage":2,"enemies":"3 Sentries","floor":8,"turns":5},{"damage":22,"enemies":"Exordium Wildlife","floor":11,"turns":4},{"damage":2,"enemies":"Large Slime","floor":12,"turns":7},{"damage":0,"enemies":"3 Louse","floor":14,"turns":3},{"damage":17,"enemies":"The Guardian","floor":16,"turns":12},{"damage":17,"enemies":"Chosen","floor":18,"turns":4},{"damage":23,"enemies":"Shell Parasite","floor":20,"turns":6},{"damage":26,"enemies":"Book of Stabbing","floor":24,"turns":5},{"damage":8,"enemies":"Shelled Parasite and Fungi","floor":25,"turns":3}],"seed_played":"1398429360487705771","potions_obtained":[{"floor":3,"key":"Block Potion"},{"floor":4,"key":"SpeedPotion"},{"floor":11,"key":"Poison Potion"},{"floor":24,"key":"GamblersBrew"}],"is_trial":false,"path_per_floor":["M","?","M","M","$","M","R","E","T","R","M","M","?","M","R","B",null,"M","?","M","?","$","R","E","M"],"character_chosen":"THE_SILENT","items_purchased":["Unceasing Top"],"campfire_rested":3,"item_purchase_floors":[22],"current_hp_per_floor":[44,24,23,18,18,15,34,32,32,32,10,8,8,8,27,10,52,35,35,12,12,12,31,5,0],"gold":33,"neow_bonus":"ONE_RARE_RELIC","is_prod":false,"is_daily":false,"chose_seed":false,"campfire_upgraded":1,"win_rate":0,"timestamp":1558470911,"path_taken":["M","?","M","M","$","M","R","E","T","R","M","M","?","M","R","BOSS","M","?","M","?","?","R","E","M"],"build_version":"2019-01-23","purchased_purges":1,"victory":false,"max_hp_per_floor":[66,66,66,66,66,66,66,66,66,66,66,66,66,66,66,66,66,66,66,66,66,66,66,66,66],"card_choices":[{"not_picked":["Deflect","Blur"],"picked":"Dagger Spray","floor":1},{"not_picked":["Escape Plan","Bouncing Flask"],"picked":"Sucker Punch","floor":3},{"not_picked":["Poisoned Stab","Prepared"],"picked":"Sucker Punch","floor":4},{"not_picked":["Noxious Fumes","Predator"],"picked":"Die Die Die","floor":6},{"not_picked":["Backstab","Calculated Gamble"],"picked":"Slice","floor":8},{"not_picked":["Slice","Underhanded Strike"],"picked":"Cloak And Dagger","floor":11},{"not_picked":["Deflect","Sucker Punch"],"picked":"Bouncing Flask","floor":12},{"not_picked":["Cloak And Dagger","Dagger Throw"],"picked":"Endless Agony","floor":14},{"not_picked":["Grand Finale","Storm of Steel"],"picked":"Tools of the Trade","floor":16},{"not_picked":["Predator","Backflip"],"picked":"Caltrops","floor":18},{"not_picked":["Outmaneuver","Acrobatics","Underhanded Strike"],"picked":"SKIP","floor":20},{"not_picked":["Leg Sweep","Setup"],"picked":"Skewer+1","floor":24}],"player_experience":1373503,"relics_obtained":[{"floor":8,"key":"Tiny Chest"},{"floor":9,"key":"Omamori"},{"floor":24,"key":"PreservedInsect"}],"event_choices":[{"damage_healed":0,"gold_gain":0,"player_choice":"Entered Light","damage_taken":20,"max_hp_gain":0,"max_hp_loss":0,"event_name":"Shining Light","floor":2,"gold_loss":0,"cards_upgraded":["Defend_G","Strike_G"]},{"damage_healed":0,"gold_gain":0,"player_choice":"Grow","damage_taken":0,"max_hp_gain":0,"max_hp_loss":0,"event_name":"Living Wall","floor":13,"gold_loss":0,"cards_upgraded":["Cloak And Dagger"]},{"damage_healed":0,"gold_gain":0,"player_choice":"Ignored","damage_taken":0,"max_hp_gain":0,"max_hp_loss":0,"event_name":"Ghosts","floor":19,"gold_loss":0},{"damage_healed":0,"gold_gain":0,"player_choice":"Simplicity","damage_taken":0,"max_hp_gain":0,"max_hp_loss":0,"event_name":"Back to Basics","floor":21,"gold_loss":0,"cards_upgraded":["Defend_G","Defend_G","Defend_G","Defend_G","Strike_G","Strike_G","Strike_G"]}],"is_beta":false,"boss_relics":[{"not_picked":["White Beast Statue","Pandora\u0027s Box"],"picked":"Cursed Key"}],"items_purged_floors":[5],"is_endless":false,"potions_floor_spawned":[3,4,11,24],"killed_by":"Shelled Parasite and Fungi","ascension_level":20}