{"gold_per_floor":[109,184,202,212,232,232,232,251,251,251,271,196,212,245,245,245],"floor_reached":16,"playtime":290,"items_purged":["Defend_R"],"score":104,"play_id":"fd818ba1-01ee-4300-87cb-402a98573fef","local_time":"20190709143811","is_ascension_mode":false,"campfire_choices":[{"data":"Bash","floor":6,"key":"SMITH"},{"data":"Strike_R","floor":10,"key":"SMITH"},{"data":"Strike_R","floor":15,"key":"SMITH"}],"neow_cost":"NONE","seed_source_timestamp":6315354853689619,"circlet_count":0,"master_deck":["Strike_R+1","Strike_R+1","Strike_R","Strike_R+1","Defend_R","Defend_R","Defend_R","Bash+1"],"special_seed":0,"relics":["Burning Blood","Kunai","Red Skull"],"potions_floor_usage":[14],"damage_taken":[{"damage":6.0,"enemies":"Jaw Worm","floor":1.0,"turns":5.0},{"damage":6,"enemies":"Cultist","floor":3,"turns":3},{"damage":0,"enemies":"Small Slimes","floor":4,"turns":3},{"damage":16,"enemies":"Exordium Thugs","floor":5,"turns":5},{"damage":6,"enemies":"Exordium Wildlife","floor":8,"turns":3},{"damage":9,"enemies":"2 Fungi Beasts","floor":11,"turns":3},{"damage":14,"enemies":"Blue Slaver","floor":13,"turns":3},{"damage":31,"enemies":"Lagavulin","floor":14,"turns":5},{"damage":0,"enemies":"The Guardian","floor":16,"turns":1}],"seed_played":"8731173766663026016","potions_obtained":[{"floor":1.0,"key":"GamblersBrew"},{"floor":4,"key":"BloodPotion"},{"floor":11,"key":"EntropicBrew"},{"floor":14,"key":"Explosive Potion"}],"is_trial":false,"path_per_floor":["M","?","M","M","M","R","?","M","T","R","M","$","M","E","R","B"],"character_chosen":"IRONCLAD","items_purchased":[],"campfire_rested":0,"item_purchase_floors":[],"current_hp_per_floor":[80,72,72,78,68,68,68,68,68,68,65,65,57,52,52,52],"gold":245,"neow_bonus":"REMOVE_CARD","is_prod":false,"is_daily":false,"chose_seed":false,"campfire_upgraded":3,"win_rate":0,"timestamp":1562697491,"path_taken":["M","?","M","M","?","R","?","M","T","R","M","$","M","E","R","BOSS"],"build_version":"2019-07-05","purchased_purges":1,"victory":false,"max_hp_per_floor":[80,80,80,80,80,80,80,80,80,80,80,80,80,80,80,80],"card_choices":[{"not_picked":["Intimidate","Sword Boomerang","Sever Soul"],"picked":"SKIP","floor":1.0},{"not_picked":["Twin Strike","Warcry","Cleave"],"picked":"SKIP","floor":3},{"not_picked":["Whirlwind","Bloodletting","Feel No Pain"],"picked":"SKIP","floor":4},{"not_picked":["Anger","Berserk","Clothesline"],"picked":"SKIP","floor":5},{"not_picked":["Pommel Strike","Armaments","Body Slam"],"picked":"SKIP","floor":8},{"not_picked":["Sword Boomerang","Sever Soul","Intimidate"],"picked":"SKIP","floor":11},{"not_picked":["Warcry","Pummel","Fire Breathing"],"picked":"SKIP","floor":13},{"not_picked":["Iron Wave","Burning Pact","Cleave"],"picked":"SKIP","floor":14}],"player_experience":931608,"relics_obtained":[{"floor":9,"key":"Kunai"},{"floor":14,"key":"Red Skull"}],"event_choices":[{"damage_healed":0,"gold_gain":75,"player_choice":"Touch","damage_taken":8,"max_hp_gain":0,"max_hp_loss":0,"event_name":"FaceTrader","floor":2,"gold_loss":0},{"damage_healed":0,"gold_gain":0,"player_choice":"Forge","damage_taken":0,"max_hp_gain":0,"max_hp_loss":0,"event_name":"Accursed Blacksmith","floor":7,"gold_loss":0,"cards_upgraded":["Strike_R"]}],"is_beta":false,"boss_relics":[],"items_purged_floors":[12],"is_endless":false,"potions_floor_spawned":[1,4,11,14],"killed_by":"The Guardian","ascension_level":0}