{"gold_per_floor":[117,127,139,139,54,54,82,82,132,161,161],"floor_reached":11,"playtime":238,"items_purged":[],"score":162,"play_id":"dc078501-7a82-439a-9798-3856fb651885","local_time":"20190702205237","is_ascension_mode":true,"campfire_choices":[{"data":"Neutralize","floor":6,"key":"SMITH"}],"neow_cost":"NONE","seed_source_timestamp":5733202612202170,"circlet_count":0,"master_deck":["AscendersBane","Strike_G","Strike_G","Strike_G","Strike_G","Strike_G","Defend_G","Defend_G","Defend_G","Defend_G","Defend_G","Survivor","Neutralize+1","Poisoned Stab","Predator","Noxious Fumes","Crippling Poison"],"relics":["Ring of the Snake","NeowsBlessing","Lantern","Ancient Tea Set","Paper Crane"],"potions_floor_usage":[7,11],"damage_taken":[{"damage":0,"enemies":"Cultist","floor":1,"turns":1},{"damage":0,"enemies":"2 Louse","floor":2,"turns":1},{"damage":0,"enemies":"Jaw Worm","floor":3,"turns":1},{"damage":27,"enemies":"3 Sentries","floor":7,"turns":8},{"damage":44,"enemies":"Gremlin Nob","floor":10,"turns":5},{"damage":14,"enemies":"Large Slime","floor":11,"turns":4}],"seed_played":"8196005231392690966","potions_obtained":[{"floor":1,"key":"Swift Potion"},{"floor":10,"key":"Explosive Potion"}],"is_trial":false,"path_per_floor":["M","M","M","?","$","R","E","?","T","E","M"],"character_chosen":"THE_SILENT","items_purchased":["Predator"],"campfire_rested":0,"item_purchase_floors":[5],"current_hp_per_floor":[59,59,59,59,59,59,32,54,54,10,0],"gold":161,"neow_bonus":"THREE_ENEMY_KILL","is_prod":false,"is_daily":false,"chose_seed":false,"campfire_upgraded":1,"win_rate":0,"timestamp":1562115157,"path_taken":["M","M","?","?","$","R","E","?","T","E","M"],"build_version":"2019-07-01","purchased_purges":0,"victory":false,"max_hp_per_floor":[66,66,66,66,66,66,66,66,66,66,66],"card_choices":[{"not_picked":["Backflip","Blade Dance","Tactician"],"picked":"SKIP","floor":1},{"not_picked":["Finisher","Dodge and Roll","Escape Plan"],"picked":"SKIP","floor":2},{"not_picked":["Underhanded Strike","Deflect"],"picked":"Poisoned Stab","floor":3},{"not_picked":["Slice","Die Die Die"],"picked":"Noxious Fumes","floor":7},{"not_picked":["Catalyst","Choke"],"picked":"Crippling Poison","floor":10}],"player_experience":843330,"relics_obtained":[{"floor":7,"key":"Lantern"},{"floor":9,"key":"Ancient Tea Set"},{"floor":10,"key":"Paper Crane"}],"event_choices":[{"damage_healed":0,"gold_gain":0,"player_choice":"Leave","damage_taken":0,"max_hp_gain":0,"max_hp_loss":0,"event_name":"The Cleric","floor":4,"gold_loss":0},{"damage_healed":22,"gold_gain":0,"player_choice":"Banana","damage_taken":0,"max_hp_gain":0,"max_hp_loss":0,"event_name":"Big Fish","floor":8,"gold_loss":0}],"is_beta":false,"boss_relics":[],"items_purged_floors":[],"is_endless":false,"potions_floor_spawned":[1,10],"killed_by":"Large Slime","ascension_level":20}