{"gold_per_floor":[119,139,159,170,95,95,126,51,51,84,94,94,156,190,190,264,264,279,279,279,307,232,257,257,292,317,334,368,368,383,417,417,417],"floor_reached":33,"playtime":1022,"items_purged":["Strike_R"],"score":707,"play_id":"6571ab47-57f2-4a14-ab84-2b1afea05653","local_time":"20190628124657","is_ascension_mode":true,"campfire_choices":[{"data":"Bash","floor":6.0,"key":"SMITH"},{"data":"Heavy Blade","floor":12.0,"key":"SMITH"},{"data":"Pommel Strike","floor":15.0,"key":"SMITH"},{"data":"Inflame","floor":24.0,"key":"SMITH"},{"floor":29.0,"key":"REST"},{"data":"Fiend Fire","floor":32,"key":"SMITH"}],"neow_cost":"NONE","seed_source_timestamp":0,"circlet_count":0,"master_deck":["AscendersBane","Defend_R","Defend_R","Defend_R","Defend_R","Bash+1","Inflame","Sentinel","Twin Strike","Twin Strike","Carnage","Inflame+1","Heavy Blade+1","Pummel","Pommel Strike+1","Fiend Fire+1","Bite","Bite","Bite","Bite","Bite","Heavy Blade+1","Uppercut+1","Barricade"],"special_seed":0,"relics":["Burning Blood","Meat on the Bone","Self Forming Clay","Gambling Chip","Matryoshka","Busted Crown","Mercury Hourglass","Red Mask","Smiling Mask","Dream Catcher","Letter Opener","Ancient Tea Set","Juzu Bracelet","Vajra"],"potions_floor_usage":[31,31],"damage_taken":[{"damage":7.0,"enemies":"Cultist","floor":1.0,"turns":4.0},{"damage":8.0,"enemies":"Small Slimes","floor":2.0,"turns":4.0},{"damage":6.0,"enemies":"Jaw Worm","floor":3.0,"turns":5.0},{"damage":6.0,"enemies":"Large Slime","floor":4.0,"turns":5.0},{"damage":31.0,"enemies":"Gremlin Nob","floor":7.0,"turns":4.0},{"damage":30.0,"enemies":"Lagavulin","floor":10.0,"turns":5.0},{"damage":6.0,"enemies":"Looter","floor":11.0,"turns":3.0},{"damage":8.0,"enemies":"Gremlin Nob","floor":13.0,"turns":3.0},{"damage":22.0,"enemies":"3 Sentries","floor":14.0,"turns":6.0},{"damage":51.0,"enemies":"Hexaghost","floor":16.0,"turns":9.0},{"damage":9.0,"enemies":"3 Byrds","floor":18.0,"turns":4.0},{"damage":9.0,"enemies":"Masked Bandits","floor":21.0,"turns":3.0},{"damage":43.0,"enemies":"Book of Stabbing","floor":23.0,"turns":4.0},{"damage":27.0,"enemies":"Slavers","floor":25.0,"turns":4.0},{"damage":0.0,"enemies":"Chosen","floor":27.0,"turns":2.0},{"damage":41.0,"enemies":"Book of Stabbing","floor":28.0,"turns":4.0},{"damage":33,"enemies":"Shelled Parasite and Fungi","floor":30,"turns":4},{"damage":24,"enemies":"Slavers","floor":31,"turns":4},{"damage":60,"enemies":"Collector","floor":33,"turns":5}],"seed_played":"-5221157998142715709","potions_obtained":[{"floor":1.0,"key":"Block Potion"},{"floor":10.0,"key":"Swift Potion"},{"floor":13.0,"key":"Swift Potion"},{"floor":16.0,"key":"FearPotion"},{"floor":28.0,"key":"Explosive Potion"},{"floor":30,"key":"Block Potion"}],"is_trial":false,"path_per_floor":["M","M","M","M","?","R","E","$","T","E","M","R","?","E","R","B",null,"M","?","?","?","?","E","R","E","T","M","E","R","M","E","R","B"],"character_chosen":"IRONCLAD","items_purchased":[],"campfire_rested":1,"item_purchase_floors":[],"current_hp_per_floor":[74,72,72,72,72,72,47,47,47,35,47,47,57,53,53,20,67,64,64,57,54,54,33,33,32,32,38,19,36,25,27,27,0],"gold":417,"neow_bonus":"TEN_PERCENT_HP_BONUS","is_prod":false,"is_daily":false,"chose_seed":false,"campfire_upgraded":5,"win_rate":0,"timestamp":1561722417,"path_taken":["M","M","M","?","?","R","E","$","T","E","M","R","?","E","R","BOSS","M","?","?","?","?","E","R","E","T","?","E","R","M","E","R","BOSS"],"build_version":"2019-01-23","purchased_purges":1,"victory":false,"max_hp_per_floor":[82,82,82,82,82,82,82,82,82,82,82,82,82,82,82,82,82,82,82,57,57,57,57,57,57,57,57,57,57,57,57,57,57],"card_choices":[{"not_picked":["Cleave","Perfected Strike"],"picked":"Inflame","floor":1.0},{"not_picked":["Body Slam","Evolve"],"picked":"Sentinel","floor":2.0},{"not_picked":["Dual Wield","Flex"],"picked":"Twin Strike","floor":3.0},{"not_picked":["Clash","Reaper"],"picked":"Twin Strike","floor":4.0},{"not_picked":["Flex","Corruption"],"picked":"Carnage","floor":7.0},{"not_picked":["Shrug It Off","Thunderclap"],"picked":"Inflame","floor":10.0},{"not_picked":["Juggernaut","Twin Strike"],"picked":"Heavy Blade","floor":11.0},{"not_picked":["Havoc","Heavy Blade"],"picked":"Pummel","floor":13.0},{"not_picked":["Second Wind","Flex"],"picked":"Pommel Strike","floor":14.0},{"not_picked":["Brutality","Juggernaut"],"picked":"Fiend Fire","floor":16.0},{"not_picked":["Hemokinesis"],"picked":"SKIP","floor":18.0},{"not_picked":["Blood for Blood"],"picked":"SKIP","floor":23.0},{"not_picked":["Dual Wield"],"picked":"SKIP","floor":25.0},{"not_picked":[],"picked":"Heavy Blade+1","floor":27.0},{"not_picked":["Clash"],"picked":"SKIP","floor":28.0},{"not_picked":[],"picked":"Uppercut+1","floor":30},{"not_picked":[],"picked":"Barricade","floor":31}],"player_experience":1495259,"relics_obtained":[{"floor":7.0,"key":"Meat on the Bone"},{"floor":10.0,"key":"Self Forming Clay"},{"floor":13.0,"key":"Gambling Chip"},{"floor":14.0,"key":"Matryoshka"},{"floor":21.0,"key":"Red Mask"},{"floor":23.0,"key":"Smiling Mask"},{"floor":25.0,"key":"Dream Catcher"},{"floor":26.0,"key":"Letter Opener"},{"floor":26.0,"key":"Ancient Tea Set"},{"floor":28.0,"key":"Juzu Bracelet"},{"floor":31,"key":"Vajra"}],"event_choices":[{"cards_removed":["Strike_R"],"damage_healed":0.0,"max_hp_gain":0.0,"max_hp_loss":0.0,"gold_gain":0.0,"event_name":"The Cleric","player_choice":"Card Removal","floor":5.0,"gold_loss":75.0,"damage_taken":0.0},{"damage_healed":0.0,"max_hp_gain":0.0,"max_hp_loss":0.0,"gold_gain":30.0,"event_name":"Dead Adventurer","player_choice":"Searched \u00272\u0027 times","floor":13.0,"gold_loss":0.0,"damage_taken":0.0},{"damage_healed":0.0,"max_hp_gain":0.0,"max_hp_loss":0.0,"gold_gain":0.0,"event_name":"The Mausoleum","player_choice":"Opened","floor":19.0,"gold_loss":0.0,"damage_taken":0.0,"relics_obtained":["Mercury Hourglass"],"cards_obtained":["Writhe"]},{"damage_healed":0.0,"max_hp_gain":0.0,"max_hp_loss":25.0,"gold_gain":0.0,"event_name":"Vampires","player_choice":"Became a vampire","floor":20.0,"gold_loss":0.0,"damage_taken":0.0,"cards_obtained":["Bite","Bite","Bite","Bite","Bite"]},{"damage_healed":0.0,"max_hp_gain":0.0,"max_hp_loss":0.0,"gold_gain":0.0,"event_name":"Masked Bandits","player_choice":"Fought Bandits","floor":21.0,"gold_loss":0.0,"damage_taken":0.0},{"cards_removed":["Writhe"],"damage_healed":0.0,"max_hp_gain":0.0,"max_hp_loss":0.0,"gold_gain":0.0,"event_name":"Beggar","player_choice":"Gave Gold","floor":22.0,"gold_loss":75.0,"damage_taken":0.0}],"is_beta":false,"boss_relics":[{"not_picked":["Orrery","White Beast Statue"],"picked":"Busted Crown"}],"items_purged_floors":[8],"is_endless":false,"potions_floor_spawned":[1,10,13,16,21,28,30],"killed_by":"Collector","ascension_level":20}