{"gold_per_floor":[109,109,126,126,145,145,163,163,163,180,193,223,223,223,223,312,312,330,348,77,91,91,91],"floor_reached":23,"playtime":759,"items_purged":[],"score":486,"play_id":"bb65ee52-26eb-4fd0-a4d8-a9c791c31f74","local_time":"20190711145401","is_ascension_mode":true,"campfire_choices":[{"data":"Creative AI","floor":6.0,"key":"SMITH"},{"data":"Zap","floor":8.0,"key":"SMITH"},{"floor":15.0,"key":"REST"}],"neow_cost":"NONE","seed_source_timestamp":110961283553000,"circlet_count":0,"master_deck":["AscendersBane","Strike_B+1","Strike_B","Strike_B","Strike_B","Defend_B","Defend_B","Defend_B","Defend_B","Zap+1","Dualcast+1","Blizzard","Sweeping Beam","Creative AI+1","Hologram","Leap","Defragment","Defragment","Injury","Meteor Strike","Machine Learning","Leap","Sweeping Beam","Leap+1","RitualDagger"],"special_seed":0,"relics":["Inserter","Thread and Needle","Mummified Hand","Dream Catcher","Golden Idol","Cursed Key","Lee\u0027s Waffle"],"potions_floor_usage":[],"damage_taken":[{"damage":9.0,"enemies":"Small Slimes","floor":1.0,"turns":6.0},{"damage":0.0,"enemies":"Jaw Worm","floor":3.0,"turns":3.0},{"damage":0.0,"enemies":"Cultist","floor":5.0,"turns":3.0},{"damage":0.0,"enemies":"3 Louse","floor":7.0,"turns":4.0},{"damage":7.0,"enemies":"2 Fungi Beasts","floor":10.0,"turns":3.0},{"damage":4.0,"enemies":"Blue Slaver","floor":11.0,"turns":4.0},{"damage":34.0,"enemies":"Gremlin Nob","floor":12.0,"turns":6.0},{"damage":0.0,"enemies":"Slime Boss","floor":16.0,"turns":6.0},{"damage":14.0,"enemies":"3 Byrds","floor":18.0,"turns":5.0},{"damage":10.0,"enemies":"Chosen","floor":19.0,"turns":6.0},{"damage":30.0,"enemies":"3 Cultists","floor":21.0,"turns":6.0},{"damage":48,"enemies":"Book of Stabbing","floor":23,"turns":5}],"seed_played":"7450801671524328503","potions_obtained":[{"floor":1.0,"key":"PowerPotion"},{"floor":7.0,"key":"Regen Potion"},{"floor":12.0,"key":"Fire Potion"},{"floor":18.0,"key":"GamblersBrew"},{"floor":21.0,"key":"FearPotion"}],"is_trial":false,"path_per_floor":["M","?","M","T","M","R","M","R","T","M","M","E","?","?","R","B",null,"M","M","$","M","?","E"],"character_chosen":"DEFECT","items_purchased":["Lee\u0027s Waffle","Swift Potion"],"campfire_rested":1,"item_purchase_floors":[20,20],"current_hp_per_floor":[55,34,34,34,34,34,34,34,34,27,23,4,4,4,25,25,60,46,36,78,48,42,0],"gold":91,"neow_bonus":"BOSS_RELIC","is_prod":false,"is_daily":false,"chose_seed":false,"campfire_upgraded":2,"win_rate":0,"timestamp":1562882041,"path_taken":["M","?","M","?","?","R","M","R","T","M","M","E","?","?","R","BOSS","M","M","$","M","?","E"],"build_version":"2019-07-05","purchased_purges":0,"victory":false,"max_hp_per_floor":[71,71,71,71,71,71,71,71,71,71,71,71,71,71,71,71,71,71,71,78,78,78,78],"card_choices":[{"not_picked":["Beam Cell","Conserve Battery"],"picked":"Blizzard","floor":1.0},{"not_picked":["Steam","Aggregate"],"picked":"Sweeping Beam","floor":3.0},{"not_picked":["Beam Cell","Steam"],"picked":"Creative AI","floor":5.0},{"not_picked":["Steam","Beam Cell"],"picked":"Hologram","floor":7.0},{"not_picked":["Beam Cell","Conserve Battery"],"picked":"Leap","floor":10.0},{"not_picked":["Streamline","Compile Driver"],"picked":"Defragment","floor":11.0},{"not_picked":["Beam Cell","Sunder"],"picked":"Defragment","floor":12.0},{"not_picked":["Static Discharge","Redo"],"picked":"Meteor Strike","floor":15.0},{"not_picked":["Electrodynamics","Multi-Cast"],"picked":"Machine Learning","floor":16.0},{"not_picked":["Cold Snap","Lockon"],"picked":"Leap","floor":18.0},{"not_picked":["Streamline","Beam Cell"],"picked":"Sweeping Beam","floor":19.0},{"not_picked":["Turbo","Go for the Eyes+1"],"picked":"Leap+1","floor":21.0}],"player_experience":1274266,"relics_obtained":[{"floor":4.0,"key":"Thread and Needle"},{"floor":9.0,"key":"Mummified Hand"},{"floor":12.0,"key":"Dream Catcher"}],"event_choices":[{"damage_healed":0.0,"max_hp_gain":0.0,"max_hp_loss":0.0,"gold_gain":0.0,"event_name":"Shining Light","player_choice":"Entered Light","floor":2.0,"gold_loss":0.0,"damage_taken":21.0,"cards_upgraded":["Strike_B","Dualcast"]},{"damage_healed":0.0,"max_hp_gain":0.0,"max_hp_loss":0.0,"gold_gain":0.0,"event_name":"Dead Adventurer","player_choice":"Searched \u00270\u0027 times","floor":13.0,"gold_loss":0.0,"damage_taken":0.0},{"damage_healed":0.0,"max_hp_gain":0.0,"max_hp_loss":0.0,"gold_gain":0.0,"event_name":"Golden Idol","player_choice":"Take Wound","floor":14.0,"gold_loss":0.0,"damage_taken":0.0,"relics_obtained":["Golden Idol"],"cards_obtained":["Injury"]},{"damage_healed":0.0,"max_hp_gain":0.0,"max_hp_loss":0.0,"gold_gain":0.0,"event_name":"Nest","player_choice":"Joined the Cult","floor":22.0,"gold_loss":0.0,"damage_taken":6.0,"cards_obtained":["RitualDagger"]}],"is_beta":false,"boss_relics":[{"not_picked":["Orrery","Fusion Hammer"],"picked":"Cursed Key"}],"items_purged_floors":[],"is_endless":false,"potions_floor_spawned":[1,7,12,18,21],"killed_by":"Book of Stabbing","ascension_level":20}