{"gold_per_floor":[11,31,31,31,31,31,31,49,76,112,112,125,125,125,125,125],"floor_reached":16,"playtime":416,"items_purged":[],"score":196,"play_id":"986ed39f-fdab-495f-9c9a-76bbd4ec228b","local_time":"20190610093713","is_ascension_mode":true,"campfire_choices":[{"data":"Strike_R","floor":6,"key":"PURGE"},{"floor":11,"key":"REST"},{"data":"Strike_R","floor":13,"key":"PURGE"},{"floor":15,"key":"REST"}],"neow_cost":"NO_GOLD","seed_source_timestamp":55550200051500,"circlet_count":0,"master_deck":["AscendersBane","Strike_R","Strike_R","Defend_R","Defend_R","Defend_R","Defend_R","Bash","Shockwave","Twin Strike","Iron Wave","Twin Strike","Shrug It Off"],"relics":["Burning Blood","Peace Pipe","Golden Idol","Pen Nib","Champion Belt","Mercury Hourglass"],"potions_floor_usage":[16],"damage_taken":[{"damage":11,"enemies":"2 Louse","floor":1,"turns":3},{"damage":4,"enemies":"Small Slimes","floor":2,"turns":4},{"damage":14,"enemies":"Jaw Worm","floor":8,"turns":5},{"damage":27,"enemies":"Gremlin Nob","floor":10,"turns":4},{"damage":17,"enemies":"Lots of Slimes","floor":12,"turns":6},{"damage":29,"enemies":"Hexaghost","floor":16,"turns":11}],"seed_played":"-1797088670536468450","potions_obtained":[{"floor":2,"key":"Dexterity Potion"},{"floor":12,"key":"GamblersBrew"}],"is_trial":false,"path_per_floor":["M","M","?","$","?","R","$","M","T","E","R","M","R","?","R","B"],"character_chosen":"IRONCLAD","items_purchased":[],"campfire_rested":2,"item_purchase_floors":[],"current_hp_per_floor":[63,65,39,39,39,39,39,31,31,10,32,21,21,10,32,3],"gold":125,"neow_bonus":"ONE_RARE_RELIC","is_prod":false,"is_daily":false,"chose_seed":false,"campfire_upgraded":0,"win_rate":0,"timestamp":1560155833,"path_taken":["M","M","?","$","?","R","$","M","T","E","R","M","R","?","R","BOSS"],"build_version":"2019-01-23","purchased_purges":0,"victory":false,"max_hp_per_floor":[75,75,75,75,75,75,75,75,75,75,75,75,75,75,75,75],"card_choices":[{"not_picked":["Flex","Clash"],"picked":"Shockwave","floor":1},{"not_picked":["Body Slam","Searing Blow"],"picked":"Twin Strike","floor":2},{"not_picked":["Power Through","Wild Strike"],"picked":"Iron Wave","floor":8},{"not_picked":["Heavy Blade","Limit Break"],"picked":"Twin Strike","floor":10},{"not_picked":["Perfected Strike","Burning Pact"],"picked":"Shrug It Off","floor":12}],"player_experience":1440251,"relics_obtained":[{"floor":9,"key":"Pen Nib"},{"floor":10,"key":"Champion Belt"}],"event_choices":[{"damage_healed":0,"gold_gain":0,"player_choice":"Take Damage","damage_taken":26,"relics_obtained":["Golden Idol"],"max_hp_gain":0,"max_hp_loss":0,"event_name":"Golden Idol","floor":3,"gold_loss":0},{"cards_removed":["Strike_R"],"damage_healed":0,"gold_gain":0,"player_choice":"Forget","damage_taken":0,"max_hp_gain":0,"max_hp_loss":0,"event_name":"Living Wall","floor":5,"gold_loss":0},{"damage_healed":0,"gold_gain":0,"player_choice":"Success","damage_taken":11,"relics_obtained":["Mercury Hourglass"],"max_hp_gain":0,"max_hp_loss":0,"event_name":"Scrap Ooze","floor":14,"gold_loss":0}],"is_beta":false,"boss_relics":[],"items_purged_floors":[],"is_endless":false,"potions_floor_spawned":[2,12],"killed_by":"Hexaghost","ascension_level":20}