{"path_per_floor":["M","M","?","?","M","R","E","R","T","R","$","M","M","$","R","B",null,"M","M","M","?","$","R","M","R","T","?","R","M","R","$","R"],"character_chosen":"DEFECT","items_purchased":["White Noise","Capacitor","Conserve Battery","Melter"],"gold_per_floor":[117,131,131,131,144,144,177,177,202,202,27,44,54,54,54,159,159,141,157,168,168,15,15,30,30,54,0,0,14,14,14,14,14],"floor_reached":33,"campfire_rested":5,"playtime":1278,"current_hp_per_floor":[75,75,82,82,82,82,54,78,78,78,78,78,77,77,77,30,82,61,47,37,37,37,61,42,66,66,66,82,48,72,72,72,0],"items_purged":["Strike_B"],"gold":14,"score":245,"play_id":"ccb0f17e-cf5c-4d54-a887-7041a3ef42b5","local_time":"20180501173202","is_prod":false,"is_daily":false,"chose_seed":false,"is_ascension_mode":false,"campfire_upgraded":4,"timestamp":1525221122,"path_taken":["M","M","?","?","M","R","E","R","T","R","$","M","M","?","R","BOSS","M","M","?","?","$","R","M","R","T","?","R","M","R","$","R","BOSS"],"build_version":"2018-05-01","seed_source_timestamp":1400396159570470,"purchased_purges":1,"victory":false,"master_deck":["Strike_B","Strike_B","Strike_B","Defend_B","Defend_B","Defend_B","Defend_B","Zap","Dualcast+1","Chill","Ball Lightning","FTL","Rainbow+1","White Noise+1","Capacitor","Conserve Battery","Skim","Ball Lightning","Redo+1","Loop","Ball Lightning","Axe Kick+1","Melter","Coolheaded","Machine Learning"],"max_hp_per_floor":[75,75,82,82,82,82,82,82,82,82,82,82,82,82,82,82,82,82,82,82,82,82,82,82,82,82,82,82,82,82,82,82,82],"relics":["Cracked Core","NeowsBlessing","Strawberry","Bronze Scales","Lantern","Snecko Eye","Prayer Wheel"],"card_choices":[{"not_picked":["Rebound","Barrage"],"picked":"Chill","floor":1},{"not_picked":["Storm","Reprogram"],"picked":"Ball Lightning","floor":2},{"not_picked":["Hologram","Impulse"],"picked":"FTL","floor":5},{"not_picked":["Axe Kick","Hologram"],"picked":"Rainbow","floor":7},{"not_picked":["Capacitor","Hello World"],"picked":"Skim","floor":12},{"not_picked":["FTL","Beam Cell"],"picked":"Ball Lightning","floor":13},{"not_picked":["Fission","Thunder Strike"],"picked":"Redo","floor":16},{"not_picked":["Capacitor","Leap"],"picked":"Loop","floor":18},{"not_picked":["Capacitor","Go for the Eyes"],"picked":"Ball Lightning","floor":19},{"not_picked":["Rebound","Hologram"],"picked":"Axe Kick","floor":20},{"not_picked":["Stack","Blizzard"],"picked":"Coolheaded","floor":24},{"not_picked":["Skim","Ball Lightning"],"picked":"Machine Learning","floor":29}],"player_experience":22500,"potions_floor_usage":[18,33,33],"damage_taken":[{"damage":0,"enemies":"Jaw Worm","floor":1,"turns":1},{"damage":0,"enemies":"2 Louse","floor":2,"turns":1},{"damage":0,"enemies":"Small Slimes","floor":5,"turns":1},{"damage":28,"enemies":"Gremlin Nob","floor":7,"turns":4},{"damage":0,"enemies":"Blue Slaver","floor":12,"turns":3},{"damage":8,"enemies":"Gremlin Gang","floor":13,"turns":3},{"damage":47,"enemies":"The Guardian","floor":16,"turns":9},{"damage":21,"enemies":"2 Thieves","floor":18,"turns":4},{"damage":14,"enemies":"3 Byrds","floor":19,"turns":2},{"damage":10,"enemies":"Snecko","floor":20,"turns":5},{"damage":19,"enemies":"Snake Plant","floor":24,"turns":3},{"damage":41,"enemies":"Centurion and Healer","floor":29,"turns":8},{"damage":91,"enemies":"Collector","floor":33,"turns":10}],"event_choices":[{"event_name":"Big Fish","player_choice":"Box","floor":3,"damage_taken":0},{"event_name":"Living Wall","player_choice":"Forget","floor":4,"damage_taken":0},{"event_name":"Vampires","player_choice":"Ignored","floor":21,"damage_taken":0},{"event_name":"Masked Bandits","player_choice":"Paid Bandits 54 gold","floor":27,"damage_taken":0}],"boss_relics":[{"not_picked":["Astrolabe","Runic Pyramid"],"picked":"Snecko Eye"}],"potions_floor_spawned":[7,12,13,16,29],"seed_played":"1504866840369160044","killed_by":"Collector","ascension_level":0,"is_trial":false}