{"gold_per_floor":[117,128,146,164,178,178,192,192,192,208,236,17,17,79,79,178,178,189,89,89,89,109,141,141,166,189,200,214,89,105,115,115,210,210,223,73,89,99,115,115,131,131,131,131,159,137,147,147],"floor_reached":48,"playtime":8968,"items_purged":["Strike_R","Strike_R","Writhe","Strike_R"],"score":498,"play_id":"16465b33-2ff9-4038-bdf8-ecc763f76bab","local_time":"20190709131724","is_ascension_mode":false,"campfire_choices":[{"data":"Whirlwind","floor":6.0,"key":"SMITH"},{"data":"Flex","floor":8.0,"key":"SMITH"},{"data":"True Grit","floor":13.0,"key":"SMITH"},{"data":"Pommel Strike","floor":15.0,"key":"SMITH"},{"data":"1","floor":24.0,"key":"LIFT"},{"data":"2","floor":32.0,"key":"LIFT"},{"data":"3","floor":40,"key":"LIFT"}],"neow_cost":"","seed_source_timestamp":0,"circlet_count":0,"master_deck":["Strike_R","Strike_R","Defend_R","Defend_R","Defend_R","Defend_R","Bash","Whirlwind+1","Carnage","Pommel Strike+1","Inflame","Fiend Fire","Flex+1","Bloodletting","True Grit+1","Metallicize","Dark Embrace","Uppercut+1","Clash+1","Infernal Blade+1","Double Tap+1","Iron Wave","Flame Barrier+1","Clash","Flame Barrier","Barricade","Clothesline+1","Clash","Sever Soul+1","Pommel Strike+1","Uppercut","Flex+1","True Grit","Dropkick"],"special_seed":0,"relics":["Burning Blood","Charon\u0027s Ashes","Odd Mushroom","Anchor","Oddly Smooth Stone","Coffee Dripper","Sundial","Girya","Happy Flower","War Paint","Lizard Tail","Gambling Chip","Paper Frog"],"potions_floor_usage":[45],"damage_taken":[{"damage":5.0,"enemies":"Cultist","floor":1.0,"turns":4.0},{"damage":3.0,"enemies":"Jaw Worm","floor":2.0,"turns":4.0},{"damage":10.0,"enemies":"Small Slimes","floor":3.0,"turns":2.0},{"damage":10.0,"enemies":"Looter","floor":4.0,"turns":2.0},{"damage":1.0,"enemies":"Exordium Thugs","floor":5.0,"turns":4.0},{"damage":7.0,"enemies":"2 Fungi Beasts","floor":7.0,"turns":2.0},{"damage":0.0,"enemies":"Lots of Slimes","floor":10.0,"turns":1.0},{"damage":23.0,"enemies":"The Mushroom Lair","floor":11.0,"turns":3.0},{"damage":16.0,"enemies":"Gremlin Nob","floor":14.0,"turns":3.0},{"damage":27.0,"enemies":"The Guardian","floor":16.0,"turns":7.0},{"damage":0.0,"enemies":"3 Byrds","floor":18.0,"turns":4.0},{"damage":0.0,"enemies":"Spheric Guardian","floor":22.0,"turns":3.0},{"damage":38.0,"enemies":"Book of Stabbing","floor":23.0,"turns":4.0},{"damage":18.0,"enemies":"Slavers","floor":25.0,"turns":5.0},{"damage":0.0,"enemies":"Cultist and Chosen","floor":27.0,"turns":3.0},{"damage":8.0,"enemies":"Snake Plant","floor":28.0,"turns":3.0},{"damage":0.0,"enemies":"Shelled Parasite and Fungi","floor":30.0,"turns":4.0},{"damage":8.0,"enemies":"Snecko","floor":31.0,"turns":4.0},{"damage":27.0,"enemies":"Champ","floor":33.0,"turns":8.0},{"damage":0.0,"enemies":"3 Shapes","floor":35.0,"turns":5.0},{"damage":10.0,"enemies":"Orb Walker","floor":37.0,"turns":4.0},{"damage":18.0,"enemies":"Sphere and 2 Shapes","floor":38.0,"turns":6.0},{"damage":8.0,"enemies":"3 Darklings","floor":39.0,"turns":3.0},{"damage":3,"enemies":"Maw","floor":41,"turns":7},{"damage":95,"enemies":"Nemesis","floor":45,"turns":11},{"damage":6,"enemies":"Jaw Worm Horde","floor":47,"turns":4}],"seed_played":"1837325402130411393","potions_obtained":[{"floor":1.0,"key":"Fire Potion"},{"floor":2.0,"key":"Energy Potion"},{"floor":7.0,"key":"Strength Potion"},{"floor":18.0,"key":"EssenceOfSteel"},{"floor":27.0,"key":"GamblersBrew"},{"floor":37.0,"key":"SteroidPotion"},{"floor":38.0,"key":"Dexterity Potion"},{"floor":47,"key":"Weak Potion"}],"is_trial":false,"path_per_floor":["M","M","M","M","M","R","M","R","T","M","?","$","R","?","R","B",null,"M","$","?","?","M","E","R","E","T","M","M","$","M","M","R","B",null,"M","$","M","M","M","R","M","?","T","$","E","$","M","M"],"character_chosen":"IRONCLAD","items_purchased":["Anchor","True Grit"],"campfire_rested":0,"item_purchase_floors":[12,46],"current_hp_per_floor":[80,80,76,72,77,77,76,76,76,80,63,63,63,53,53,32,80,80,80,80,80,80,48,48,36,36,42,40,40,46,44,44,23,80,80,80,76,64,62,62,65,65,65,65,20,20,20,0],"gold":147,"neow_bonus":"","is_prod":false,"is_daily":false,"chose_seed":false,"campfire_upgraded":4,"win_rate":0.0,"timestamp":1562692644,"path_taken":["M","?","M","M","M","R","M","R","T","M","?","$","R","?","R","BOSS","M","$","?","?","M","E","R","E","T","M","M","$","M","M","R","BOSS","M","$","M","M","M","R","M","?","T","?","E","$","?","M"],"build_version":"2019-07-05","purchased_purges":4,"victory":false,"max_hp_per_floor":[80,80,80,80,80,80,80,80,80,80,80,80,80,80,80,80,80,80,80,80,80,80,80,80,80,80,80,80,80,80,80,80,80,80,80,80,80,80,80,80,80,80,80,80,80,80,80,80],"card_choices":[{"not_picked":["Battle Trance","Thunderclap"],"picked":"Whirlwind","floor":1.0},{"not_picked":["Clash","Entrench"],"picked":"Carnage","floor":2.0},{"not_picked":["Iron Wave","Sword Boomerang"],"picked":"Pommel Strike","floor":3.0},{"not_picked":["Blood for Blood","Combust"],"picked":"Inflame","floor":4.0},{"not_picked":["Armaments","Fire Breathing"],"picked":"Fiend Fire","floor":5.0},{"not_picked":["Headbutt","Twin Strike"],"picked":"Flex","floor":7.0},{"not_picked":["Body Slam","Warcry"],"picked":"Bloodletting","floor":10.0},{"not_picked":["Anger","Cleave"],"picked":"True Grit","floor":11.0},{"not_picked":["Reckless Charge","Clash"],"picked":"Metallicize","floor":14.0},{"not_picked":["Brutality","Berserk"],"picked":"Dark Embrace","floor":16.0},{"not_picked":["Thunderclap+1","Corruption"],"picked":"Uppercut+1","floor":18.0},{"not_picked":["Cleave","Headbutt"],"picked":"Clash+1","floor":22.0},{"not_picked":["Dual Wield","Sever Soul"],"picked":"Infernal Blade","floor":23.0},{"not_picked":["Iron Wave","Clothesline"],"picked":"Double Tap","floor":25.0},{"not_picked":["Clash","Headbutt"],"picked":"Iron Wave","floor":27.0},{"not_picked":["Clash+1","Bloodletting"],"picked":"Flame Barrier+1","floor":28.0},{"not_picked":["Pummel","Body Slam"],"picked":"Clash","floor":30.0},{"not_picked":["Perfected Strike","Armaments"],"picked":"Flame Barrier","floor":31.0},{"not_picked":["Bludgeon","Dark Embrace"],"picked":"Barricade","floor":33.0},{"not_picked":["Battle Trance","Cleave"],"picked":"Clothesline+1","floor":35.0},{"not_picked":["Perfected Strike","Combust+1"],"picked":"Clash","floor":37.0},{"not_picked":["Thunderclap+1","Combust"],"picked":"Sever Soul+1","floor":38.0},{"not_picked":["Fire Breathing+1","Fiend Fire"],"picked":"Pommel Strike","floor":39.0},{"not_picked":["Bloodletting+1","Armaments"],"picked":"Uppercut","floor":41},{"not_picked":["Body Slam+1","Armaments"],"picked":"Flex+1","floor":45},{"not_picked":["Warcry","Flex+1"],"picked":"Dropkick","floor":47}],"player_experience":0,"relics_obtained":[{"floor":9.0,"key":"Charon\u0027s Ashes"},{"floor":11.0,"key":"Odd Mushroom"},{"floor":14.0,"key":"Oddly Smooth Stone"},{"floor":23.0,"key":"Girya"},{"floor":25.0,"key":"Happy Flower"},{"floor":26.0,"key":"War Paint"},{"floor":43,"key":"Gambling Chip"},{"floor":45,"key":"Paper Frog"}],"event_choices":[{"damage_healed":0.0,"max_hp_gain":0.0,"max_hp_loss":0.0,"gold_gain":0.0,"event_name":"Mushrooms","player_choice":"Fought Mushrooms","floor":11.0,"gold_loss":0.0,"damage_taken":0.0},{"damage_healed":0.0,"max_hp_gain":0.0,"max_hp_loss":0.0,"gold_gain":0.0,"event_name":"Dead Adventurer","player_choice":"Searched \u00271\u0027 times","floor":14.0,"gold_loss":0.0,"damage_taken":0.0},{"damage_healed":0.0,"max_hp_gain":0.0,"max_hp_loss":0.0,"gold_gain":0.0,"event_name":"Ghosts","player_choice":"Ignored","floor":20.0,"gold_loss":0.0,"damage_taken":0.0},{"damage_healed":0.0,"max_hp_gain":0.0,"max_hp_loss":0.0,"gold_gain":0.0,"event_name":"The Mausoleum","player_choice":"Opened","floor":21.0,"gold_loss":0.0,"damage_taken":0.0,"relics_obtained":["Sundial"],"cards_obtained":["Writhe"]},{"damage_healed":0,"gold_gain":0,"player_choice":"Upgraded","damage_taken":0,"max_hp_gain":0,"max_hp_loss":0,"event_name":"Upgrade Shrine","floor":42,"gold_loss":0,"cards_upgraded":["Pommel Strike"]}],"is_beta":false,"boss_relics":[{"not_picked":["Cursed Key","Black Star"],"picked":"Coffee Dripper"},{"not_picked":["Snecko Eye","Orrery"],"picked":"Lizard Tail"}],"items_purged_floors":[12,19,29,36],"is_endless":false,"potions_floor_spawned":[1,2,7,10,18,27,37,38,47],"killed_by":"Sphere and 2 Shapes","ascension_level":0}