{"gold_per_floor":[218,218,293,293,312,312,328,328,328,144,163,176,202,215,215,311,311,321,246,146,160,160,160,160,160,160,160,179,179,196,196,196,297,297,309,319,319,329,347,372,372,397,423,443,181,181,181,24,24,24],"floor_reached":51,"playtime":3417,"items_purged":["Strike_B","Strike_B","Shame","Parasite"],"score":942,"play_id":"f9ceb87f-881e-4c46-a303-b08326ddef7e","local_time":"20190709045340","is_ascension_mode":true,"campfire_choices":[{"data":"Self Repair","floor":6.0,"key":"SMITH"},{"data":"Loop","floor":8.0,"key":"SMITH"},{"data":"Loop","floor":15.0,"key":"SMITH"},{"data":"Defragment","floor":23.0,"key":"SMITH"},{"data":"Creative AI","floor":25.0,"key":"SMITH"},{"floor":27.0,"key":"REST"},{"data":"Coolheaded","floor":29.0,"key":"SMITH"},{"data":"Amplify","floor":32.0,"key":"SMITH"},{"floor":41.0,"key":"REST"},{"floor":47.0,"key":"REST"},{"data":"Echo Form","floor":49.0,"key":"SMITH"}],"neow_cost":"NONE","seed_source_timestamp":24744287500113,"circlet_count":0,"master_deck":["Zap+1","Dualcast","Self Repair+1","Cold Snap","Loop+1","Loop+1","Cold Snap","Coolheaded+1","White Noise","Glacier","Creative AI+1","Defragment+1","White Noise","Gash","FTL","Amplify+1","Echo Form+1","Coolheaded+1","Consume+1","Zap+1","Panacea+1","Apotheosis+1"],"special_seed":0,"relics":["Cracked Core","Dodecahedron","Boot","Cursed Key","PreservedInsect","Toxic Egg 2","Oddly Smooth Stone","Membership Card"],"potions_floor_usage":[],"damage_taken":[{"damage":8.0,"enemies":"Small Slimes","floor":1.0,"turns":3.0},{"damage":1.0,"enemies":"Cultist","floor":5.0,"turns":4.0},{"damage":0.0,"enemies":"2 Louse","floor":7.0,"turns":2.0},{"damage":0.0,"enemies":"Large Slime","floor":11.0,"turns":6.0},{"damage":50.0,"enemies":"Gremlin Gang","floor":12.0,"turns":5.0},{"damage":7.0,"enemies":"Lagavulin","floor":13.0,"turns":8.0},{"damage":13.0,"enemies":"Looter","floor":14.0,"turns":4.0},{"damage":7.0,"enemies":"Hexaghost","floor":16.0,"turns":13.0},{"damage":11.0,"enemies":"Chosen","floor":18.0,"turns":10.0},{"damage":0.0,"enemies":"Spheric Guardian","floor":21.0,"turns":8.0},{"damage":0.0,"enemies":"Snecko","floor":28.0,"turns":10.0},{"damage":9.0,"enemies":"Snake Plant","floor":30.0,"turns":4.0},{"damage":5.0,"enemies":"Collector","floor":33.0,"turns":9.0},{"damage":0.0,"enemies":"3 Shapes","floor":35.0,"turns":6.0},{"damage":6.0,"enemies":"Orb Walker","floor":36.0,"turns":8.0},{"damage":0.0,"enemies":"Maw","floor":38.0,"turns":9.0},{"damage":0.0,"enemies":"Writhing Mass","floor":39.0,"turns":10.0},{"damage":14.0,"enemies":"Giant Head","floor":40.0,"turns":8.0},{"damage":51.0,"enemies":"Reptomancer","floor":42.0,"turns":14.0},{"damage":5.0,"enemies":"4 Shapes","floor":44.0,"turns":12.0},{"damage":45,"enemies":"Time Eater","floor":50,"turns":28}],"seed_played":"-1359424757244689860","potions_obtained":[{"floor":1.0,"key":"Strength Potion"},{"floor":5.0,"key":"SneckoOil"},{"floor":12.0,"key":"Block Potion"},{"floor":16.0,"key":"Dexterity Potion"},{"floor":21.0,"key":"Dexterity Potion"},{"floor":35.0,"key":"EntropicBrew"},{"floor":44.0,"key":"Strength Potion"}],"is_trial":false,"path_per_floor":["M","?","?","?","M","R","M","R","T","$","M","M","E","M","R","B",null,"M","?","$","M","?","R","?","R","T","R","M","R","M","?","R","B",null,"M","M","?","M","M","E","R","E","T","M","$","?","R","$","R","B",null],"character_chosen":"DEFECT","items_purchased":["Loop","Cold Snap","Membership Card","Apotheosis+1"],"campfire_rested":3,"item_purchase_floors":[10,10,45,48],"current_hp_per_floor":[60,60,49,49,55,55,65,65,65,65,75,35,38,25,25,28,63,62,62,62,72,72,72,72,72,72,75,75,75,75,75,75,75,75,75,75,75,75,75,71,75,44,44,59,59,59,75,72,72,37],"gold":24,"neow_bonus":"HUNDRED_GOLD","is_prod":false,"is_daily":false,"chose_seed":false,"campfire_upgraded":8,"win_rate":0,"timestamp":1562640820,"path_taken":["M","?","?","?","?","R","M","R","T","$","M","M","E","M","R","BOSS","M","?","$","M","?","R","?","R","T","R","M","R","M","?","R","BOSS","M","M","?","M","M","E","R","E","T","?","$","?","R","?","R","BOSS"],"build_version":"2019-07-05","purchased_purges":4,"victory":true,"max_hp_per_floor":[75,75,75,75,75,75,75,75,75,75,75,75,75,75,75,75,75,75,75,75,75,75,75,75,75,75,75,75,75,75,75,75,75,75,75,75,75,75,75,75,75,75,75,75,75,75,75,72,72,72],"card_choices":[{"not_picked":["Force Field","Stack"],"picked":"Self Repair","floor":1.0},{"not_picked":["Redo","Steam"],"picked":"Cold Snap","floor":5.0},{"not_picked":["Beam Cell","Reinforced Body"],"picked":"Loop","floor":7.0},{"not_picked":["Hologram","Beam Cell"],"picked":"Coolheaded","floor":11.0},{"not_picked":["Go for the Eyes","Leap"],"picked":"White Noise","floor":12.0},{"not_picked":["Self Repair","Cold Snap"],"picked":"Glacier","floor":13.0},{"not_picked":["All For One","Chill","Coolheaded"],"picked":"SKIP","floor":14.0},{"not_picked":["Electrodynamics","All For One"],"picked":"Creative AI","floor":16.0},{"not_picked":["Chaos+1","Hello World"],"picked":"Defragment","floor":18.0},{"not_picked":["Redo","Steam"],"picked":"White Noise","floor":21.0},{"not_picked":["White Noise","Sweeping Beam"],"picked":"Gash","floor":28.0},{"not_picked":["Cold Snap","Steam","Conserve Battery+1"],"picked":"SKIP","floor":30.0},{"not_picked":["Fission","Amplify"],"picked":"Echo Form","floor":33.0},{"not_picked":["Scrape+1","Capacitor","Stack"],"picked":"SKIP","floor":35.0},{"not_picked":["Ball Lightning","Turbo"],"picked":"Coolheaded+1","floor":36.0},{"not_picked":["Turbo","Chill","Self Repair"],"picked":"SKIP","floor":38.0},{"not_picked":["Barrage+1","Steam Power+1","Heatsinks+1"],"picked":"SKIP","floor":39.0},{"not_picked":["Beam Cell+1","Rainbow","Genetic Algorithm"],"picked":"SKIP","floor":40.0},{"not_picked":["Hyperbeam","Lockon","Go for the Eyes"],"picked":"SKIP","floor":42.0},{"not_picked":["Hologram+1","Scrape+1"],"picked":"Consume+1","floor":44.0}],"player_experience":44368,"relics_obtained":[{"floor":9.0,"key":"Dodecahedron"},{"floor":13.0,"key":"Boot"},{"floor":40.0,"key":"PreservedInsect"},{"floor":42.0,"key":"Toxic Egg 2"},{"floor":43.0,"key":"Oddly Smooth Stone"}],"event_choices":[{"damage_healed":0.0,"max_hp_gain":0.0,"max_hp_loss":0.0,"gold_gain":0.0,"event_name":"Living Wall","player_choice":"Grow","floor":2.0,"gold_loss":0.0,"damage_taken":0.0,"cards_upgraded":["Zap"]},{"damage_healed":0.0,"max_hp_gain":0.0,"max_hp_loss":0.0,"gold_gain":75.0,"event_name":"World of Goop","player_choice":"Gather Gold","floor":3.0,"gold_loss":0.0,"damage_taken":11.0},{"cards_removed":["Strike_B"],"damage_healed":0.0,"max_hp_gain":0.0,"max_hp_loss":0.0,"gold_gain":0.0,"event_name":"Purifier","player_choice":"Purged","floor":4.0,"gold_loss":0.0,"damage_taken":0.0},{"cards_removed":["Strike_B"],"damage_healed":0.0,"max_hp_gain":0.0,"max_hp_loss":0.0,"gold_gain":0.0,"event_name":"Beggar","player_choice":"Gave Gold","floor":19.0,"gold_loss":75.0,"damage_taken":0.0},{"cards_removed":["Defend_B"],"damage_healed":0.0,"max_hp_gain":0.0,"max_hp_loss":0.0,"gold_gain":0.0,"event_name":"Back to Basics","player_choice":"Elegance","floor":22.0,"gold_loss":0.0,"damage_taken":0.0},{"damage_healed":0.0,"max_hp_gain":0.0,"max_hp_loss":0.0,"gold_gain":0.0,"event_name":"Ghosts","player_choice":"Ignored","floor":24.0,"gold_loss":0.0,"damage_taken":0.0},{"damage_healed":0.0,"max_hp_gain":0.0,"max_hp_loss":0.0,"gold_gain":0.0,"cards_transformed":["Defend_B","Defend_B"],"event_name":"Drug Dealer","player_choice":"Became Test Subject","floor":31.0,"gold_loss":0.0,"damage_taken":0.0,"cards_obtained":["FTL","Amplify"]},{"cards_removed":["Defend_B"],"damage_healed":0.0,"max_hp_gain":0.0,"max_hp_loss":0.0,"gold_gain":0.0,"event_name":"Purifier","player_choice":"Purged","floor":37.0,"gold_loss":0.0,"damage_taken":0.0},{"damage_healed":0.0,"max_hp_gain":0.0,"max_hp_loss":0.0,"gold_gain":0.0,"event_name":"Match and Keep!","player_choice":"2 cards matched","floor":46.0,"gold_loss":0.0,"damage_taken":0.0,"cards_obtained":["Zap","Panacea"]}],"is_beta":false,"boss_relics":[{"not_picked":["Inserter","Empty Cage"],"picked":"Cursed Key"},{"not_picked":["Astrolabe","Runic Pyramid","Lizard Tail"]}],"items_purged_floors":[10,20,45,48],"is_endless":false,"potions_floor_spawned":[1,5,12,16,21,30,33,35,39,44],"ascension_level":8}