{"gold_per_floor":[18,18,36,36,1,33,33,33,80,91,101,115,165,175,175,175],"floor_reached":16,"playtime":506,"items_purged":[],"score":204,"play_id":"fe0a81e9-a99a-4831-a771-daec63182b05","local_time":"20190521171843","is_ascension_mode":true,"campfire_choices":[{"data":"Zap","floor":8,"key":"SMITH"},{"floor":15,"key":"REST"}],"neow_cost":"NO_GOLD","seed_source_timestamp":2091996994618133,"circlet_count":0,"master_deck":["AscendersBane","Strike_B","Strike_B","Strike_B","Defend_B","Defend_B","Defend_B","Defend_B","Zap+1","Dualcast","Core Surge","Sweeping Beam","Hello World","Glacier","Leap","Loop","Streamline"],"relics":["Cracked Core","Matryoshka","Boot","Regal Pillow"],"potions_floor_usage":[6,14,16],"damage_taken":[{"damage":3,"enemies":"Small Slimes","floor":1,"turns":3},{"damage":1,"enemies":"Cultist","floor":3,"turns":3},{"damage":40,"enemies":"Lagavulin","floor":6,"turns":9},{"damage":4,"enemies":"Jaw Worm","floor":10,"turns":3},{"damage":11,"enemies":"Exordium Wildlife","floor":11,"turns":6},{"damage":0,"enemies":"Large Slime","floor":12,"turns":5},{"damage":8,"enemies":"Exordium Thugs","floor":14,"turns":4},{"damage":44,"enemies":"Hexaghost","floor":16,"turns":9}],"seed_played":"-8088157791994680825","potions_obtained":[{"floor":3,"key":"Poison Potion"},{"floor":6,"key":"FearPotion"},{"floor":12,"key":"FocusPotion"}],"is_trial":false,"path_per_floor":["M","?","M","$","?","E","$","R","T","M","M","M","?","M","R","B"],"character_chosen":"DEFECT","items_purchased":[],"campfire_rested":1,"item_purchase_floors":[],"current_hp_per_floor":[61,61,60,60,71,31,31,31,31,27,16,16,16,8,44,0],"gold":175,"neow_bonus":"THREE_RARE_CARDS","is_prod":false,"is_daily":false,"chose_seed":false,"campfire_upgraded":1,"win_rate":0,"timestamp":1558473523,"path_taken":["M","?","?","$","?","E","?","R","T","M","M","M","?","?","R","BOSS"],"build_version":"2019-01-23","purchased_purges":0,"victory":false,"max_hp_per_floor":[71,71,71,71,71,71,71,71,71,71,71,71,71,71,71,71],"card_choices":[{"not_picked":["Multi-Cast","Creative AI"],"picked":"Core Surge","floor":0},{"not_picked":["Chill","Heatsinks"],"picked":"Sweeping Beam","floor":1},{"not_picked":["Coolheaded","Storm","Chill"],"picked":"SKIP","floor":3},{"not_picked":["Reprogram","Heatsinks"],"picked":"Hello World","floor":6},{"not_picked":["Redo","Blizzard"],"picked":"Glacier","floor":10},{"not_picked":["Barrage","Steam Power"],"picked":"Leap","floor":11},{"not_picked":["Melter","Beam Cell"],"picked":"Loop","floor":12},{"not_picked":["Chill","Steam"],"picked":"Streamline","floor":14}],"player_experience":700568,"relics_obtained":[{"floor":6,"key":"Matryoshka"},{"floor":9,"key":"Boot"},{"floor":9,"key":"Regal Pillow"}],"event_choices":[{"cards_removed":["Strike_B"],"damage_healed":0,"gold_gain":0,"player_choice":"Offered Basic","damage_taken":0,"max_hp_gain":0,"max_hp_loss":0,"event_name":"Bonfire Elementals","floor":2,"gold_loss":0},{"damage_healed":17,"gold_gain":0,"player_choice":"Healed","damage_taken":0,"max_hp_gain":0,"max_hp_loss":0,"event_name":"The Cleric","floor":5,"gold_loss":35},{"damage_healed":0,"gold_gain":50,"player_choice":"Pray","damage_taken":0,"max_hp_gain":0,"max_hp_loss":0,"event_name":"Golden Shrine","floor":13,"gold_loss":0}],"is_beta":false,"boss_relics":[],"items_purged_floors":[],"is_endless":false,"potions_floor_spawned":[3,6,12],"killed_by":"Hexaghost","ascension_level":20}