{"gold_per_floor":[109,126,20,32,45,45,0,0,27,41,71,136,136,166,166,271,271,271,46,46,46,46,46,46,46,46,46,46,46,46,46,46,46,46,46,46,46,46,46,46,46,46,46,46,0,0,0,0,0,0],"floor_reached":51,"playtime":2648,"items_purged":[],"score":831,"play_id":"000e7608-a36a-47cd-9dbf-047d428605f6","local_time":"20181206174112","is_ascension_mode":false,"campfire_choices":[{"data":"Bash","floor":6.0,"key":"SMITH"},{"data":"Armaments","floor":8.0,"key":"SMITH"},{"data":"Inflame","floor":15.0,"key":"SMITH"},{"floor":32.0,"key":"REST"},{"data":"Limit Break","floor":40.0,"key":"SMITH"},{"floor":49,"key":"REST"}],"neow_cost":"NONE","seed_source_timestamp":0,"circlet_count":0,"master_deck":["Strike_R","Strike_R","Strike_R","Strike_R","Strike_R","Defend_R","Defend_R","Defend_R","Defend_R","Bash+1","Rage","Perfected Strike","Flex","Armaments+1","Disarm","Cleave","Shrug It Off","Inflame+1","Perfected Strike","Uppercut","Anger","Barricade","Flex","Spot Weakness","Flex","Pummel+1","Armaments","Iron Wave+1","Limit Break+1","Shrug It Off+1","Twin Strike","Spot Weakness","Demon Form+1","Entrench","Uppercut+1","Madness","Body Slam","Limit Break","Dropkick"],"special_seed":0,"relics":["Burning Blood","Happy Flower","Omamori","Incense Burner","Strawberry","Thread and Needle","Ectoplasm","Oddly Smooth Stone","Unceasing Top","Centennial Puzzle","Frozen Egg 2","Ornamental Fan","Tiny House","Smiling Mask","Toxic Egg 2","Red Mask"],"potions_floor_usage":[46,50],"damage_taken":[{"damage":3.0,"enemies":"Jaw Worm","floor":1.0,"turns":5.0},{"damage":5.0,"enemies":"2 Louse","floor":2.0,"turns":3.0},{"damage":7.0,"enemies":"Small Slimes","floor":4.0,"turns":4.0},{"damage":6.0,"enemies":"3 Louse","floor":5.0,"turns":5.0},{"damage":12.0,"enemies":"Blue Slaver","floor":10.0,"turns":3.0},{"damage":24.0,"enemies":"Lagavulin","floor":11.0,"turns":6.0},{"damage":28.0,"enemies":"Lagavulin Event","floor":12.0,"turns":4.0},{"damage":0.0,"enemies":"Gremlin Nob","floor":14.0,"turns":3.0},{"damage":26.0,"enemies":"Hexaghost","floor":16.0,"turns":9.0},{"damage":0.0,"enemies":"3 Byrds","floor":18.0,"turns":6.0},{"damage":6.0,"enemies":"Spheric Guardian","floor":22.0,"turns":4.0},{"damage":0.0,"enemies":"Snake Plant","floor":23.0,"turns":4.0},{"damage":14.0,"enemies":"Gremlin Leader","floor":24.0,"turns":7.0},{"damage":29.0,"enemies":"Slavers","floor":27.0,"turns":6.0},{"damage":6.0,"enemies":"Chosen and Byrds","floor":28.0,"turns":5.0},{"damage":37.0,"enemies":"3 Cultists","floor":29.0,"turns":7.0},{"damage":5.0,"enemies":"Snake Plant","floor":30.0,"turns":5.0},{"damage":2.0,"enemies":"Centurion and Healer","floor":31.0,"turns":8.0},{"damage":38.0,"enemies":"Collector","floor":33.0,"turns":13.0},{"damage":12.0,"enemies":"Orb Walker","floor":35.0,"turns":3.0},{"damage":6.0,"enemies":"3 Darklings","floor":38.0,"turns":7.0},{"damage":4.0,"enemies":"Transient","floor":39.0,"turns":5.0},{"damage":24.0,"enemies":"Reptomancer","floor":42.0,"turns":8.0},{"damage":9.0,"enemies":"Maw","floor":44.0,"turns":6.0},{"damage":23,"enemies":"Writhing Mass","floor":46,"turns":9},{"damage":27,"enemies":"Sphere and 2 Shapes","floor":48,"turns":6},{"damage":34,"enemies":"Time Eater","floor":50,"turns":9}],"seed_played":"158313130385651526","potions_obtained":[{"floor":1.0,"key":"Swift Potion"},{"floor":4.0,"key":"GamblersBrew"},{"floor":5.0,"key":"FearPotion"},{"floor":14.0,"key":"SteroidPotion"},{"floor":23.0,"key":"Swift Potion"},{"floor":24.0,"key":"Fire Potion"},{"floor":29.0,"key":"PowerPotion"},{"floor":34.0,"key":"Fire Potion"},{"floor":35.0,"key":"SteroidPotion"},{"floor":42.0,"key":"Dexterity Potion"}],"is_trial":false,"path_per_floor":["M","M","$","M","M","R","$","R","T","M","E","?","?","E","R","B",null,"M","$","?","?","M","M","E","?","T","E","M","M","M","M","R","B",null,"M","?","?","M","M","R","?","E","T","M","?","M","$","M","R","B",null],"character_chosen":"IRONCLAD","items_purchased":["Flex","Armaments","Shrug It Off","Spot Weakness","Oddly Smooth Stone","Flex"],"campfire_rested":2,"item_purchase_floors":[3,3,7,19,19,19],"current_hp_per_floor":[88,88,88,87,87,87,87,87,87,81,63,41,48,54,54,34,95,95,95,76,76,76,82,74,74,74,51,51,20,21,25,55,23,105,99,86,86,86,88,88,88,70,70,67,67,50,50,29,60,32],"gold":0,"neow_bonus":"TEN_PERCENT_HP_BONUS","is_prod":false,"is_daily":false,"chose_seed":false,"campfire_upgraded":4,"win_rate":0.0,"timestamp":1544136072,"path_taken":["M","M","$","M","M","R","$","R","T","M","E","?","?","E","R","BOSS","M","$","?","?","M","M","E","?","T","E","M","M","M","M","R","BOSS","M","?","?","M","?","R","?","E","T","M","?","M","?","?","R","BOSS"],"build_version":"2018-11-15","purchased_purges":0,"victory":true,"max_hp_per_floor":[88,88,88,88,88,88,88,88,88,88,88,88,95,95,95,95,95,95,95,100,100,100,100,100,100,100,100,100,100,100,100,100,100,105,105,105,105,105,105,105,105,105,105,105,105,105,105,105,105,105],"card_choices":[{"not_picked":["Searing Blow","Intimidate"],"picked":"Rage","floor":1.0},{"not_picked":["Thunderclap","Heavy Blade"],"picked":"Perfected Strike","floor":2.0},{"not_picked":["Blood for Blood","Fire Breathing"],"picked":"Disarm","floor":4.0},{"not_picked":["Dual Wield","Body Slam"],"picked":"Cleave","floor":5.0},{"not_picked":["Wild Strike","Fiend Fire"],"picked":"Inflame","floor":10.0},{"not_picked":["Combust","Reckless Charge"],"picked":"Perfected Strike","floor":11.0},{"not_picked":["Headbutt","True Grit"],"picked":"Uppercut","floor":12.0},{"not_picked":["Headbutt","Shrug It Off"],"picked":"Anger","floor":14.0},{"not_picked":["Juggernaut","Offering"],"picked":"Barricade","floor":16.0},{"not_picked":["Headbutt","Pommel Strike"],"picked":"Flex","floor":18.0},{"not_picked":["Seeing Red","Thunderclap"],"picked":"Pummel","floor":22.0},{"not_picked":["Intimidate","Clothesline+1"],"picked":"Armaments","floor":23.0},{"not_picked":["Anger","Clothesline"],"picked":"Iron Wave+1","floor":24.0},{"not_picked":["Fiend Fire","Twin Strike"],"picked":"Limit Break","floor":27.0},{"not_picked":["Iron Wave","Body Slam"],"picked":"Shrug It Off+1","floor":28.0},{"not_picked":["Hemokinesis","Clash+1","Uppercut"],"picked":"SKIP","floor":29.0},{"not_picked":["Power Through","Thunderclap+1"],"picked":"Twin Strike","floor":30.0},{"not_picked":["Wild Strike","Clash"],"picked":"Spot Weakness","floor":31.0},{"not_picked":["Juggernaut+1","Impervious"],"picked":"Demon Form+1","floor":33.0},{"not_picked":["Pommel Strike","Blood for Blood"],"picked":"Entrench","floor":34.0},{"not_picked":["Clash","Clothesline+1"],"picked":"Uppercut+1","floor":35.0},{"not_picked":["Bloodletting","Iron Wave","Wild Strike+1"],"picked":"SKIP","floor":38.0},{"not_picked":["Disarm+1","Clothesline+1"],"picked":"Body Slam","floor":39.0},{"not_picked":["Shockwave","Brutality+1"],"picked":"Limit Break","floor":42.0},{"not_picked":["Fire Breathing+1","Body Slam"],"picked":"Dropkick","floor":44.0},{"not_picked":["Clash","Flex+1","Thunderclap"],"picked":"SKIP","floor":46},{"not_picked":["Thunderclap+1","Second Wind+1","Hemokinesis+1"],"picked":"SKIP","floor":48}],"player_experience":483739,"relics_obtained":[{"floor":9.0,"key":"Happy Flower"},{"floor":11.0,"key":"Omamori"},{"floor":14.0,"key":"Thread and Needle"},{"floor":24.0,"key":"Unceasing Top"},{"floor":26.0,"key":"Frozen Egg 2"},{"floor":27.0,"key":"Ornamental Fan"},{"floor":42.0,"key":"Smiling Mask"},{"floor":43.0,"key":"Toxic Egg 2"}],"event_choices":[{"damage_healed":0.0,"max_hp_gain":0.0,"max_hp_loss":0.0,"gold_gain":0.0,"event_name":"Dead Adventurer","player_choice":"Searched \u00272\u0027 times","floor":12.0,"gold_loss":0.0,"damage_taken":0.0,"relics_obtained":["Incense Burner"]},{"damage_healed":0.0,"max_hp_gain":0.0,"max_hp_loss":0.0,"gold_gain":0.0,"event_name":"Big Fish","player_choice":"Box","floor":13.0,"gold_loss":0.0,"damage_taken":0.0,"relics_obtained":["Strawberry"],"cards_obtained":["Regret"]},{"damage_healed":0.0,"max_hp_gain":5.0,"max_hp_loss":0.0,"gold_gain":0.0,"event_name":"Forgotten Altar","player_choice":"Shed Blood","floor":20.0,"gold_loss":0.0,"damage_taken":24.0},{"damage_healed":0.0,"max_hp_gain":0.0,"max_hp_loss":0.0,"gold_gain":0.0,"event_name":"Ghosts","player_choice":"Ignored","floor":21.0,"gold_loss":0.0,"damage_taken":0.0},{"damage_healed":0.0,"max_hp_gain":0.0,"max_hp_loss":0.0,"gold_gain":0.0,"event_name":"The Mausoleum","player_choice":"Opened","floor":25.0,"gold_loss":0.0,"damage_taken":0.0,"relics_obtained":["Centennial Puzzle"]},{"damage_healed":0.0,"max_hp_gain":0.0,"max_hp_loss":0.0,"gold_gain":0.0,"event_name":"Winding Halls","player_choice":"Embrace Madness","floor":36.0,"gold_loss":0.0,"damage_taken":13.0,"cards_obtained":["Madness","Madness"]},{"damage_healed":0.0,"max_hp_gain":0.0,"max_hp_loss":0.0,"gold_gain":0.0,"event_name":"NoteForYourself","player_choice":"Ignored","floor":37.0,"gold_loss":0.0,"damage_taken":0.0},{"cards_removed":["Madness"],"damage_healed":0.0,"max_hp_gain":0.0,"max_hp_loss":0.0,"gold_gain":0.0,"event_name":"Falling","player_choice":"Removed Skill","floor":41.0,"gold_loss":0.0,"damage_taken":0.0},{"damage_healed":0.0,"max_hp_gain":0.0,"max_hp_loss":0.0,"gold_gain":0.0,"event_name":"Tomb of Lord Red Mask","player_choice":"Paid","floor":45.0,"gold_loss":46.0,"damage_taken":0.0,"relics_obtained":["Red Mask"]}],"is_beta":false,"boss_relics":[{"not_picked":["Empty Cage","Calling Bell"],"picked":"Ectoplasm"},{"not_picked":["Fusion Hammer","Coffee Dripper"],"picked":"Tiny House"}],"items_purged_floors":[],"is_endless":false,"potions_floor_spawned":[1,4,5,10,14,23,24,27,29,35,42],"ascension_level":0}