{"gold_per_floor":[118,118,43,62,76,102,67,99,124,143,218,218,118,135,135,237,237,247,265,291,112,125,125,75,75,102,102,127,144,162,180,180,284,284,297,309,227,246,246,280,280,314,314,327,327,549,279,295,295,295],"floor_reached":50,"playtime":2010,"items_purged":["Strike_R","Defend_R","Searing Blow"],"score":634,"play_id":"59066a4d-43e7-4562-8217-11a10a57f455","local_time":"20190703102428","is_ascension_mode":true,"campfire_choices":[{"floor":12,"key":"REST"},{"floor":15,"key":"REST"},{"floor":23,"key":"REST"},{"floor":25,"key":"RECALL"},{"floor":27,"key":"REST"},{"floor":32,"key":"REST"},{"floor":41,"key":"REST"},{"floor":45,"key":"REST"},{"floor":49,"key":"REST"}],"neow_cost":"NONE","seed_source_timestamp":480441609624776,"circlet_count":0,"master_deck":["Strike_R","Strike_R","Strike_R+1","Strike_R","Defend_R","Defend_R","Defend_R","Bash","Shockwave+1","Headbutt","Shrug It Off","Inflame","Feed","Clash+1","Heavy Blade","Carnage+1","Battle Trance+1","Body Slam+1","Seeing Red+1","Double Tap","Purity","Armaments","Regret","Rampage+1","Parasite","Clash+1"],"relics":["Burning Blood","Boot","Vajra","Oddly Smooth Stone","Fusion Hammer","Red Mask","Bronze Scales","Darkstone Periapt","Cursed Key","Bird Faced Urn","Singing Bowl","Molten Egg 2","Lee\u0027s Waffle"],"potions_floor_usage":[6,6,16,22,33,33,50,50,50],"damage_taken":[{"damage":5,"enemies":"Jaw Worm","floor":1,"turns":5},{"damage":5,"enemies":"Small Slimes","floor":4,"turns":3},{"damage":0,"enemies":"2 Louse","floor":5,"turns":3},{"damage":21,"enemies":"Lagavulin","floor":6,"turns":8},{"damage":33,"enemies":"3 Sentries","floor":8,"turns":9},{"damage":10,"enemies":"2 Fungi Beasts","floor":10,"turns":3},{"damage":7,"enemies":"Red Slaver","floor":14,"turns":4},{"damage":54,"enemies":"Hexaghost","floor":16,"turns":8},{"damage":7,"enemies":"2 Thieves","floor":18,"turns":3},{"damage":10,"enemies":"Shell Parasite","floor":19,"turns":4},{"damage":25,"enemies":"Masked Bandits","floor":20,"turns":5},{"damage":36,"enemies":"Snake Plant","floor":22,"turns":4},{"damage":16,"enemies":"Slavers","floor":28,"turns":5},{"damage":20,"enemies":"Sentry and Sphere","floor":29,"turns":4},{"damage":20,"enemies":"Centurion and Healer","floor":30,"turns":7},{"damage":5,"enemies":"Snecko","floor":31,"turns":3},{"damage":47,"enemies":"Champ","floor":33,"turns":6},{"damage":8,"enemies":"3 Shapes","floor":35,"turns":3},{"damage":6,"enemies":"3 Darklings","floor":36,"turns":4},{"damage":22,"enemies":"Maw","floor":38,"turns":6},{"damage":22,"enemies":"Reptomancer","floor":40,"turns":5},{"damage":45,"enemies":"Nemesis","floor":42,"turns":5},{"damage":26,"enemies":"Sphere and 2 Shapes","floor":44,"turns":3},{"damage":21,"enemies":"Writhing Mass","floor":48,"turns":6},{"damage":136,"enemies":"Awakened One","floor":50,"turns":12}],"seed_played":"4332477651755939339","potions_obtained":[{"floor":1,"key":"Weak Potion"},{"floor":4,"key":"AttackPotion"},{"floor":8,"key":"BloodPotion"},{"floor":14,"key":"Poison Potion"},{"floor":18,"key":"Strength Potion"},{"floor":20,"key":"Ancient Potion"},{"floor":22,"key":"PowerPotion"},{"floor":33,"key":"Dexterity Potion"},{"floor":38,"key":"Swift Potion"}],"is_trial":false,"path_per_floor":["M","?","$","M","M","E","?","E","T","M","?","R","$","M","R","B",null,"M","M","?","$","M","R","?","R","T","R","E","M","M","M","R","B",null,"M","M","$","M","?","E","R","E","T","M","R","?","$","M","R","B"],"character_chosen":"IRONCLAD","items_purchased":["Heavy Blade","Purity","Lee\u0027s Waffle","Rampage+1"],"campfire_rested":8,"item_purchase_floors":[21,37,47,47],"current_hp_per_floor":[80,64,64,65,71,56,76,49,49,45,34,58,58,57,80,32,80,82,78,62,62,56,82,82,82,82,89,82,71,60,61,90,52,101,102,102,102,86,86,70,101,66,72,59,94,94,124,115,130,0],"gold":295,"neow_bonus":"RANDOM_COMMON_RELIC","is_prod":false,"is_daily":false,"chose_seed":false,"campfire_upgraded":0,"win_rate":0,"timestamp":1562174668,"path_taken":["M","?","$","M","M","E","?","E","T","M","?","R","?","M","R","BOSS","M","M","?","$","M","R","?","R","T","R","E","?","M","M","R","BOSS","M","M","$","M","?","E","R","E","T","?","R","?","?","M","R","BOSS"],"build_version":"2019-07-01","purchased_purges":3,"victory":false,"max_hp_per_floor":[80,80,80,80,80,80,80,80,80,80,80,80,80,80,80,80,80,83,83,86,86,89,89,89,89,89,89,92,95,98,98,98,101,101,104,104,104,104,104,104,104,106,112,117,117,117,124,130,130,130],"card_choices":[{"not_picked":["Infernal Blade","Flex"],"picked":"Shockwave","floor":1},{"not_picked":["Anger","Twin Strike","Clothesline"],"picked":"SKIP","floor":4},{"not_picked":["Disarm","Carnage"],"picked":"Searing Blow","floor":5},{"not_picked":["Feel No Pain","Clothesline"],"picked":"Headbutt","floor":6},{"not_picked":["Battle Trance","Reckless Charge"],"picked":"Shrug It Off","floor":8},{"not_picked":["Burning Pact","Perfected Strike","Body Slam"],"picked":"SKIP","floor":10},{"not_picked":["Twin Strike","Pommel Strike"],"picked":"Inflame","floor":14},{"not_picked":["Bludgeon","Dark Embrace"],"picked":"Feed","floor":16},{"not_picked":["Warcry+1","Pummel","Clash"],"picked":"SKIP","floor":18},{"not_picked":["Anger+1","Warcry","Fire Breathing"],"picked":"SKIP","floor":19},{"not_picked":["Wild Strike+1","True Grit"],"picked":"Clash+1","floor":20},{"not_picked":["Twin Strike","Heavy Blade","Thunderclap"],"picked":"SKIP","floor":22},{"not_picked":["Power Through","Thunderclap+1"],"picked":"Carnage+1","floor":28},{"not_picked":["Juggernaut","Twin Strike+1"],"picked":"Battle Trance+1","floor":29},{"not_picked":["Hemokinesis","Rupture"],"picked":"Body Slam+1","floor":30},{"not_picked":["Second Wind+1","Iron Wave"],"picked":"Seeing Red+1","floor":31},{"not_picked":["Feed","Impervious"],"picked":"Double Tap","floor":33},{"not_picked":["Twin Strike","Sword Boomerang+1","Warcry+1"],"picked":"SKIP","floor":35},{"not_picked":["Cleave","Sword Boomerang+1","Corruption"],"picked":"SKIP","floor":36},{"not_picked":["Hemokinesis+1","Iron Wave","Headbutt"],"picked":"SKIP","floor":38},{"not_picked":["Evolve+1","Shrug It Off"],"picked":"Armaments","floor":40},{"not_picked":["Havoc+1","Twin Strike","Sentinel"],"picked":"Singing Bowl","floor":42},{"not_picked":["Thunderclap+1","Evolve","Wild Strike+1"],"picked":"Singing Bowl","floor":44},{"not_picked":["Shrug It Off","Pommel Strike+1"],"picked":"Clash+1","floor":48}],"player_experience":266671,"relics_obtained":[{"floor":6,"key":"Vajra"},{"floor":8,"key":"Oddly Smooth Stone"},{"floor":20,"key":"Red Mask"},{"floor":26,"key":"Bronze Scales"},{"floor":28,"key":"Darkstone Periapt"},{"floor":40,"key":"Bird Faced Urn"},{"floor":42,"key":"Singing Bowl"},{"floor":43,"key":"Molten Egg 2"}],"event_choices":[{"damage_healed":0,"gold_gain":0,"player_choice":"Entered Light","damage_taken":16,"max_hp_gain":0,"max_hp_loss":0,"event_name":"Shining Light","floor":2,"gold_loss":0,"cards_upgraded":["Strike_R","Shockwave"]},{"damage_healed":20,"gold_gain":0,"player_choice":"Healed","damage_taken":0,"max_hp_gain":0,"max_hp_loss":0,"event_name":"The Cleric","floor":7,"gold_loss":35},{"damage_healed":0,"gold_gain":75,"player_choice":"Gather Gold","damage_taken":11,"max_hp_gain":0,"max_hp_loss":0,"event_name":"World of Goop","floor":11,"gold_loss":0},{"damage_healed":0,"gold_gain":0,"player_choice":"Fought Bandits","damage_taken":0,"max_hp_gain":0,"max_hp_loss":0,"event_name":"Masked Bandits","floor":20,"gold_loss":0},{"damage_healed":0,"gold_gain":0,"player_choice":"Bet on Murderer","damage_taken":0,"max_hp_gain":0,"max_hp_loss":0,"event_name":"The Joust","floor":24,"gold_loss":50},{"damage_healed":0,"gold_gain":0,"player_choice":"0 cards matched","damage_taken":0,"max_hp_gain":0,"max_hp_loss":0,"event_name":"Match and Keep!","floor":39,"gold_loss":0,"cards_obtained":[]},{"damage_healed":0,"gold_gain":222,"player_choice":"Wore Mask","damage_taken":0,"max_hp_gain":0,"max_hp_loss":0,"event_name":"Tomb of Lord Red Mask","floor":46,"gold_loss":0}],"is_beta":false,"boss_relics":[{"not_picked":["Lizard Tail","Calling Bell"],"picked":"Fusion Hammer"},{"not_picked":["Tiny House","Runic Pyramid"],"picked":"Cursed Key"}],"items_purged_floors":[3,13,21],"is_endless":false,"potions_floor_spawned":[1,4,8,14,18,20,22,29,33,38,40,44,48],"killed_by":"Awakened One","ascension_level":1}