{"gold_per_floor":[112,112,112,132,145,145,145,173,173,203,203,215,229,244,244,244],"floor_reached":16,"playtime":393,"items_purged":[],"score":244,"play_id":"41e16d04-83c2-4671-a75b-cf4371800d68","local_time":"20190524162614","is_ascension_mode":true,"campfire_choices":[{"data":"Zap","floor":7,"key":"SMITH"},{"floor":11,"key":"REST"},{"data":"Static Discharge","floor":15,"key":"SMITH"}],"neow_cost":"NONE","seed_source_timestamp":0,"circlet_count":0,"master_deck":["AscendersBane","Strike_B+1","Strike_B","Strike_B","Strike_B+1","Defend_B","Defend_B","Defend_B","Defend_B","Zap+1","Dualcast","Gash","Gash","Electrodynamics","Static Discharge+1","Leap"],"special_seed":0,"relics":["Cracked Core","Anchor","Bottled Flame","Strawberry","Whetstone","Regal Pillow"],"potions_floor_usage":[6,8],"damage_taken":[{"damage":0.0,"enemies":"2 Louse","floor":1.0,"turns":2.0},{"damage":0.0,"enemies":"Jaw Worm","floor":4.0,"turns":2.0},{"damage":7.0,"enemies":"Small Slimes","floor":5.0,"turns":3.0},{"damage":0,"enemies":"Gremlin Nob","floor":6,"turns":1},{"damage":18,"enemies":"3 Sentries","floor":8,"turns":7},{"damage":30,"enemies":"Lagavulin","floor":10,"turns":6},{"damage":6,"enemies":"Exordium Thugs","floor":12,"turns":4},{"damage":9,"enemies":"Red Slaver","floor":13,"turns":3},{"damage":0,"enemies":"Gremlin Gang","floor":14,"turns":2},{"damage":40,"enemies":"The Guardian","floor":16,"turns":9}],"seed_played":"7385977580089304044","potions_obtained":[{"floor":1.0,"key":"Explosive Potion"},{"floor":4.0,"key":"SmokeBomb"}],"is_trial":false,"path_per_floor":["M","?","T","M","M","E","R","E","T","E","R","M","M","M","R","B"],"character_chosen":"DEFECT","items_purchased":[],"campfire_rested":1,"item_purchase_floors":[],"current_hp_per_floor":[64,64,64,64,57,57,57,46,46,16,54,48,39,39,39,0],"gold":244,"neow_bonus":"RANDOM_COMMON_RELIC","is_prod":false,"is_daily":false,"chose_seed":false,"campfire_upgraded":2,"win_rate":0,"timestamp":1558729574,"path_taken":["M","?","?","M","M","E","R","E","T","E","R","M","M","M","R","BOSS"],"build_version":"2019-01-23","purchased_purges":0,"victory":false,"max_hp_per_floor":[71,71,71,71,71,71,71,78,78,78,78,78,78,78,78,78],"card_choices":[{"not_picked":["Aggregate","Stack","Steam"],"picked":"SKIP","floor":1.0},{"not_picked":["Stack","Beam Cell"],"picked":"Gash","floor":4.0},{"not_picked":["Loop","Conserve Battery"],"picked":"Gash","floor":5.0},{"not_picked":["Turbo","Compile Driver","Beam Cell"],"picked":"SKIP","floor":8},{"not_picked":["Steam Power","Stack","Consume"],"picked":"SKIP","floor":10},{"not_picked":["Melter","Beam Cell"],"picked":"Electrodynamics","floor":12},{"not_picked":["Sweeping Beam","Streamline"],"picked":"Static Discharge","floor":13},{"not_picked":["Undo","Aggregate"],"picked":"Leap","floor":14}],"player_experience":709731,"relics_obtained":[{"floor":3.0,"key":"Bottled Flame"},{"floor":8,"key":"Strawberry"},{"floor":9,"key":"Whetstone"},{"floor":10,"key":"Regal Pillow"}],"event_choices":[{"damage_healed":0.0,"max_hp_gain":0.0,"max_hp_loss":0.0,"gold_gain":0.0,"event_name":"Liars Game","player_choice":"Ignored","floor":2.0,"gold_loss":0.0,"damage_taken":0.0}],"is_beta":false,"boss_relics":[],"items_purged_floors":[],"is_endless":false,"potions_floor_spawned":[1,4],"killed_by":"The Guardian","ascension_level":20}