{"gold_per_floor":[117,117,117,133,18,18,45,45,114,143,155,171,171,181,181,280,280,293,312,56,56,70,70,101,118,143,162,191,203,203,303,303,400,400,418,19,33,45,64,64,74,74,101,101,23,123,123,173,173,173],"floor_reached":51,"playtime":2444,"items_purged":["Strike_R","Strike_R"],"score":1121,"play_id":"d6111b23-438d-4b53-b0f6-153849532cc2","local_time":"20181219205221","is_ascension_mode":true,"campfire_choices":[{"data":"Bash","floor":6.0,"key":"SMITH"},{"floor":8.0,"key":"REST"},{"floor":13.0,"key":"REST"},{"data":"Metallicize","floor":15.0,"key":"SMITH"},{"floor":23.0,"key":"REST"},{"data":"Barricade","floor":30.0,"key":"SMITH"},{"floor":32.0,"key":"REST"},{"floor":40,"key":"REST"},{"floor":42,"key":"REST"},{"floor":47,"key":"REST"},{"floor":49,"key":"REST"}],"neow_cost":"NONE","seed_source_timestamp":0,"circlet_count":0,"master_deck":["Bash+1","Metallicize+1","Thunderclap","Whirlwind","Dropkick","Shrug It Off","Spot Weakness+1","Battle Trance+1","Twin Strike+1","Shrug It Off+1","Barricade+1","Armaments+1","Heavy Blade+1","Iron Wave+1","Reaper+1","Flame Barrier+1","Rampage+1","Cleave+1","Impervious+1","Demon Form","Combust","Spot Weakness+1","Brutality","Fire Breathing","Perfected Strike+1","Feel No Pain","Flex+1","Mayhem","Metallicize","Bludgeon+1","Body Slam+1","Parasite","Entrench+1","Twin Strike+1","Entrench+1"],"special_seed":0,"relics":["Burning Blood","Anchor","Toxic Egg 2","Molten Egg 2","Lizard Tail","Happy Flower","Nloth\u0027s Gift","Lantern","Oddly Smooth Stone","Kunai","Unceasing Top","Question Card","Pandora\u0027s Box","Membership Card","Juzu Bracelet","Red Skull","Bag of Preparation","Bird Faced Urn","Thread and Needle"],"potions_floor_usage":[46],"damage_taken":[{"damage":0.0,"enemies":"Small Slimes","floor":1.0,"turns":3.0},{"damage":3.0,"enemies":"Jaw Worm","floor":4.0,"turns":5.0},{"damage":55.0,"enemies":"Lagavulin","floor":7.0,"turns":7.0},{"damage":28.0,"enemies":"3 Sentries","floor":10.0,"turns":8.0},{"damage":0.0,"enemies":"Cultist","floor":11.0,"turns":3.0},{"damage":0.0,"enemies":"Gremlin Gang","floor":12.0,"turns":1.0},{"damage":0.0,"enemies":"2 Fungi Beasts","floor":14.0,"turns":2.0},{"damage":0.0,"enemies":"The Guardian","floor":16.0,"turns":8.0},{"damage":3.0,"enemies":"3 Byrds","floor":18.0,"turns":4.0},{"damage":16.0,"enemies":"2 Thieves","floor":19.0,"turns":5.0},{"damage":24.0,"enemies":"Centurion and Healer","floor":22.0,"turns":7.0},{"damage":15.0,"enemies":"Book of Stabbing","floor":24.0,"turns":4.0},{"damage":0.0,"enemies":"Shelled Parasite and Fungi","floor":25.0,"turns":7.0},{"damage":20.0,"enemies":"Snake Plant","floor":27.0,"turns":6.0},{"damage":0.0,"enemies":"Gremlin Leader","floor":28.0,"turns":5.0},{"damage":10.0,"enemies":"Snecko","floor":29.0,"turns":5.0},{"damage":19.0,"enemies":"Colosseum Slavers","floor":31.0,"turns":3.0},{"damage":69.0,"enemies":"Colosseum Nobs","floor":31.0,"turns":7.0},{"damage":3.0,"enemies":"Champ","floor":33.0,"turns":14.0},{"damage":15.0,"enemies":"3 Shapes","floor":35.0,"turns":5.0},{"damage":4.0,"enemies":"Orb Walker","floor":37.0,"turns":3.0},{"damage":45.0,"enemies":"Jaw Worm Horde","floor":38.0,"turns":5.0},{"damage":50,"enemies":"Writhing Mass","floor":39,"turns":9},{"damage":19,"enemies":"Sphere and 2 Shapes","floor":41,"turns":7},{"damage":10,"enemies":"Mind Bloom Boss Battle","floor":46,"turns":7},{"damage":46,"enemies":"2 Orb Walkers","floor":48,"turns":5},{"damage":60,"enemies":"Time Eater","floor":50,"turns":12}],"seed_played":"5159020998642843634","potions_obtained":[{"floor":4.0,"key":"Poison Potion"},{"floor":10.0,"key":"AttackPotion"},{"floor":12.0,"key":"Explosive Potion"},{"floor":14.0,"key":"Strength Potion"},{"floor":16.0,"key":"Poison Potion"},{"floor":24.0,"key":"Strength Potion"},{"floor":27.0,"key":"Explosive Potion"},{"floor":31.0,"key":"AttackPotion"},{"floor":37.0,"key":"BloodPotion"},{"floor":41,"key":"BloodPotion"},{"floor":46,"key":"Energy Potion"}],"is_trial":false,"path_per_floor":["M","?","?","M","$","R","E","R","T","E","M","M","R","M","R","B",null,"M","M","$","?","M","R","E","M","T","M","E","M","R","?","R","B",null,"M","$","M","M","M","R","M","R","T","?","$","?","R","?","R","B",null],"character_chosen":"IRONCLAD","items_purchased":["Dropkick","Happy Flower","Membership Card","Mayhem","Juzu Bracelet","Metallicize","Bag of Preparation"],"campfire_rested":8,"item_purchase_floors":[5,20,36,36,36,36,45],"current_hp_per_floor":[78,71,71,74,74,74,25,49,49,27,33,39,63,69,69,75,79,80,70,70,70,52,76,67,73,73,65,80,76,76,11,35,38,70,71,71,73,42,7,31,28,52,52,44,44,48,72,48,72,58],"gold":173,"neow_bonus":"RANDOM_COMMON_RELIC","is_prod":false,"is_daily":false,"chose_seed":false,"campfire_upgraded":3,"win_rate":0,"timestamp":1545270741,"path_taken":["M","?","?","M","$","R","E","R","T","E","M","M","R","?","R","BOSS","M","?","$","?","M","R","E","M","T","?","E","M","R","?","R","BOSS","M","$","M","M","M","R","M","R","T","?","?","?","R","?","R","BOSS"],"build_version":"2018-12-13","purchased_purges":2,"victory":true,"max_hp_per_floor":[80,80,80,80,80,80,80,80,80,80,80,80,80,80,80,80,80,80,80,80,80,80,80,80,80,80,80,80,80,80,80,80,80,80,80,80,80,80,80,80,80,80,80,80,80,80,80,80,80,80],"card_choices":[{"not_picked":["True Grit","Body Slam"],"picked":"Metallicize","floor":1.0},{"not_picked":["Body Slam","Infernal Blade"],"picked":"Whirlwind","floor":4.0},{"not_picked":["Iron Wave","Juggernaut"],"picked":"Shrug It Off","floor":7.0},{"not_picked":["True Grit+1","Body Slam"],"picked":"Spot Weakness+1","floor":10.0},{"not_picked":["Metallicize","Bloodletting+1"],"picked":"Battle Trance+1","floor":11.0},{"not_picked":["Searing Blow+1","Metallicize"],"picked":"Twin Strike+1","floor":12.0},{"not_picked":["Bloodletting+1","Pommel Strike+1"],"picked":"Shrug It Off+1","floor":14.0},{"not_picked":["Berserk","Offering+1"],"picked":"Barricade","floor":16.0},{"not_picked":["Perfected Strike+1","Cleave+1"],"picked":"Armaments+1","floor":18.0},{"not_picked":["Pommel Strike+1","Wild Strike+1"],"picked":"Heavy Blade+1","floor":19.0},{"not_picked":["Twin Strike+1","Corruption+1"],"picked":"Iron Wave+1","floor":22.0},{"not_picked":["Havoc+1","Headbutt+1"],"picked":"Reaper+1","floor":24.0},{"not_picked":["Clothesline+1","Evolve"],"picked":"Flame Barrier+1","floor":25.0},{"not_picked":["Shockwave+1","Havoc+1"],"picked":"Rampage+1","floor":27.0},{"not_picked":["Dark Embrace","Havoc+1"],"picked":"Cleave+1","floor":28.0},{"not_picked":["Fire Breathing+1","Searing Blow+1","Shrug It Off+1"],"picked":"SKIP","floor":29.0},{"not_picked":["Havoc+1","Headbutt+1"],"picked":"Impervious+1","floor":31.0},{"not_picked":["Immolate+1","Limit Break+1","Juggernaut"],"picked":"Demon Form","floor":33.0},{"not_picked":["Anger+1","Battle Trance+1","Burning Pact+1"],"picked":"Flex+1","floor":35.0},{"not_picked":["Anger+1","Headbutt+1","Clothesline+1"],"picked":"Bludgeon+1","floor":37.0},{"not_picked":["Twin Strike+1","Havoc+1","Rupture"],"picked":"Body Slam+1","floor":38.0},{"not_picked":["Dual Wield+1","Infernal Blade+1","Perfected Strike+1"],"picked":"Entrench+1","floor":39},{"not_picked":["Sword Boomerang+1","Perfected Strike+1","Iron Wave+1"],"picked":"Twin Strike+1","floor":41},{"not_picked":["Demon Form","Heavy Blade+1","Perfected Strike+1"],"picked":"Entrench+1","floor":46}],"player_experience":523668,"relics_obtained":[{"floor":7.0,"key":"Centennial Puzzle"},{"floor":9.0,"key":"Toxic Egg 2"},{"floor":10.0,"key":"Molten Egg 2"},{"floor":24.0,"key":"Lantern"},{"floor":26.0,"key":"Oddly Smooth Stone"},{"floor":28.0,"key":"Kunai"},{"floor":31.0,"key":"Unceasing Top"},{"floor":31.0,"key":"Question Card"},{"floor":43,"key":"Red Skull"},{"floor":46,"key":"Bird Faced Urn"},{"floor":48,"key":"Thread and Needle"}],"event_choices":[{"cards_removed":["Strike_R"],"damage_healed":0.0,"max_hp_gain":0.0,"max_hp_loss":0.0,"gold_gain":0.0,"event_name":"Golden Wing","player_choice":"Card Removal","floor":2.0,"gold_loss":0.0,"damage_taken":7.0},{"damage_healed":0.0,"max_hp_gain":0.0,"max_hp_loss":0.0,"gold_gain":0.0,"event_name":"Match and Keep!","player_choice":"1 cards matched","floor":3.0,"gold_loss":0.0,"damage_taken":0.0,"cards_obtained":["Thunderclap"]},{"damage_healed":0.0,"max_hp_gain":0.0,"max_hp_loss":0.0,"gold_gain":0.0,"event_name":"N\u0027loth","player_choice":"Traded Relic","floor":21.0,"relics_lost":["Centennial Puzzle"],"gold_loss":0.0,"damage_taken":0.0,"relics_obtained":["Nloth\u0027s Gift"]},{"damage_healed":0.0,"max_hp_gain":0.0,"max_hp_loss":0.0,"gold_gain":0.0,"event_name":"Colosseum","player_choice":"Fight","floor":31.0,"gold_loss":0.0,"damage_taken":0.0},{"damage_healed":0.0,"max_hp_gain":0.0,"max_hp_loss":0.0,"gold_gain":0.0,"event_name":"Colosseum","player_choice":"Fought Nobs","floor":31.0,"gold_loss":0.0,"damage_taken":0.0},{"damage_healed":0,"gold_gain":0,"player_choice":"Damaged","damage_taken":8,"max_hp_gain":0,"max_hp_loss":0,"event_name":"Wheel of Change","floor":44,"gold_loss":0},{"damage_healed":0,"gold_gain":0,"player_choice":"Fight","damage_taken":0,"max_hp_gain":0,"max_hp_loss":0,"event_name":"MindBloom","floor":46,"gold_loss":0},{"damage_healed":0,"gold_gain":0,"player_choice":"Fight","damage_taken":0,"max_hp_gain":0,"max_hp_loss":0,"event_name":"Mysterious Sphere","floor":48,"gold_loss":0}],"is_beta":false,"boss_relics":[{"not_picked":["Cursed Key","Runic Cube"],"picked":"Lizard Tail"},{"not_picked":["Mark of Pain","Velvet Choker"],"picked":"Pandora\u0027s Box"}],"items_purged_floors":[5,20],"is_endless":false,"potions_floor_spawned":[4,10,12,14,16,18,24,27,29,31,37,41,46],"ascension_level":8}