{"path_per_floor":["M","?","T","M","M","E","?","R","T","$","M","$","M","T","R","B",null,"M","$","M","$","$","R","?","M","T","M","?","M","R","M","R","B",null,"M","?","M","T","M","R","M","R","T","$","M","M","?","M","R"],"character_chosen":"IRONCLAD","items_purchased":["Seeing Red","Flex"],"gold_per_floor":[111,111,111,125,141,173,173,173,173,63,74,47,59,110,110,211,211,223,123,135,10,10,10,10,25,97,117,117,135,135,154,154,259,259,269,0,17,40,56,56,75,75,75,75,91,107,107,124,124],"floor_reached":50,"campfire_rested":3,"playtime":2702,"current_hp_per_floor":[80,55,69,75,75,28,28,56,56,56,62,62,68,68,68,25,94,94,94,94,94,94,94,94,90,90,94,65,62,62,65,65,24,65,65,65,62,62,39,58,56,56,56,56,36,45,45,26,45],"items_purged":["Strike_R","Strike_R","Strike_R"],"gold":124,"play_id":"f57b42f6-28ba-4546-9b4b-1ab81cf9965a","is_prod":false,"is_daily":false,"is_ascension_mode":false,"campfire_upgraded":5,"path_taken":["M","?","?","M","?","E","?","R","T","$","M","?","?","?","R","BOSS","M","$","M","?","$","R","?","M","T","M","?","M","R","?","R","BOSS","M","?","M","?","M","R","M","R","T","$","M","M","?","M","R","BOSS"],"build_version":"2018-02-01-PROD3","purchased_purges":3,"victory":false,"master_deck":["Defend_R","Defend_R","Defend_R","Defend_R","Bash","Flex","Inflame+1","Whirlwind+1","Double Tap+1","Seeing Red+1","Rampage+1","Flex","Intimidate","Bludgeon","Pommel Strike+1","Disarm","Thunderclap+1","Bite","Bite","Bite","Bite","Bite","Seeing Red+1","Whirlwind+1","Double Tap"],"max_hp_per_floor":[80,80,94,94,94,94,94,94,94,94,94,94,94,94,94,94,94,94,94,94,94,94,94,94,94,94,94,65,65,65,65,65,65,65,65,65,65,65,65,65,65,65,65,65,65,65,65,65,65],"relics":["Burning Blood","Lantern","Mango","Thread and Needle","Ginger","Bronze Scales","Snecko Eye","Pantograph","Lizard Tail","Red Mask","Happy Flower","Mummified Hand"],"card_choices":[{"not_picked":["Body Slam","Pommel Strike"],"picked":"Flex"},{"not_picked":["Fire Breathing","Headbutt"],"picked":"Inflame"},{"not_picked":["Cleave","Warcry"],"picked":"Whirlwind"},{"not_picked":["Corruption","Battle Trance"],"picked":"Double Tap"},{"not_picked":["Wild Strike","Flex"],"picked":"Rampage"},{"not_picked":["Clothesline","Body Slam"],"picked":"Intimidate"},{"not_picked":["Berserk","Exhume"],"picked":"Bludgeon"},{"not_picked":["Sword Boomerang","Clash"],"picked":"Pommel Strike"},{"not_picked":["Wild Strike","Immolate"],"picked":"Disarm"},{"not_picked":["Body Slam","Pommel Strike"],"picked":"Thunderclap"},{"not_picked":["Evolve","Whirlwind"],"picked":"Seeing Red"},{"not_picked":["Flex","Havoc"],"picked":"Whirlwind"},{"not_picked":["Pommel Strike","Rampage"],"picked":"Double Tap"}],"player_experience":52722,"potions_floor_usage":[16,16,29,33,50,50,50],"damage_taken":[{"damage":6,"enemies":"Jaw Worm","floor":1,"turns":3},{"damage":0,"enemies":"2 Louse","floor":4,"turns":3},{"damage":6,"enemies":"Blue Slaver","floor":5,"turns":4},{"damage":53,"enemies":"Gremlin Nob","floor":6,"turns":5},{"damage":0,"enemies":"2 Fungi Beasts","floor":11,"turns":1},{"damage":0,"enemies":"Lots of Slimes","floor":13,"turns":1},{"damage":49,"enemies":"Hexaghost","floor":16,"turns":8},{"damage":1,"enemies":"3 Byrds","floor":18,"turns":3},{"damage":0,"enemies":"Spheric Guardian","floor":20,"turns":2},{"damage":10,"enemies":"Centurion and Healer","floor":25,"turns":3},{"damage":0,"enemies":"3 Cultists","floor":27,"turns":2},{"damage":11,"enemies":"Snake Plant","floor":29,"turns":2},{"damage":0,"enemies":"Chosen and Byrds","floor":31,"turns":3},{"damage":57,"enemies":"Automaton","floor":33,"turns":6},{"damage":8,"enemies":"3 Darklings","floor":35,"turns":3},{"damage":13,"enemies":"3 Shapes","floor":37,"turns":3},{"damage":35,"enemies":"Maw","floor":39,"turns":6},{"damage":8,"enemies":"Sphere and 2 Shapes","floor":41,"turns":1},{"damage":26,"enemies":"4 Shapes","floor":45,"turns":2},{"damage":5,"enemies":"3 Darklings","floor":46,"turns":3},{"damage":33,"enemies":"Sphere and 2 Shapes","floor":48,"turns":4},{"damage":175,"enemies":"Awakened One","floor":50,"turns":11}],"event_choices":[{"event_name":"Scrap Ooze","player_choice":"success","floor":2,"damage_taken":25},{"event_name":"The Lab","player_choice":"Got Potions","floor":7,"damage_taken":0},{"event_name":"Upgrade Shrine","player_choice":"Upgraded","floor":24,"damage_taken":0},{"event_name":"Vampires","player_choice":"Became a vampire","floor":28,"damage_taken":0},{"event_name":"Tomb of Lord Red Mask","player_choice":"Paid","floor":36,"damage_taken":0},{"event_name":"Mysterious Sphere","player_choice":"Ignore","floor":47,"damage_taken":0}],"boss_relics":[{"not_picked":["Black Star","White Beast Statue"],"picked":"Snecko Eye"},{"not_picked":["Black Blood","Runic Cube"],"picked":"Lizard Tail"}],"potions_floor_spawned":[11,16,20,25,31,39,41,45,48],"seed_played":"-7656645046585094307","killed_by":"Awakened One","ascension_level":0,"is_trial":false}