{"gold_per_floor":[111,61,37,37,212,212,244,262,262,262,297,315,315,372,372,372],"floor_reached":16,"playtime":359,"items_purged":[],"score":131,"play_id":"b1381092-7fe2-4682-99bc-8c7423e62ab3","local_time":"20190706230258","is_ascension_mode":false,"campfire_choices":[{"data":"Neutralize","floor":6.0,"key":"SMITH"},{"data":"Dagger Throw","floor":10.0,"key":"SMITH"},{"data":"Leg Sweep","floor":13.0,"key":"SMITH"},{"data":"Blade Dance","floor":15,"key":"SMITH"}],"neow_cost":"NONE","seed_source_timestamp":4684011854185,"circlet_count":0,"master_deck":["Strike_G","Strike_G","Strike_G","Strike_G","Defend_G","Defend_G","Defend_G","Defend_G","Defend_G","Survivor","Neutralize+1","PiercingWail","Backflip","Doubt","Leg Sweep+1","Dagger Throw+1","Predator","Backstab","Blade Dance+1"],"special_seed":0,"relics":["Ring of the Snake","NeowsBlessing","Bag of Marbles","Shuriken","Bronze Scales","Juzu Bracelet"],"potions_floor_usage":[14,14],"damage_taken":[{"damage":0.0,"enemies":"Cultist","floor":1.0,"turns":1.0},{"damage":0.0,"enemies":"Lagavulin","floor":7.0,"turns":1.0},{"damage":0.0,"enemies":"Jaw Worm","floor":8.0,"turns":1.0},{"damage":53.0,"enemies":"Gremlin Nob","floor":11.0,"turns":7.0},{"damage":0.0,"enemies":"2 Louse","floor":12.0,"turns":2.0},{"damage":10,"enemies":"Gremlin Nob","floor":14,"turns":3},{"damage":8,"enemies":"Hexaghost","floor":16,"turns":8}],"seed_played":"-4569852082156977932","potions_obtained":[{"floor":11.0,"key":"SkillPotion"},{"floor":12.0,"key":"SteroidPotion"}],"is_trial":false,"path_per_floor":["M","?","$","$","?","R","E","M","T","R","E","M","R","?","R","B"],"character_chosen":"THE_SILENT","items_purchased":["Backflip"],"campfire_rested":0,"item_purchase_floors":[3],"current_hp_per_floor":[70,70,70,70,70,70,70,70,70,70,17,17,17,7,7,0],"gold":372,"neow_bonus":"THREE_ENEMY_KILL","is_prod":false,"is_daily":false,"chose_seed":false,"campfire_upgraded":4,"win_rate":0.0,"timestamp":1562446978,"path_taken":["M","?","?","$","?","R","E","M","T","R","E","M","R","?","R","BOSS"],"build_version":"2019-07-05","purchased_purges":0,"victory":false,"max_hp_per_floor":[70,70,70,70,70,70,70,70,70,70,70,70,70,70,70,70],"card_choices":[{"not_picked":["Slice","Underhanded Strike"],"picked":"PiercingWail","floor":1.0},{"not_picked":["Finisher","Acrobatics"],"picked":"Leg Sweep","floor":7.0},{"not_picked":["Slice","Deflect"],"picked":"Dagger Throw","floor":8.0},{"not_picked":["Deflect","Dodge and Roll"],"picked":"Predator","floor":11.0},{"not_picked":["Well Laid Plans","Dagger Throw"],"picked":"Backstab","floor":12.0},{"not_picked":["Wraith Form v2","Sucker Punch"],"picked":"Blade Dance","floor":14}],"player_experience":3324,"relics_obtained":[{"floor":7.0,"key":"Bag of Marbles"},{"floor":9.0,"key":"Shuriken"},{"floor":11.0,"key":"Bronze Scales"}],"event_choices":[{"cards_removed":["Strike_G"],"damage_healed":0.0,"max_hp_gain":0.0,"max_hp_loss":0.0,"gold_gain":0.0,"event_name":"The Cleric","player_choice":"Card Removal","floor":2.0,"gold_loss":50.0,"damage_taken":0.0},{"damage_healed":0.0,"max_hp_gain":0.0,"max_hp_loss":0.0,"gold_gain":175.0,"event_name":"Liars Game","player_choice":"AGREE","floor":5.0,"gold_loss":0.0,"damage_taken":0.0,"cards_obtained":["Doubt"]},{"damage_healed":0,"gold_gain":0,"player_choice":"Searched \u00273\u0027 times","damage_taken":0,"relics_obtained":["Juzu Bracelet"],"max_hp_gain":0,"max_hp_loss":0,"event_name":"Dead Adventurer","floor":14,"gold_loss":0}],"is_beta":false,"boss_relics":[],"items_purged_floors":[],"is_endless":false,"potions_floor_spawned":[11,12],"killed_by":"Hexaghost","ascension_level":0}