{"gold_per_floor":[111,121,121,139,149,149,179,179,205,239,256,286,286,286,286,390,390,408,428,173,173,189,189,199,199,274,292,292,308,327,242,242,342,342,357,412,412,426,426,426],"floor_reached":40,"playtime":2825,"items_purged":[],"score":423,"play_id":"7277f02f-2318-48e4-a3e6-a3c7cf6cd549","local_time":"20180708194859","is_ascension_mode":false,"campfire_choices":[{"floor":6.0,"key":"REST"},{"data":"Zap","floor":8.0,"key":"SMITH"},{"floor":13.0,"key":"REST"},{"data":"Leap","floor":15.0,"key":"SMITH"},{"data":"Leap","floor":23.0,"key":"SMITH"},{"data":"Auto Shields","floor":25.0,"key":"SMITH"},{"data":"Stack","floor":32,"key":"SMITH"}],"neow_cost":"NONE","seed_source_timestamp":0,"circlet_count":0,"master_deck":["Strike_B","Strike_B","Strike_B","Strike_B","Defend_B+1","Defend_B","Defend_B+1","Defend_B","Zap+1","Multi-Cast+1","Auto Shields+1","Leap+1","Stack+1","Gash","Loop+1","Defragment+1","Self Repair+1","Electrodynamics+1","Leap+1","Gash+1","Skim","Writhe","Buffer+1","Parasite","Writhe","Parasite","Stack+1","Sunder+1","Madness","Madness","Capacitor+1"],"special_seed":0,"relics":["Cracked Core","Art of War","Bag of Preparation","Frozen Egg 2","Thread and Needle","Busted Crown","Pear","The Courier","Symbiotic Virus","Question Card","Calling Bell","War Paint","Mummified Hand","Unceasing Top","Mango"],"potions_floor_usage":[40],"damage_taken":[{"damage":8.0,"enemies":"2 Louse","floor":1.0,"turns":2.0},{"damage":0.0,"enemies":"Jaw Worm","floor":2.0,"turns":4.0},{"damage":0.0,"enemies":"Cultist","floor":4.0,"turns":3.0},{"damage":3.0,"enemies":"Looter","floor":5.0,"turns":4.0},{"damage":27.0,"enemies":"Lagavulin","floor":10.0,"turns":8.0},{"damage":0.0,"enemies":"Large Slime","floor":11.0,"turns":5.0},{"damage":14.0,"enemies":"3 Sentries","floor":12.0,"turns":6.0},{"damage":51.0,"enemies":"Hexaghost","floor":16.0,"turns":11.0},{"damage":4.0,"enemies":"2 Thieves","floor":18.0,"turns":3.0},{"damage":0.0,"enemies":"3 Byrds","floor":19.0,"turns":2.0},{"damage":2.0,"enemies":"3 Cultists","floor":22.0,"turns":4.0},{"damage":22.0,"enemies":"Chosen and Byrds","floor":24.0,"turns":5.0},{"damage":17.0,"enemies":"Snake Plant","floor":27.0,"turns":5.0},{"damage":14.0,"enemies":"Centurion and Healer","floor":29.0,"turns":4.0},{"damage":0.0,"enemies":"3 Cultists","floor":30.0,"turns":3.0},{"damage":30,"enemies":"Collector","floor":33,"turns":10},{"damage":13,"enemies":"3 Darklings","floor":35,"turns":2},{"damage":0,"floor":36,"turns":4},{"damage":0,"enemies":"3 Shapes","floor":38,"turns":4},{"damage":103,"enemies":"Giant Head","floor":40,"turns":10}],"seed_played":"6486793153811771838","potions_obtained":[{"floor":1.0,"key":"Poison Potion"},{"floor":16.0,"key":"GamblersBrew"},{"floor":19.0,"key":"Swift Potion"}],"is_trial":false,"path_per_floor":["M","M","?","M","M","R","?","R","T","E","M","E","R","?","R","B",null,"M","M","$","?","M","R","M","R","T","M","?","M","M","?","R","B",null,"M","?","?","M","?"],"character_chosen":"DEFECT","items_purchased":["Pear"],"campfire_rested":2,"item_purchase_floors":[20],"current_hp_per_floor":[67,67,52,52,49,71,71,71,71,44,44,30,52,57,57,16,80,80,80,90,90,90,90,78,78,78,71,71,67,77,77,77,47,90,77,101,88,88,88,0],"gold":426,"neow_bonus":"ONE_RANDOM_RARE_CARD","is_prod":false,"is_daily":false,"chose_seed":false,"campfire_upgraded":5,"win_rate":0,"timestamp":1531093739,"path_taken":["M","M","?","?","M","R","?","R","T","E","M","E","R","?","R","BOSS","M","M","$","?","?","R","M","R","T","M","?","M","M","?","R","BOSS","M","?","?","M","?","E"],"build_version":"2018-07-05","purchased_purges":0,"victory":false,"max_hp_per_floor":[75,75,75,75,75,75,75,75,75,75,75,75,75,80,80,80,80,80,80,90,90,90,90,90,90,90,90,90,90,90,90,90,90,90,90,104,104,104,104,104],"card_choices":[{"not_picked":["Force Field","Lockon"],"picked":"Auto Shields","floor":1.0},{"not_picked":["Steam","Barrage"],"picked":"Leap","floor":2.0},{"not_picked":["Redo","Steam Power"],"picked":"Stack","floor":4.0},{"not_picked":["Lockon","Skim"],"picked":"Gash","floor":5.0},{"not_picked":["Cold Snap","Steam"],"picked":"Loop","floor":10.0},{"not_picked":["Chill","Seek"],"picked":"Defragment+1","floor":11.0},{"not_picked":["Go for the Eyes","Blizzard"],"picked":"Self Repair+1","floor":12.0},{"not_picked":["Thunder Strike","Machine Learning+1"],"picked":"Electrodynamics+1","floor":16.0},{"not_picked":[],"picked":"Leap","floor":18.0},{"not_picked":["Beam Cell"],"picked":"SKIP","floor":19.0},{"not_picked":[],"picked":"Gash+1","floor":22.0},{"not_picked":["Turbo"],"picked":"SKIP","floor":24.0},{"not_picked":[],"picked":"Skim","floor":27.0},{"not_picked":["Redo"],"picked":"SKIP","floor":29.0},{"not_picked":["Rainbow"],"picked":"SKIP","floor":30.0},{"not_picked":["Fission"],"picked":"Buffer+1","floor":33},{"not_picked":["Melter+1"],"picked":"Stack+1","floor":35},{"not_picked":["Rebound+1"],"picked":"Sunder+1","floor":36},{"not_picked":["Reprogram+1"],"picked":"Capacitor+1","floor":38}],"player_experience":96927,"relics_obtained":[{"floor":9.0,"key":"Bag of Preparation"},{"floor":10.0,"key":"Frozen Egg 2"},{"floor":12.0,"key":"Thread and Needle"},{"floor":26.0,"key":"The Courier"},{"floor":34,"key":"War Paint"},{"floor":34,"key":"Mummified Hand"},{"floor":34,"key":"Unceasing Top"},{"floor":36,"key":"Mango"}],"event_choices":[{"event_name":"Shining Light","player_choice":"Entered Light","floor":3.0,"damage_taken":0.0},{"event_name":"Dead Adventurer","player_choice":"Searched \u00273\u0027 times","floor":7.0,"damage_taken":0.0},{"event_name":"Big Fish","player_choice":"Donut","floor":14.0,"damage_taken":0.0},{"event_name":"The Woman in Blue","player_choice":"Bought 0 Potions","floor":21.0,"damage_taken":0.0},{"event_name":"The Mausoleum","player_choice":"Yes","floor":28.0,"damage_taken":0.0},{"event_name":"Addict","player_choice":"Obtained Relic","floor":31.0,"damage_taken":0.0},{"event_name":"Mysterious Sphere","player_choice":"Fight","floor":36,"damage_taken":0},{"event_name":"Winding Halls","player_choice":"Embrace Madness","floor":37,"damage_taken":0},{"event_name":"Falling","player_choice":"Removed Skill","floor":39,"damage_taken":0}],"boss_relics":[{"not_picked":["Fusion Hammer","Orrery"],"picked":"Busted Crown"},{"not_picked":["Eternal Feather","White Beast Statue"],"picked":"Calling Bell"}],"items_purged_floors":[],"is_endless":false,"potions_floor_spawned":[1,16,19,27,30,33,36],"killed_by":"Giant Head","ascension_level":0}