{"gold_per_floor":[119,194,205,205,88,114,114,124,147,147,176,193,158,173,173,250,250,261,161,436,448,102,102,116,143,143,163,163,183,183,96,96,96],"floor_reached":33,"playtime":866,"items_purged":["Strike_R","Strike_R","Regret"],"score":550,"play_id":"1676a77a-7e20-42d5-8ab0-498baffe2c46","local_time":"20190610095309","is_ascension_mode":true,"campfire_choices":[{"floor":7.0,"key":"REST"},{"data":"1","floor":10.0,"key":"LIFT"},{"data":"2","floor":15.0,"key":"LIFT"},{"data":"3","floor":23.0,"key":"LIFT"},{"floor":28,"key":"REST"},{"data":"Flame Barrier","floor":30,"key":"SMITH"},{"data":"Metallicize","floor":32,"key":"SMITH"}],"neow_cost":"PERCENT_DAMAGE","seed_source_timestamp":55973278705800,"circlet_count":0,"master_deck":["AscendersBane","Strike_R","Strike_R","Strike_R","Defend_R","Defend_R","Defend_R","Defend_R","Bash","Clothesline","Twin Strike","Spot Weakness","Dropkick","Sword Boomerang","Thunderclap","Double Tap","Immolate","Havoc+1","Flame Barrier+1","Ghostly Armor","Second Wind","Metallicize+1"],"special_seed":0,"relics":["Burning Blood","Girya","Oddly Smooth Stone","PreservedInsect","Red Skull","Eternal Feather","ClockworkSouvenir","Centennial Puzzle","Letter Opener"],"potions_floor_usage":[25,33,33],"damage_taken":[{"damage":8.0,"enemies":"2 Louse","floor":1.0,"turns":3.0},{"damage":8.0,"enemies":"Jaw Worm","floor":3.0,"turns":4.0},{"damage":34.0,"enemies":"Lagavulin","floor":6.0,"turns":8.0},{"damage":15.0,"enemies":"Small Slimes","floor":8.0,"turns":4.0},{"damage":22.0,"enemies":"3 Sentries","floor":11.0,"turns":6.0},{"damage":0.0,"enemies":"Exordium Thugs","floor":12.0,"turns":3.0},{"damage":0.0,"enemies":"Blue Slaver","floor":14.0,"turns":2.0},{"damage":32.0,"enemies":"The Guardian","floor":16.0,"turns":11.0},{"damage":11.0,"enemies":"2 Thieves","floor":18.0,"turns":2.0},{"damage":20.0,"enemies":"3 Byrds","floor":21.0,"turns":5.0},{"damage":12.0,"enemies":"Snecko","floor":24.0,"turns":3.0},{"damage":24,"enemies":"Slavers","floor":25,"turns":3},{"damage":5,"enemies":"3 Cultists","floor":27,"turns":4},{"damage":17,"enemies":"Snake Plant","floor":29,"turns":4},{"damage":73,"enemies":"Automaton","floor":33,"turns":12}],"seed_played":"2521428760278859625","potions_obtained":[{"floor":3.0,"key":"EntropicBrew"},{"floor":6.0,"key":"Weak Potion"},{"floor":14.0,"key":"FearPotion"},{"floor":21.0,"key":"Energy Potion"},{"floor":25,"key":"GamblersBrew"},{"floor":29,"key":"Weak Potion"}],"is_trial":false,"path_per_floor":["M","?","M","?","$","E","R","M","T","R","E","M","?","M","R","B",null,"M","$","?","M","$","R","M","E","T","M","R","M","R","$","R","B"],"character_chosen":"IRONCLAD","items_purchased":["Spot Weakness","ClockworkSouvenir","Metallicize"],"campfire_rested":2,"item_purchase_floors":[5,22,31],"current_hp_per_floor":[48,37,35,40,40,12,36,27,27,27,11,17,37,43,43,17,64,59,59,59,45,45,54,48,30,30,31,67,56,68,68,80,7],"gold":96,"neow_bonus":"ONE_RARE_RELIC","is_prod":false,"is_daily":false,"chose_seed":false,"campfire_upgraded":2,"win_rate":0,"timestamp":1560156789,"path_taken":["M","?","M","?","$","E","R","M","T","R","E","M","?","M","R","BOSS","M","$","?","M","$","R","M","E","T","M","R","M","R","?","R","BOSS"],"build_version":"2019-01-23","purchased_purges":3,"victory":false,"max_hp_per_floor":[75,75,75,80,80,80,80,80,80,80,80,80,80,80,80,80,80,80,80,80,80,80,80,80,80,80,80,80,80,80,80,80,80],"card_choices":[{"not_picked":["Wild Strike","Sword Boomerang"],"picked":"Clothesline","floor":1.0},{"not_picked":["Armaments","Headbutt"],"picked":"Twin Strike","floor":3.0},{"not_picked":["Flex","Iron Wave"],"picked":"Dropkick","floor":6.0},{"not_picked":["Brutality","True Grit","Armaments"],"picked":"SKIP","floor":8.0},{"not_picked":["True Grit","Blood for Blood"],"picked":"Sword Boomerang","floor":11.0},{"not_picked":["Havoc","Body Slam"],"picked":"Thunderclap","floor":12.0},{"not_picked":["Anger","Rupture"],"picked":"Double Tap","floor":14.0},{"not_picked":["Feed","Berserk"],"picked":"Immolate","floor":16.0},{"not_picked":["Cleave","Body Slam","Warcry"],"picked":"SKIP","floor":18.0},{"not_picked":["Twin Strike","Hemokinesis"],"picked":"Havoc+1","floor":21.0},{"not_picked":["True Grit","Iron Wave","Fire Breathing"],"picked":"SKIP","floor":24.0},{"not_picked":["Bludgeon","Twin Strike"],"picked":"Flame Barrier","floor":25},{"not_picked":["Thunderclap","Body Slam"],"picked":"Ghostly Armor","floor":27},{"not_picked":["Wild Strike","Body Slam"],"picked":"Second Wind","floor":29}],"player_experience":1440667,"relics_obtained":[{"floor":6.0,"key":"Oddly Smooth Stone"},{"floor":9.0,"key":"PreservedInsect"},{"floor":11.0,"key":"Red Skull"},{"floor":25,"key":"Centennial Puzzle"},{"floor":26,"key":"Letter Opener"}],"event_choices":[{"damage_healed":0.0,"max_hp_gain":0.0,"max_hp_loss":0.0,"gold_gain":75.0,"event_name":"World of Goop","player_choice":"Gather Gold","floor":2.0,"gold_loss":0.0,"damage_taken":11.0},{"damage_healed":0.0,"max_hp_gain":5.0,"max_hp_loss":0.0,"gold_gain":0.0,"event_name":"Big Fish","player_choice":"Donut","floor":4.0,"gold_loss":0.0,"damage_taken":0.0},{"damage_healed":20.0,"max_hp_gain":0.0,"max_hp_loss":0.0,"gold_gain":0.0,"event_name":"The Cleric","player_choice":"Healed","floor":13.0,"gold_loss":35.0,"damage_taken":0.0},{"damage_healed":0.0,"max_hp_gain":0.0,"max_hp_loss":0.0,"gold_gain":275.0,"event_name":"Golden Shrine","player_choice":"Desecrate","floor":20.0,"gold_loss":0.0,"damage_taken":0.0,"cards_obtained":["Regret"]}],"is_beta":false,"boss_relics":[{"not_picked":["Pandora\u0027s Box","White Beast Statue"],"picked":"Eternal Feather"}],"items_purged_floors":[5,19,22],"is_endless":false,"potions_floor_spawned":[3,6,14,16,21,25,29],"killed_by":"Automaton","ascension_level":20}