{"gold_per_floor":[219,219,237,249,24,55,55,15,15,41,52,52],"floor_reached":12,"playtime":430,"items_purged":[],"score":176,"play_id":"509d1d13-1479-4632-99c0-2f6ad5cbab66","local_time":"20190418215647","is_ascension_mode":true,"campfire_choices":[{"data":"Apotheosis","floor":7,"key":"SMITH"}],"neow_cost":"NONE","seed_source_timestamp":10222742335385336,"circlet_count":0,"master_deck":["AscendersBane","Defend_G","Defend_G","Defend_G","Defend_G","Defend_G","Strike_G","Strike_G","Strike_G","Strike_G","Strike_G","Survivor","Neutralize","Infinite Blades","Blade Dance","Apotheosis+1","Dodge and Roll","Dodge and Roll","Sucker Punch","Blur","Bouncing Flask"],"relics":["Ring of the Snake","FossilizedHelix","Ninja Scroll","Potion Belt"],"potions_floor_usage":[6,12,12],"damage_taken":[{"damage":0,"enemies":"Small Slimes","floor":1,"turns":4},{"damage":0,"enemies":"2 Louse","floor":3,"turns":3},{"damage":4,"enemies":"Jaw Worm","floor":4,"turns":8},{"damage":7,"enemies":"Lagavulin","floor":6,"turns":8},{"damage":0,"enemies":"Looter","floor":8,"turns":4},{"damage":44,"enemies":"Gremlin Nob","floor":10,"turns":5},{"damage":0,"enemies":"Blue Slaver","floor":11,"turns":4},{"damage":6,"enemies":"3 Sentries","floor":12,"turns":8}],"seed_played":"-3664609202940797247","potions_obtained":[{"floor":4,"key":"AttackPotion"},{"floor":10,"key":"GamblersBrew"},{"floor":11,"key":"LiquidBronze"}],"is_trial":false,"path_per_floor":["M","?","M","M","$","E","R","M","T","E","M","E"],"character_chosen":"THE_SILENT","items_purchased":["Apotheosis","Dodge and Roll"],"campfire_rested":0,"item_purchase_floors":[5,5],"current_hp_per_floor":[59,59,59,55,55,48,48,48,48,4,4,0],"gold":52,"neow_bonus":"HUNDRED_GOLD","is_prod":false,"is_daily":false,"chose_seed":false,"campfire_upgraded":1,"win_rate":0,"timestamp":1555639007,"path_taken":["M","?","M","M","$","E","R","M","T","E","M","E"],"build_version":"2019-01-23","purchased_purges":0,"victory":false,"max_hp_per_floor":[66,66,66,66,66,66,66,66,66,66,66,66],"card_choices":[{"not_picked":["Cloak And Dagger","Slice"],"picked":"Infinite Blades","floor":1},{"not_picked":["Concentrate","Masterful Stab","Endless Agony"],"picked":"SKIP","floor":3},{"not_picked":["Endless Agony","Backflip"],"picked":"Blade Dance","floor":4},{"not_picked":["Terror","Deadly Poison"],"picked":"Dodge and Roll","floor":6},{"not_picked":["Concentrate","Outmaneuver"],"picked":"Sucker Punch","floor":8},{"not_picked":["Dagger Spray","Distraction"],"picked":"Blur","floor":10},{"not_picked":["Underhanded Strike","Well Laid Plans"],"picked":"Bouncing Flask","floor":11}],"player_experience":644920,"relics_obtained":[{"floor":6,"key":"FossilizedHelix"},{"floor":9,"key":"Ninja Scroll"},{"floor":10,"key":"Potion Belt"}],"event_choices":[{"damage_healed":0,"gold_gain":0,"player_choice":"Ignored","damage_taken":0,"max_hp_gain":0,"max_hp_loss":0,"event_name":"Liars Game","floor":2,"gold_loss":0}],"is_beta":false,"boss_relics":[],"items_purged_floors":[],"is_endless":false,"potions_floor_spawned":[4,10,11],"killed_by":"3 Sentries","ascension_level":20}