{"gold_per_floor":[117,117,46,56,71,96,96,126,176,176,176],"floor_reached":11,"playtime":289,"items_purged":[],"score":162,"play_id":"9daca997-2eae-405b-8b0d-ff61196552d0","local_time":"20190418214248","is_ascension_mode":true,"campfire_choices":[{"floor":7,"key":"REST"},{"data":"Neutralize","floor":10,"key":"SMITH"}],"neow_cost":"NONE","seed_source_timestamp":10221992702850520,"circlet_count":0,"master_deck":["AscendersBane","Defend_G","Defend_G","Defend_G","Defend_G","Defend_G","Strike_G+1","Strike_G","Strike_G+1","Strike_G","Strike_G","Survivor","Neutralize+1","Dagger Throw","Flying Knee","Heel Hook","All Out Attack","Footwork"],"special_seed":0,"relics":["Ring of the Snake","Whetstone","Letter Opener","Oddly Smooth Stone","Blood Vial"],"potions_floor_usage":[8,11],"damage_taken":[{"damage":0.0,"enemies":"Cultist","floor":1.0,"turns":4.0},{"damage":0.0,"enemies":"2 Louse","floor":4.0,"turns":2.0},{"damage":0.0,"enemies":"Small Slimes","floor":5.0,"turns":2.0},{"damage":32.0,"enemies":"Gremlin Nob","floor":6.0,"turns":4.0},{"damage":15,"enemies":"3 Sentries","floor":8,"turns":6},{"damage":34,"enemies":"Lagavulin","floor":11,"turns":10}],"seed_played":"-8617560470587948105","potions_obtained":[{"floor":6.0,"key":"Energy Potion"},{"floor":8,"key":"Ancient Potion"}],"is_trial":false,"path_per_floor":["M","?","?","M","M","E","R","E","T","R","E"],"character_chosen":"THE_SILENT","items_purchased":[],"campfire_rested":1,"item_purchase_floors":[],"current_hp_per_floor":[59,59,59,59,59,27,46,31,31,31,0],"gold":176,"neow_bonus":"RANDOM_COMMON_RELIC","is_prod":false,"is_daily":false,"chose_seed":false,"campfire_upgraded":1,"win_rate":0,"timestamp":1555638168,"path_taken":["M","?","?","M","M","E","R","E","T","R","E"],"build_version":"2019-01-23","purchased_purges":0,"victory":false,"max_hp_per_floor":[66,66,66,66,66,66,66,66,66,66,66],"card_choices":[{"not_picked":["Outmaneuver","Backflip"],"picked":"Dagger Throw","floor":1.0},{"not_picked":["Deflect","Dodge and Roll"],"picked":"Flying Knee","floor":4.0},{"not_picked":["Backflip","PiercingWail"],"picked":"Heel Hook","floor":5.0},{"not_picked":["Finisher","Escape Plan"],"picked":"All Out Attack","floor":6.0},{"not_picked":["Underhanded Strike","Escape Plan"],"picked":"Footwork","floor":8}],"player_experience":644299,"relics_obtained":[{"floor":6.0,"key":"Letter Opener"},{"floor":8,"key":"Oddly Smooth Stone"},{"floor":9,"key":"Blood Vial"}],"event_choices":[{"damage_healed":0.0,"max_hp_gain":0.0,"max_hp_loss":0.0,"gold_gain":0.0,"event_name":"The Cleric","player_choice":"Leave","floor":2.0,"gold_loss":0.0,"damage_taken":0.0},{"damage_healed":0.0,"max_hp_gain":0.0,"max_hp_loss":0.0,"gold_gain":0.0,"event_name":"World of Goop","player_choice":"Left Gold","floor":3.0,"gold_loss":71.0,"damage_taken":0.0}],"is_beta":false,"boss_relics":[],"items_purged_floors":[],"is_endless":false,"potions_floor_spawned":[6,8],"killed_by":"Lagavulin","ascension_level":20}