{"gold_per_floor":[215,180,193,193,170,170,204,204,204,214,225,256,274,299,299,378,378,393,316,264,276,288,314,314,328,352,362,362,395,395,410,410,489,489,508,508,457,474,487,487,501,501,501,536,536,556,556,567,567,567],"floor_reached":51,"playtime":2899,"items_purged":[],"score":1253,"play_id":"1a1c6385-ad4b-4594-9068-5604360d48c4","local_time":"20180727203525","is_ascension_mode":true,"campfire_choices":[{"data":"Zap","floor":6.0,"key":"SMITH"},{"floor":8,"key":"REST"},{"data":"Defragment","floor":15,"key":"SMITH"},{"data":"Biased Cognition","floor":24,"key":"SMITH"},{"data":"J.A.X.","floor":28,"key":"SMITH"},{"data":"Hologram","floor":30,"key":"SMITH"},{"data":"Conserve Battery","floor":32,"key":"SMITH"},{"floor":40,"key":"REST"},{"data":"Defragment","floor":42,"key":"SMITH"},{"floor":47,"key":"REST"},{"floor":49,"key":"REST"}],"neow_cost":"NONE","seed_source_timestamp":1725485557308237,"circlet_count":0,"master_deck":["Zap+1","Dualcast","AscendersBane","Cold Snap","Biased Cognition+1","Hologram+1","Chill","Self Repair","Defragment+1","Ball Lightning+1","Barrage+1","Turbo","Conserve Battery+1","Coolheaded","Glacier","Go for the Eyes+1","Redo","Chill","Conserve Battery","Rebound+1","J.A.X.+1","Go for the Eyes+1","Leap","Ball Lightning+1","Stack","Cold Snap+1","Sunder+1","Sweeping Beam+1","Madness","Madness","Ball Lightning+1","Leap+1","Barrage+1","Defragment+1","Ball Lightning+1","Consume+1","Hologram+1","Ball Lightning+1"],"special_seed":0,"relics":["Cracked Core","Mercury Hourglass","Bottled Tornado","Molten Egg 2","Happy Flower","Pandora\u0027s Box","Anchor","DataDisk","Oddly Smooth Stone","Inserter","Lantern","Art of War","Torii"],"potions_floor_usage":[12,14,16,23,29,33,38,50],"damage_taken":[{"damage":0.0,"enemies":"Jaw Worm","floor":1.0,"turns":3.0},{"damage":5.0,"enemies":"Small Slimes","floor":3.0,"turns":3.0},{"damage":44,"enemies":"Gremlin Nob","floor":7,"turns":5},{"damage":0,"enemies":"Cultist","floor":10,"turns":2},{"damage":10,"enemies":"Lots of Slimes","floor":11,"turns":2},{"damage":0,"enemies":"3 Sentries","floor":12,"turns":5},{"damage":0,"enemies":"Blue Slaver","floor":13,"turns":4},{"damage":6,"enemies":"Gremlin Nob","floor":14,"turns":3},{"damage":34,"enemies":"Hexaghost","floor":16,"turns":10},{"damage":8,"enemies":"Chosen","floor":18,"turns":4},{"damage":0,"enemies":"2 Thieves","floor":21,"turns":5},{"damage":3,"enemies":"3 Cultists","floor":22,"turns":6},{"damage":23,"enemies":"Gremlin Leader","floor":23,"turns":10},{"damage":0,"enemies":"Snake Plant","floor":25,"turns":3},{"damage":0,"enemies":"Cultist and Chosen","floor":27,"turns":4},{"damage":12,"enemies":"Slavers","floor":29,"turns":5},{"damage":0,"enemies":"Centurion and Healer","floor":31,"turns":5},{"damage":21,"enemies":"Collector","floor":33,"turns":13},{"damage":0,"enemies":"Flame Bruiser 1 Orb","floor":35,"turns":6},{"damage":6,"enemies":"3 Darklings","floor":38,"turns":5},{"damage":17,"enemies":"4 Shapes","floor":39,"turns":6},{"damage":9,"enemies":"Transient","floor":41,"turns":5},{"damage":30,"enemies":"Giant Head","floor":44,"turns":9},{"damage":3,"floor":45,"turns":6},{"damage":19,"enemies":"Spire Growth","floor":46,"turns":4},{"damage":1,"enemies":"Flame Bruiser 2 Orb","floor":48,"turns":4},{"damage":17,"enemies":"Donu and Deca","floor":50,"turns":9}],"seed_played":"5829628852960506437","potions_obtained":[{"floor":3.0,"key":"GamblersBrew"},{"floor":10,"key":"Explosive Potion"},{"floor":13,"key":"Block Potion"},{"floor":16,"key":"FocusPotion"},{"floor":21,"key":"Dexterity Potion"},{"floor":25,"key":"EssenceOfSteel"},{"floor":31,"key":"AttackPotion"},{"floor":46,"key":"Ancient Potion"}],"is_trial":false,"path_per_floor":["M","?","M","?","$","R","E","R","T","M","M","E","M","E","R","B",null,"M","?","$","M","M","E","R","M","T","M","R","E","R","M","R","B",null,"M","?","$","M","M","R","M","R","T","E","?","M","R","M","R","B"],"character_chosen":"DEFECT","items_purchased":["Hologram","Go for the Eyes+1","Ball Lightning+1"],"campfire_rested":4,"item_purchase_floors":[5,20,37],"current_hp_per_floor":[68,75,70,70,70,70,26,48,48,48,45,52,59,60,60,33,65,64,64,64,71,75,59,59,59,59,66,66,61,61,68,68,54,70,75,66,66,67,57,75,73,73,73,50,54,35,57,56,75,58],"gold":567,"neow_bonus":"HUNDRED_GOLD","is_prod":false,"is_daily":false,"chose_seed":false,"campfire_upgraded":7,"win_rate":0,"timestamp":1532738125,"path_taken":["M","?","M","?","$","R","E","R","T","?","M","E","M","E","R","BOSS","M","?","$","?","M","E","R","M","T","M","R","E","R","M","R","BOSS","M","?","$","M","M","R","M","R","T","E","?","M","R","M","R","BOSS"],"build_version":"2018-07-26","purchased_purges":0,"victory":true,"max_hp_per_floor":[75,75,75,75,75,75,75,75,75,75,75,75,75,75,75,75,75,75,75,75,75,75,75,75,75,75,75,75,75,75,75,75,75,75,75,75,75,75,75,75,75,75,75,75,75,75,75,75,75,75],"card_choices":[{"not_picked":["Barrage","Leap"],"picked":"Cold Snap","floor":1.0},{"not_picked":["Beam Cell","Gash"],"picked":"Biased Cognition","floor":3.0},{"not_picked":["Turbo","BootSequence"],"picked":"Chill","floor":7},{"not_picked":["Sweeping Beam","Rip and Tear"],"picked":"Self Repair","floor":10},{"not_picked":["BootSequence","Scrape","Gash"],"picked":"SKIP","floor":11},{"not_picked":["Rebound","Hologram"],"picked":"Defragment","floor":12},{"not_picked":["Barrage+1","Gash+1"],"picked":"Ball Lightning+1","floor":13},{"not_picked":["Hologram","Self Repair"],"picked":"Barrage+1","floor":14},{"not_picked":["Turbo","Aggregate"],"picked":"Rebound+1","floor":18},{"not_picked":["Hello World","Rip and Tear+1"],"picked":"Leap","floor":21},{"not_picked":["Storm","Go for the Eyes+1"],"picked":"Ball Lightning+1","floor":22},{"not_picked":["Melter+1","Conserve Battery"],"picked":"Stack","floor":23},{"not_picked":["Rip and Tear+1","Darkness","Hologram"],"picked":"SKIP","floor":25},{"not_picked":["Static Discharge","Redo"],"picked":"Cold Snap+1","floor":27},{"not_picked":["Hyperbeam+1","Skim"],"picked":"Sunder+1","floor":29},{"not_picked":["Gash+1","Stack"],"picked":"Sweeping Beam+1","floor":31},{"not_picked":["Undo","Heatsinks","Gash+1"],"picked":"SKIP","floor":35},{"not_picked":["Stack","Blizzard+1"],"picked":"Leap+1","floor":38},{"not_picked":["Coolheaded","Rip and Tear+1"],"picked":"Barrage+1","floor":39},{"not_picked":["Streamline+1","Sweeping Beam+1"],"picked":"Defragment","floor":41},{"not_picked":["Melter+1","Sweeping Beam+1"],"picked":"Ball Lightning+1","floor":44},{"not_picked":["Go for the Eyes+1","Ball Lightning+1"],"picked":"Consume+1","floor":45},{"not_picked":["Rainbow","Rebound+1"],"picked":"Hologram+1","floor":46},{"not_picked":["Turbo","Rebound+1"],"picked":"Ball Lightning+1","floor":48}],"player_experience":167703,"relics_obtained":[{"floor":7,"key":"Mercury Hourglass"},{"floor":9,"key":"Bottled Tornado"},{"floor":12,"key":"Molten Egg 2"},{"floor":14,"key":"Happy Flower"},{"floor":23,"key":"Anchor"},{"floor":26,"key":"DataDisk"},{"floor":29,"key":"Oddly Smooth Stone"},{"floor":43,"key":"Lantern"},{"floor":44,"key":"Art of War"},{"floor":45,"key":"Torii"}],"event_choices":[{"event_name":"The Cleric","player_choice":"Healed","floor":2.0,"damage_taken":0.0},{"event_name":"Liars Game","player_choice":"disagreed","floor":4.0,"damage_taken":0.0},{"event_name":"Drug Dealer","player_choice":"Got JAXXED","floor":19,"damage_taken":0},{"event_name":"Winding Halls","player_choice":"Embrace Madness","floor":36,"damage_taken":0},{"event_name":"MindBloom","player_choice":"Fight","floor":45,"damage_taken":0}],"is_beta":false,"boss_relics":[{"not_picked":["Fusion Hammer","Cursed Key"],"picked":"Pandora\u0027s Box"},{"not_picked":["Tiny House","Coffee Dripper"],"picked":"Inserter"}],"items_purged_floors":[],"is_endless":false,"potions_floor_spawned":[3,10,13,16,21,22,25,27,31,46],"ascension_level":13}