{"gold_per_floor":[215,233,253,253,3,29,42,42,42,55,68,68,78,109,109,109],"floor_reached":16,"playtime":569,"items_purged":[],"score":228,"play_id":"6de974cd-b8b8-43c2-9f0f-9ddb02dca370","local_time":"20190510215910","is_ascension_mode":true,"campfire_choices":[{"floor":8,"key":"REST"},{"data":"1","floor":15,"key":"LIFT"}],"neow_cost":"NONE","seed_source_timestamp":1158548973594896,"circlet_count":0,"master_deck":["AscendersBane","Defend_G","Defend_G","Defend_G","Defend_G","Defend_G","Strike_G","Strike_G","Strike_G","Strike_G","Strike_G","Survivor","Neutralize","Backstab","Heel Hook","Blur","Predator","Blade Dance","Crippling Poison","Cloak And Dagger","Glass Knife"],"special_seed":0,"relics":["Ring of the Snake","FaceOfCleric","Regal Pillow","Pear","Girya","WingedGreaves"],"potions_floor_usage":[6,14,16],"damage_taken":[{"damage":0.0,"enemies":"Cultist","floor":1.0,"turns":4.0},{"damage":0.0,"enemies":"2 Louse","floor":2.0,"turns":3.0},{"damage":8.0,"enemies":"Jaw Worm","floor":3.0,"turns":6.0},{"damage":25,"enemies":"3 Sentries","floor":6,"turns":10},{"damage":8,"enemies":"Exordium Wildlife","floor":7,"turns":4},{"damage":10,"enemies":"Blue Slaver","floor":10,"turns":5},{"damage":0,"enemies":"3 Louse","floor":11,"turns":4},{"damage":0,"enemies":"2 Fungi Beasts","floor":13,"turns":3},{"damage":23,"enemies":"Gremlin Nob","floor":14,"turns":4},{"damage":45,"enemies":"Slime Boss","floor":16,"turns":8}],"seed_played":"-6114131364931884454","potions_obtained":[{"floor":3.0,"key":"Explosive Potion"},{"floor":7,"key":"Strength Potion"},{"floor":10,"key":"Strength Potion"},{"floor":13,"key":"GhostInAJar"}],"is_trial":false,"path_per_floor":["M","M","M","?","$","E","M","R","T","M","M","$","M","E","R","B"],"character_chosen":"THE_SILENT","items_purchased":["Predator","Regal Pillow"],"campfire_rested":1,"item_purchase_floors":[5,5],"current_hp_per_floor":[59,59,51,51,51,37,30,68,68,59,60,60,61,39,39,0],"gold":109,"neow_bonus":"HUNDRED_GOLD","is_prod":false,"is_daily":false,"chose_seed":false,"campfire_upgraded":0,"win_rate":0,"timestamp":1557539950,"path_taken":["M","?","M","?","$","E","?","R","T","M","?","?","M","E","R","BOSS"],"build_version":"2019-01-23","purchased_purges":0,"victory":false,"max_hp_per_floor":[66,66,66,66,66,77,78,78,78,79,80,80,81,82,82,82],"card_choices":[{"not_picked":["PiercingWail","Deflect"],"picked":"Backstab","floor":1.0},{"not_picked":["Quick Slash","Slice"],"picked":"Heel Hook","floor":2.0},{"not_picked":["Outmaneuver","Setup"],"picked":"Blur","floor":3.0},{"not_picked":["Catalyst","Deflect"],"picked":"Blade Dance","floor":6},{"not_picked":["Reflex","Bane","Deflect"],"picked":"SKIP","floor":7},{"not_picked":["Finisher","Underhanded Strike"],"picked":"Crippling Poison","floor":10},{"not_picked":["Tactician","Acrobatics"],"picked":"Cloak And Dagger","floor":11},{"not_picked":["Deflect","Flechettes","Bane"],"picked":"SKIP","floor":13},{"not_picked":["Deflect","Flechettes","Bane"],"picked":"SKIP","floor":13},{"not_picked":["Deflect","Flechettes","Bane"],"picked":"SKIP","floor":13},{"not_picked":["Deflect","Flechettes","Bane"],"picked":"SKIP","floor":13},{"not_picked":["Caltrops","Catalyst"],"picked":"Glass Knife","floor":14}],"player_experience":680716,"relics_obtained":[{"floor":6,"key":"Pear"},{"floor":9,"key":"Girya"},{"floor":14,"key":"WingedGreaves"}],"event_choices":[{"damage_healed":0.0,"max_hp_gain":0.0,"max_hp_loss":0.0,"gold_gain":0.0,"event_name":"FaceTrader","player_choice":"Trade","floor":4.0,"gold_loss":0.0,"damage_taken":0.0,"relics_obtained":["FaceOfCleric"]}],"is_beta":false,"boss_relics":[],"items_purged_floors":[],"is_endless":false,"potions_floor_spawned":[3,7,10,11,13],"killed_by":"Slime Boss","ascension_level":20}