{"gold_per_floor":[111,122,134,134,149,149,149,174,254,254,5,24,24,24,24,129,129,149,159,84,84,84,116,116,132,132,132,132,3,3,35,35,35],"floor_reached":33,"playtime":920,"items_purged":["Strike_R"],"score":418,"play_id":"d08c0e30-050d-475c-892e-38b83ee1cb7d","local_time":"20190106165056","is_ascension_mode":true,"campfire_choices":[{"data":"Armaments","floor":6.0,"key":"SMITH"},{"data":"1","floor":10.0,"key":"LIFT"},{"data":"2","floor":13.0,"key":"LIFT"},{"data":"3","floor":15.0,"key":"LIFT"},{"floor":24.0,"key":"REST"},{"floor":28.0,"key":"REST"},{"floor":32.0,"key":"REST"}],"neow_cost":"NONE","seed_source_timestamp":1397152150743575,"circlet_count":0,"master_deck":["AscendersBane","Strike_R","Strike_R","Strike_R","Defend_R","Defend_R","Defend_R","Bash+1","Sword Boomerang","Iron Wave","Perfected Strike","Searing Blow","Armaments+1","Shockwave","Shrug It Off+1","Twin Strike","Reaper","Spot Weakness+1","Whirlwind","Anger","Shrug It Off+1","Shrug It Off+1","Feed","Twin Strike","Spot Weakness+1","Flex+1","Flash of Steel"],"special_seed":0,"relics":["Burning Blood","Girya","The Courier","Toxic Egg 2","Orrery","Bag of Marbles","Singing Bowl","Nilry\u0027s Codex","Red Mask"],"potions_floor_usage":[33],"damage_taken":[{"damage":0.0,"enemies":"Small Slimes","floor":1.0,"turns":3.0},{"damage":1.0,"enemies":"Cultist","floor":2.0,"turns":3.0},{"damage":0.0,"enemies":"2 Louse","floor":3.0,"turns":2.0},{"damage":12.0,"enemies":"2 Fungi Beasts","floor":5.0,"turns":4.0},{"damage":35.0,"enemies":"Lagavulin","floor":8.0,"turns":6.0},{"damage":0.0,"enemies":"3 Louse","floor":12.0,"turns":2.0},{"damage":40.0,"enemies":"Hexaghost","floor":16.0,"turns":9.0},{"damage":24.0,"enemies":"Spheric Guardian","floor":18.0,"turns":4.0},{"damage":0.0,"enemies":"Chosen","floor":19.0,"turns":3.0},{"damage":51.0,"enemies":"Book of Stabbing","floor":23.0,"turns":6.0},{"damage":33.0,"enemies":"Centurion and Healer","floor":25.0,"turns":8.0},{"damage":24.0,"enemies":"Masked Bandits","floor":31.0,"turns":3.0},{"damage":101,"enemies":"Collector","floor":33,"turns":7}],"seed_played":"3855514227576914968","potions_obtained":[{"floor":2.0,"key":"Poison Potion"},{"floor":5.0,"key":"Fire Potion"},{"floor":12.0,"key":"FearPotion"},{"floor":31.0,"key":"PowerPotion"}],"is_trial":false,"path_per_floor":["M","M","M","?","M","R","$","E","T","R","$","M","R","?","R","B",null,"M","M","?","?","?","E","R","M","T","?","R","$","?","?","R","B"],"character_chosen":"IRONCLAD","items_purchased":["Toxic Egg 2","Shrug It Off+1","Flash of Steel"],"campfire_rested":3,"item_purchase_floors":[11,11,29],"current_hp_per_floor":[78,80,80,80,74,74,74,45,45,45,45,51,51,51,51,17,64,53,59,59,59,59,28,52,45,45,29,53,53,53,37,61,0],"gold":35,"neow_bonus":"UPGRADE_CARD","is_prod":false,"is_daily":false,"chose_seed":false,"campfire_upgraded":1,"win_rate":0,"timestamp":1546811456,"path_taken":["M","M","M","?","?","R","?","E","T","R","?","M","R","?","R","BOSS","M","M","?","?","?","E","R","M","T","?","R","$","?","?","R","BOSS"],"build_version":"2019-01-03v4","purchased_purges":1,"victory":false,"max_hp_per_floor":[80,80,80,80,80,80,80,80,80,80,80,80,80,80,80,80,80,80,80,80,80,80,80,80,80,80,80,80,80,80,82,82,82],"card_choices":[{"not_picked":["Body Slam","Rage"],"picked":"Sword Boomerang","floor":1.0},{"not_picked":["Intimidate","Wild Strike"],"picked":"Iron Wave","floor":2.0},{"not_picked":["Armaments","Blood for Blood"],"picked":"Perfected Strike","floor":3.0},{"not_picked":["Sever Soul","Body Slam"],"picked":"Armaments","floor":5.0},{"not_picked":["Sword Boomerang","Second Wind"],"picked":"Shockwave","floor":8.0},{"not_picked":["Seeing Red+1","Warcry+1"],"picked":"Twin Strike","floor":12.0},{"not_picked":["Brutality","Dark Embrace"],"picked":"Reaper","floor":16.0},{"not_picked":["Headbutt","Sword Boomerang"],"picked":"Spot Weakness+1","floor":17.0},{"not_picked":["Disarm+1","Sentinel+1"],"picked":"Whirlwind","floor":17.0},{"not_picked":["Headbutt","Rupture"],"picked":"Anger","floor":17.0},{"not_picked":["Body Slam","Wild Strike"],"picked":"Shrug It Off+1","floor":17.0},{"not_picked":["Intimidate+1","Corruption"],"picked":"Shrug It Off+1","floor":17.0},{"not_picked":["Carnage","Twin Strike"],"picked":"Feed","floor":18.0},{"not_picked":["Iron Wave","Pommel Strike"],"picked":"Twin Strike","floor":19.0},{"not_picked":["Iron Wave","Armaments+1"],"picked":"Spot Weakness+1","floor":23.0},{"not_picked":["Rupture","Uppercut"],"picked":"Flex+1","floor":25.0},{"not_picked":["Havoc+1","Corruption","True Grit+1"],"picked":"Singing Bowl","floor":31.0}],"player_experience":549751,"relics_obtained":[{"floor":8.0,"key":"Girya"},{"floor":9.0,"key":"The Courier"},{"floor":23.0,"key":"Bag of Marbles"},{"floor":26.0,"key":"Singing Bowl"},{"floor":27.0,"key":"Nilry\u0027s Codex"},{"floor":31.0,"key":"Red Mask"}],"event_choices":[{"damage_healed":0.0,"max_hp_gain":0.0,"max_hp_loss":0.0,"gold_gain":0.0,"cards_transformed":["Defend_R"],"event_name":"Transmorgrifier","player_choice":"Transformed","floor":4.0,"gold_loss":0.0,"damage_taken":0.0,"cards_obtained":["Searing Blow"]},{"damage_healed":0.0,"max_hp_gain":0.0,"max_hp_loss":0.0,"gold_gain":0.0,"event_name":"Liars Game","player_choice":"Ignored","floor":14.0,"gold_loss":0.0,"damage_taken":0.0},{"cards_removed":["Strike_R"],"damage_healed":0.0,"max_hp_gain":0.0,"max_hp_loss":0.0,"gold_gain":0.0,"event_name":"Beggar","player_choice":"Gave Gold","floor":20.0,"gold_loss":75.0,"damage_taken":0.0},{"damage_healed":0.0,"max_hp_gain":0.0,"max_hp_loss":0.0,"gold_gain":0.0,"event_name":"Ghosts","player_choice":"Ignored","floor":21.0,"gold_loss":0.0,"damage_taken":0.0},{"damage_healed":0.0,"max_hp_gain":0.0,"max_hp_loss":0.0,"gold_gain":0.0,"event_name":"Vampires","player_choice":"Ignored","floor":22.0,"gold_loss":0.0,"damage_taken":0.0},{"damage_healed":0.0,"max_hp_gain":0.0,"max_hp_loss":0.0,"gold_gain":0.0,"event_name":"Cursed Tome","player_choice":"Obtained Book","floor":27.0,"gold_loss":0.0,"damage_taken":16.0},{"damage_healed":0.0,"max_hp_gain":0.0,"max_hp_loss":0.0,"gold_gain":0.0,"event_name":"Masked Bandits","player_choice":"Fought Bandits","floor":31.0,"gold_loss":0.0,"damage_taken":0.0}],"is_beta":false,"boss_relics":[{"not_picked":["White Beast Statue","Runic Pyramid"],"picked":"Orrery"}],"items_purged_floors":[29],"is_endless":false,"potions_floor_spawned":[2,5,12,19,31],"killed_by":"Collector","ascension_level":12}