{"gold_per_floor":[114,130,149,149,164,164,195,195,195,212,232,261,261,273,273,352,352,364,364,279,72,0,0,0],"floor_reached":24,"playtime":669,"items_purged":["Strike_B"],"score":412,"play_id":"f45ce3e5-df9a-46f6-8443-c01444ce402c","local_time":"20181111151108","is_ascension_mode":true,"campfire_choices":[{"data":"Loop","floor":6.0,"key":"SMITH"},{"floor":8.0,"key":"REST"},{"data":"Hologram","floor":15.0,"key":"SMITH"},{"data":"White Noise","floor":23,"key":"SMITH"}],"neow_cost":"NONE","seed_source_timestamp":246797235798550,"circlet_count":0,"master_deck":["AscendersBane","Strike_B","Strike_B","Strike_B","Defend_B","Defend_B","Defend_B+1","Defend_B","Zap+1","Dualcast","Go for the Eyes","Sweeping Beam","Cold Snap","Loop+1","Cold Snap","Reinforced Body","Ball Lightning","Hologram+1","Zap","Meteor Strike","Seek","Capacitor","Leap","White Noise+1"],"special_seed":0,"relics":["Cracked Core","StoneCalendar","Ice Cream","Nunchaku","Sozu","Darkstone Periapt"],"potions_floor_usage":[16,24],"damage_taken":[{"damage":0.0,"enemies":"2 Louse","floor":1.0,"turns":3.0},{"damage":0.0,"enemies":"Small Slimes","floor":2.0,"turns":2.0},{"damage":4.0,"enemies":"Cultist","floor":3.0,"turns":3.0},{"damage":8.0,"enemies":"Looter","floor":5.0,"turns":2.0},{"damage":23.0,"enemies":"3 Sentries","floor":7.0,"turns":7.0},{"damage":4.0,"enemies":"Blue Slaver","floor":10.0,"turns":2.0},{"damage":0.0,"enemies":"Large Slime","floor":11.0,"turns":4.0},{"damage":4.0,"enemies":"Gremlin Nob","floor":12.0,"turns":3.0},{"damage":3.0,"enemies":"3 Louse","floor":14.0,"turns":2.0},{"damage":33,"enemies":"Slime Boss","floor":16,"turns":7},{"damage":11,"enemies":"Chosen","floor":18,"turns":5},{"damage":50,"enemies":"Gremlin Leader","floor":24,"turns":4}],"seed_played":"-3024492006614822647","potions_obtained":[{"floor":1.0,"key":"SteroidPotion"},{"floor":2.0,"key":"Regen Potion"},{"floor":7.0,"key":"FearPotion"},{"floor":12.0,"key":"Fire Potion"},{"floor":14.0,"key":"SkillPotion"}],"is_trial":false,"path_per_floor":["M","M","M","?","M","R","E","R","T","M","M","E","?","M","R","B",null,"M","?","?","$","?","R","E"],"character_chosen":"DEFECT","items_purchased":["Leap","White Noise"],"campfire_rested":1,"item_purchase_floors":[21,21],"current_hp_per_floor":[71,71,67,44,36,36,28,51,51,47,47,43,43,40,40,7,60,49,49,49,49,49,49,0],"gold":0,"neow_bonus":"TEN_PERCENT_HP_BONUS","is_prod":false,"is_daily":false,"chose_seed":false,"campfire_upgraded":3,"win_rate":0,"timestamp":1541967068,"path_taken":["M","M","M","?","M","R","E","R","T","M","M","E","?","?","R","BOSS","M","?","?","$","?","R","E"],"build_version":"2018-11-08","purchased_purges":1,"victory":false,"max_hp_per_floor":[78,78,78,78,78,78,78,78,78,78,78,78,78,78,78,78,78,78,78,78,78,78,78,78],"card_choices":[{"not_picked":["Aggregate","Double Energy"],"picked":"Go for the Eyes","floor":1.0},{"not_picked":["Darkness","Steam Power"],"picked":"Sweeping Beam","floor":2.0},{"not_picked":["Redo","Doom and Gloom"],"picked":"Cold Snap","floor":3.0},{"not_picked":["BootSequence","Recycle"],"picked":"Loop","floor":5.0},{"not_picked":["Coolheaded","Beam Cell"],"picked":"Cold Snap","floor":7.0},{"not_picked":["Beam Cell","Sweeping Beam","Redo"],"picked":"SKIP","floor":10.0},{"not_picked":["Streamline","Rebound"],"picked":"Reinforced Body","floor":11.0},{"not_picked":["Go for the Eyes","Consume"],"picked":"Ball Lightning","floor":12.0},{"not_picked":["Coolheaded","Barrage"],"picked":"Meteor Strike","floor":14.0},{"not_picked":["Buffer","Amplify"],"picked":"Seek","floor":16},{"not_picked":["Barrage","BootSequence"],"picked":"Capacitor","floor":18}],"player_experience":418631,"relics_obtained":[{"floor":7.0,"key":"StoneCalendar"},{"floor":9.0,"key":"Ice Cream"},{"floor":12.0,"key":"Nunchaku"}],"event_choices":[{"damage_healed":0.0,"max_hp_gain":0.0,"max_hp_loss":0.0,"gold_gain":0.0,"event_name":"Shining Light","player_choice":"Entered Light","floor":4.0,"gold_loss":0.0,"damage_taken":23.0,"cards_upgraded":["Zap","Defend_B"]},{"damage_healed":0.0,"max_hp_gain":0.0,"max_hp_loss":0.0,"gold_gain":0.0,"event_name":"Match and Keep!","player_choice":"2 cards matched","floor":13.0,"gold_loss":0.0,"damage_taken":0.0,"cards_obtained":["Hologram","Zap"]},{"damage_healed":0,"gold_gain":0,"player_choice":"Ignored","damage_taken":0,"max_hp_gain":0,"max_hp_loss":0,"event_name":"The Mausoleum","floor":19,"gold_loss":0},{"damage_healed":0,"gold_gain":0,"player_choice":"Obtained Relic","damage_taken":0,"relics_obtained":["Darkstone Periapt"],"max_hp_gain":0,"max_hp_loss":0,"event_name":"Addict","floor":20,"gold_loss":85},{"damage_healed":0,"gold_gain":0,"player_choice":"Paid Fearfully","damage_taken":0,"max_hp_gain":0,"max_hp_loss":0,"event_name":"Masked Bandits","floor":22,"gold_loss":72}],"is_beta":false,"boss_relics":[{"not_picked":["Empty Cage","Ectoplasm"],"picked":"Sozu"}],"items_purged_floors":[21],"is_endless":false,"potions_floor_spawned":[1,2,7,12,14],"killed_by":"Gremlin Leader","ascension_level":20}