{"path_per_floor":["M","?","M","M","?","R","E","M","T","?","R","T","E","M","R","B",null,"M","?","M","$","?","R","M","M","T","M","$","M","R","E","R"],"character_chosen":"IRONCLAD","items_purchased":["Swift Strike","Bludgeon","Rampage"],"gold_per_floor":[115,115,126,137,137,137,170,189,189,210,210,210,239,254,254,350,350,360,360,371,114,14,14,26,36,59,76,41,52,52,81,81],"floor_reached":33,"campfire_rested":6,"playtime":2298,"current_hp_per_floor":[75,75,65,62,55,79,56,49,49,32,56,56,40,31,55,54,80,61,46,42,42,42,67,77,75,75,30,30,21,46,12,37],"items_purged":["Juggernaut"],"gold":81,"play_id":"7975fe63-628e-446d-bf3a-a6b8f3bb6b1d","is_prod":false,"is_daily":false,"is_ascension_mode":false,"campfire_upgraded":0,"path_taken":["M","?","?","M","?","R","E","M","T","?","R","?","E","M","R","BOSS","M","?","M","$","?","R","M","M","T","M","$","M","R","E","R","BOSS"],"build_version":"2018-01-25-PROD3","purchased_purges":1,"victory":false,"master_deck":["Strike_R","Strike_R","Strike_R","Strike_R","Strike_R","Defend_R","Defend_R","Defend_R","Defend_R","Bash+1","Bloodletting","Inflame","Headbutt","Heavy Blade","Infernal Blade","Clash","Brutality","Flex","Swift Strike","Bludgeon","J.A.X.","Reckless Charge","Offering","Rampage","Seeing Red","Limit Break"],"max_hp_per_floor":[80,80,80,80,80,80,80,80,80,80,80,80,80,80,80,80,80,80,85,85,85,85,85,85,85,85,85,85,85,85,85,85],"relics":["Burning Blood","Pen Nib","Vajra","Ice Cream","Odd Mushroom","Ancient Tea Set","Dream Catcher","Snecko Eye","Bag of Preparation","Gremlin Horn"],"card_choices":[{"not_picked":["Headbutt","Clash"],"picked":"Bloodletting"},{"not_picked":["Warcry","Dropkick"],"picked":"Inflame"},{"not_picked":["Inflame","Iron Wave"],"picked":"Headbutt"},{"not_picked":["Inflame","Bludgeon"],"picked":"Heavy Blade"},{"not_picked":["Heavy Blade","Armaments"],"picked":"Infernal Blade"},{"not_picked":["Infernal Blade","Sword Boomerang"],"picked":"Clash"},{"not_picked":["Juggernaut","Barricade"],"picked":"Brutality"},{"not_picked":["Thunderclap","Heavy Blade"],"picked":"Flex"},{"not_picked":["Heavy Blade","Perfected Strike"],"picked":"Reckless Charge"},{"not_picked":["True Grit","Armaments"],"picked":"Offering"},{"not_picked":["Sword Boomerang","Body Slam"],"picked":"Seeing Red"},{"not_picked":["True Grit","Perfected Strike"],"picked":"Limit Break"}],"player_experience":21555,"potions_floor_usage":[10,13,16,27,31,33],"damage_taken":[{"damage":11,"enemies":"Jaw Worm","floor":1,"turns":4},{"damage":16,"enemies":"Blue Slaver","floor":3,"turns":5},{"damage":9,"enemies":"2 Louse","floor":4,"turns":4},{"damage":29,"enemies":"Gremlin Nob","floor":7,"turns":5},{"damage":13,"enemies":"Red Slaver","floor":8,"turns":2},{"damage":29,"enemies":"The Mushroom Lair","floor":10,"turns":4},{"damage":22,"enemies":"3 Sentries","floor":13,"turns":4},{"damage":15,"enemies":"2 Fungi Beasts","floor":14,"turns":3},{"damage":7,"enemies":"Slime Boss","floor":16,"turns":5},{"damage":25,"enemies":"Shell Parasite","floor":18,"turns":3},{"damage":10,"enemies":"Spheric Guardian","floor":20,"turns":3},{"damage":14,"enemies":"3 Cultists","floor":24,"turns":4},{"damage":8,"enemies":"Sentry and Sphere","floor":25,"turns":3},{"damage":51,"enemies":"Centurion and Healer","floor":27,"turns":4},{"damage":15,"enemies":"Slaver and Parasite","floor":29,"turns":4},{"damage":40,"enemies":"Gremlin Leader","floor":31,"turns":6},{"damage":55,"enemies":"Collector","floor":33,"turns":5}],"event_choices":[{"event_name":"Accursed Blacksmith","player_choice":"Forge","floor":2,"damage_taken":0},{"event_name":"Scrap Ooze","player_choice":"success","floor":5,"damage_taken":7},{"event_name":"Mushrooms","player_choice":"Fought Mushrooms","floor":10,"damage_taken":0},{"event_name":"Forgotten Altar","player_choice":"Shed Blood","floor":19,"damage_taken":0},{"event_name":"Drug Dealer","player_choice":"Got JAXXED","floor":22,"damage_taken":0}],"boss_relics":[{"not_picked":["Runic Dome","Runic Pyramid"],"picked":"Snecko Eye"}],"potions_floor_spawned":[4,7,8,13,18,24,31],"seed_played":"1528807895006288891","killed_by":"Collector","ascension_level":0,"is_trial":false}