{"gold_per_floor":[111,111,111,31,49,68,68,68,93,112,135,156,156,172,172,172],"floor_reached":16,"playtime":569,"items_purged":["Regret"],"score":94,"play_id":"18438fd3-67c0-4301-a521-64d4dd9d50f3","local_time":"20190209102533","is_ascension_mode":false,"campfire_choices":[{"data":"Neutralize","floor":7,"key":"SMITH"},{"floor":13,"key":"REST"},{"data":"Infinite Blades","floor":15,"key":"SMITH"}],"neow_cost":"NONE","seed_source_timestamp":1007448334002460,"circlet_count":0,"master_deck":["Defend_G","Defend_G","Defend_G","Defend_G","Defend_G","Strike_G","Strike_G","Strike_G","Strike_G","Survivor","Neutralize+1","Setup","Infinite Blades+1","Prepared","Blade Dance","Quick Slash","Blade Dance","Finisher","Cloak And Dagger"],"relics":["Ring of the Snake","The Courier","Golden Idol","Bag of Preparation"],"potions_floor_usage":[16],"damage_taken":[{"damage":0,"enemies":"Small Slimes","floor":1,"turns":4},{"damage":1,"enemies":"Jaw Worm","floor":5,"turns":6},{"damage":1,"enemies":"2 Louse","floor":6,"turns":4},{"damage":0,"enemies":"Looter","floor":10,"turns":4},{"damage":1,"enemies":"Red Slaver","floor":11,"turns":5},{"damage":4,"enemies":"Blue Slaver","floor":12,"turns":4},{"damage":4,"enemies":"Gremlin Gang","floor":14,"turns":4},{"damage":66,"enemies":"The Guardian","floor":16,"turns":15}],"seed_played":"-7644850934901489435","potions_obtained":[{"floor":1,"key":"Energy Potion"},{"floor":10,"key":"Block Potion"},{"floor":11,"key":"Explosive Potion"}],"is_trial":false,"path_per_floor":["M","?","?","$","M","M","R","?","T","M","M","M","R","M","R","B"],"character_chosen":"THE_SILENT","items_purchased":["Prepared"],"campfire_rested":1,"item_purchase_floors":[4],"current_hp_per_floor":[70,70,70,70,69,68,68,51,51,51,50,46,67,63,63,0],"gold":172,"neow_bonus":"TRANSFORM_CARD","is_prod":false,"is_daily":false,"chose_seed":false,"campfire_upgraded":2,"win_rate":0,"timestamp":1549736733,"path_taken":["M","?","?","$","M","M","R","?","T","M","M","M","R","M","R","BOSS"],"build_version":"2019-01-23","purchased_purges":1,"victory":false,"max_hp_per_floor":[70,70,70,70,70,70,70,70,70,70,70,70,70,70,70,70],"card_choices":[{"not_picked":["Acrobatics","Dash"],"picked":"Infinite Blades","floor":1},{"not_picked":["Poisoned Stab","Deflect"],"picked":"Blade Dance","floor":5},{"not_picked":["Acrobatics","Deadly Poison"],"picked":"Quick Slash","floor":6},{"not_picked":["Bane","Quick Slash"],"picked":"Blade Dance","floor":10},{"not_picked":["Prepared","Poisoned Stab"],"picked":"Finisher","floor":11},{"not_picked":["Poisoned Stab","Sucker Punch"],"picked":"Cloak And Dagger","floor":12},{"not_picked":["Poisoned Stab","Calculated Gamble","Caltrops"],"picked":"SKIP","floor":14}],"player_experience":197073,"relics_obtained":[{"floor":9,"key":"Bag of Preparation"}],"event_choices":[{"damage_healed":0,"gold_gain":0,"player_choice":"Ignored","damage_taken":0,"max_hp_gain":0,"max_hp_loss":0,"event_name":"Liars Game","floor":2,"gold_loss":0},{"damage_healed":0,"gold_gain":0,"player_choice":"Box","damage_taken":0,"relics_obtained":["The Courier"],"max_hp_gain":0,"max_hp_loss":0,"event_name":"Big Fish","floor":3,"gold_loss":0,"cards_obtained":["Regret"]},{"damage_healed":0,"gold_gain":0,"player_choice":"Take Damage","damage_taken":17,"relics_obtained":["Golden Idol"],"max_hp_gain":0,"max_hp_loss":0,"event_name":"Golden Idol","floor":8,"gold_loss":0}],"is_beta":false,"boss_relics":[],"items_purged_floors":[4],"is_endless":false,"potions_floor_spawned":[1,10,11],"killed_by":"The Guardian","ascension_level":0}