{"gold_per_floor":[117,67,67,78,93,118,118,143,143,68,68,79,79,94,94,195,195,205,105,119,119,136,165,165,193,193,219,319,319,393,424,424,524,524,542,542,230,246,246,274,274,308,308,308,308,308,308,308,308,308,308,308,89,120,120],"floor_reached":56,"playtime":2110,"items_purged":["Strike_R","Strike_R"],"score":1516,"play_id":"84bce076-03c8-4649-8192-20ad69a10406","local_time":"20190209163501","is_ascension_mode":true,"campfire_choices":[{"data":"Bash","floor":7.0,"key":"SMITH"},{"data":"Whirlwind","floor":11.0,"key":"SMITH"},{"data":"Pommel Strike","floor":13.0,"key":"SMITH"},{"data":"Pommel Strike","floor":15.0,"key":"SMITH"},{"data":"RitualDagger","floor":24.0,"key":"SMITH"},{"data":"Barricade","floor":29.0,"key":"SMITH"},{"data":"Demon Form","floor":32.0,"key":"SMITH"},{"floor":41,"key":"RECALL"},{"data":"Strike_R","floor":45,"key":"PURGE"},{"data":"Iron Wave","floor":49,"key":"SMITH"},{"data":"Iron Wave","floor":52,"key":"SMITH"}],"neow_cost":"NONE","seed_source_timestamp":13587629174586,"circlet_count":0,"master_deck":["Defend_R+1","Defend_R","Defend_R","Defend_R","Bash+1","Pommel Strike+1","Iron Wave+1","Seeing Red+1","Iron Wave+1","Pommel Strike+1","Pommel Strike+1","Demon Form+1","Iron Wave+1","Battle Trance","RitualDagger+1","Pommel Strike+1","Barricade+1","Exhume+1","Iron Wave+1","Clothesline+1","Clothesline+1","Entrench+1","Pummel"],"special_seed":0,"relics":["Burning Blood","Lantern","Gremlin Horn","War Paint","Coffee Dripper","Ornamental Fan","Meat on the Bone","Toxic Egg 2","Dream Catcher","Incense Burner","Shuriken","Bottled Tornado","Whetstone","Snecko Eye","FossilizedHelix","Centennial Puzzle","Peace Pipe","SsserpentHead","Vajra","Anchor"],"potions_floor_usage":[55,55,55],"damage_taken":[{"damage":6.0,"enemies":"2 Louse","floor":1.0,"turns":3.0},{"damage":5.0,"enemies":"Jaw Worm","floor":4.0,"turns":4.0},{"damage":1.0,"enemies":"Cultist","floor":5.0,"turns":3.0},{"damage":44.0,"enemies":"Lagavulin","floor":6.0,"turns":7.0},{"damage":5.0,"enemies":"Gremlin Nob","floor":8.0,"turns":4.0},{"damage":2.0,"enemies":"Looter","floor":12.0,"turns":4.0},{"damage":1.0,"enemies":"3 Louse","floor":14.0,"turns":2.0},{"damage":0.0,"enemies":"Slime Boss","floor":16.0,"turns":5.0},{"damage":0.0,"enemies":"Chosen","floor":18.0,"turns":3.0},{"damage":0.0,"enemies":"Shell Parasite","floor":20.0,"turns":4.0},{"damage":12.0,"enemies":"3 Cultists","floor":22.0,"turns":3.0},{"damage":22.0,"enemies":"Book of Stabbing","floor":23.0,"turns":6.0},{"damage":4.0,"enemies":"Slavers","floor":25.0,"turns":4.0},{"damage":14.0,"enemies":"Book of Stabbing","floor":27.0,"turns":5.0},{"damage":0.0,"enemies":"Colosseum Slavers","floor":28.0,"turns":1.0},{"damage":0.0,"enemies":"Colosseum Nobs","floor":28.0,"turns":3.0},{"damage":4.0,"enemies":"Gremlin Leader","floor":31.0,"turns":4.0},{"damage":0.0,"enemies":"Collector","floor":33.0,"turns":6.0},{"damage":9.0,"enemies":"3 Darklings","floor":35.0,"turns":2.0},{"damage":0,"enemies":"Orb Walker","floor":38,"turns":2},{"damage":0,"enemies":"Nemesis","floor":40,"turns":3},{"damage":0,"enemies":"Reptomancer","floor":42,"turns":4},{"damage":13,"enemies":"Donu and Deca","floor":50,"turns":6},{"damage":10,"enemies":"Shield and Spear","floor":54,"turns":4},{"damage":14,"enemies":"The Heart","floor":55,"turns":9}],"seed_played":"-9128118782493247548","potions_obtained":[{"floor":5.0,"key":"Weak Potion"},{"floor":6.0,"key":"SpeedPotion"},{"floor":16.0,"key":"AttackPotion"},{"floor":22.0,"key":"SpeedPotion"},{"floor":28.0,"key":"SpeedPotion"},{"floor":31.0,"key":"Ancient Potion"}],"is_trial":false,"path_per_floor":["M","?","?","M","M","E","R","E","T","$","R","M","R","M","R","B",null,"M","$","M","?","M","E","R","E","T","E","?","R","T","E","R","B",null,"M","?","$","M","$","E","R","E","T","?","R","?","?","$","R","B",null,"R","$","E","B",null],"character_chosen":"IRONCLAD","items_purchased":["FossilizedHelix","Pummel","Vajra"],"campfire_rested":0,"item_purchase_floors":[37,53,53],"current_hp_per_floor":[88,88,81,82,87,49,49,50,50,50,50,54,54,59,59,65,88,88,88,88,82,76,60,60,62,62,54,66,66,66,68,68,74,88,85,85,85,88,88,88,88,88,88,88,88,88,88,88,88,81,88,88,88,84,76],"gold":120,"neow_bonus":"TEN_PERCENT_HP_BONUS","is_prod":false,"is_daily":false,"chose_seed":false,"campfire_upgraded":9,"win_rate":0,"timestamp":1549730101,"path_taken":["M","?","?","M","M","E","R","E","T","$","R","M","R","M","R","BOSS","M","$","M","?","M","E","R","E","T","E","?","R","?","E","R","BOSS","M","?","$","M","?","E","R","E","T","?","R","?","?","$","R","BOSS","R","$","E","BOSS"],"build_version":"2019-01-23","purchased_purges":2,"victory":true,"max_hp_per_floor":[88,88,88,88,88,88,88,88,88,88,88,88,88,88,88,88,88,88,88,88,88,88,88,88,88,88,88,88,88,88,88,88,88,88,88,88,88,88,88,88,88,88,88,88,88,88,88,88,88,88,88,88,88,88,88],"card_choices":[{"not_picked":["Body Slam","Second Wind"],"picked":"Pommel Strike","floor":1.0},{"not_picked":["Feel No Pain","Entrench"],"picked":"Whirlwind","floor":4.0},{"not_picked":["Disarm","Rage"],"picked":"Iron Wave","floor":5.0},{"not_picked":["Infernal Blade","Rupture"],"picked":"Seeing Red","floor":6.0},{"not_picked":["True Grit","Battle Trance"],"picked":"Iron Wave","floor":8.0},{"not_picked":["Thunderclap","Cleave"],"picked":"Pommel Strike","floor":12.0},{"not_picked":["Sword Boomerang","Spot Weakness"],"picked":"Pommel Strike","floor":14.0},{"not_picked":["Dark Embrace","Brutality"],"picked":"Demon Form","floor":16.0},{"not_picked":["True Grit","Headbutt"],"picked":"Iron Wave","floor":18.0},{"not_picked":["Dual Wield","Clash"],"picked":"Battle Trance","floor":20.0},{"not_picked":["Thunderclap+1","Searing Blow+1","Heavy Blade"],"picked":"SKIP","floor":22.0},{"not_picked":["Headbutt","Power Through","Iron Wave"],"picked":"SKIP","floor":23.0},{"not_picked":["Clash","Thunderclap+1"],"picked":"Pommel Strike+1","floor":25.0},{"not_picked":["Searing Blow","Infernal Blade+1"],"picked":"Barricade","floor":27.0},{"not_picked":["Whirlwind+1","Dropkick","Heavy Blade"],"picked":"SKIP","floor":31.0},{"not_picked":["Barricade","Brutality"],"picked":"Exhume+1","floor":33.0},{"not_picked":["Heavy Blade","True Grit+1"],"picked":"Iron Wave+1","floor":35.0},{"not_picked":["Wild Strike+1","Flex+1"],"picked":"Clothesline+1","floor":38},{"not_picked":["Thunderclap","Reaper"],"picked":"Clothesline+1","floor":40},{"not_picked":["Metallicize","Power Through+1"],"picked":"Entrench+1","floor":42},{"not_picked":["Battle Trance+1","Inflame+1","Clothesline+1"],"picked":"SKIP","floor":54}],"player_experience":1197182,"relics_obtained":[{"floor":6.0,"key":"Lantern"},{"floor":8.0,"key":"Gremlin Horn"},{"floor":9.0,"key":"War Paint"},{"floor":23.0,"key":"Ornamental Fan"},{"floor":25.0,"key":"Meat on the Bone"},{"floor":26.0,"key":"Toxic Egg 2"},{"floor":27.0,"key":"Dream Catcher"},{"floor":28.0,"key":"Incense Burner"},{"floor":28.0,"key":"Shuriken"},{"floor":30.0,"key":"Bottled Tornado"},{"floor":31.0,"key":"Whetstone"},{"floor":40,"key":"Centennial Puzzle"},{"floor":42,"key":"Peace Pipe"},{"floor":54,"key":"Anchor"}],"event_choices":[{"cards_removed":["Strike_R"],"damage_healed":0.0,"max_hp_gain":0.0,"max_hp_loss":0.0,"gold_gain":0.0,"event_name":"The Cleric","player_choice":"Card Removal","floor":2.0,"gold_loss":50.0,"damage_taken":0.0},{"cards_removed":["Strike_R"],"damage_healed":0.0,"max_hp_gain":0.0,"max_hp_loss":0.0,"gold_gain":0.0,"event_name":"Golden Wing","player_choice":"Card Removal","floor":3.0,"gold_loss":0.0,"damage_taken":7.0},{"damage_healed":0.0,"max_hp_gain":0.0,"max_hp_loss":0.0,"gold_gain":0.0,"event_name":"Nest","player_choice":"Joined the Cult","floor":21.0,"gold_loss":0.0,"damage_taken":6.0,"cards_obtained":["RitualDagger"]},{"damage_healed":0.0,"max_hp_gain":0.0,"max_hp_loss":0.0,"gold_gain":0.0,"event_name":"Colosseum","player_choice":"Fight","floor":28.0,"gold_loss":0.0,"damage_taken":0.0},{"damage_healed":0.0,"max_hp_gain":0.0,"max_hp_loss":0.0,"gold_gain":0.0,"event_name":"Colosseum","player_choice":"Fought Nobs","floor":28.0,"gold_loss":0.0,"damage_taken":0.0},{"damage_healed":0.0,"max_hp_gain":0.0,"max_hp_loss":0.0,"gold_gain":0.0,"event_name":"Lab","player_choice":"Got Potions","floor":36.0,"gold_loss":0.0,"damage_taken":0.0},{"damage_healed":0,"gold_gain":0,"player_choice":"Ignored","damage_taken":0,"max_hp_gain":0,"max_hp_loss":0,"event_name":"Tomb of Lord Red Mask","floor":44,"gold_loss":0},{"cards_removed":["Whirlwind"],"damage_healed":0,"gold_gain":0,"player_choice":"Removed Attack","damage_taken":0,"max_hp_gain":0,"max_hp_loss":0,"event_name":"Falling","floor":46,"gold_loss":0},{"damage_healed":0,"gold_gain":0,"player_choice":"Trade","damage_taken":0,"relics_obtained":["SsserpentHead"],"max_hp_gain":0,"max_hp_loss":0,"event_name":"FaceTrader","floor":47,"gold_loss":0}],"is_beta":false,"boss_relics":[{"not_picked":["Lizard Tail","Astrolabe"],"picked":"Coffee Dripper"},{"not_picked":["Empty Cage","Fusion Hammer"],"picked":"Snecko Eye"}],"items_purged_floors":[10,19],"is_endless":false,"potions_floor_spawned":[5,6,16,22,28,31,33,38,42],"ascension_level":1}