{"gold_per_floor":[109,184,203,203,218,254,330,330,330,370,391,124,124,144,144,237,237,262,36,36,36,60,60,85,99,99,99,135,154,197,197,197,197],"floor_reached":33,"playtime":1208,"items_purged":["Strike_B"],"score":590,"play_id":"2acdd3ca-2eba-4479-9e66-e51770d66031","local_time":"20190701175034","is_ascension_mode":true,"campfire_choices":[{"floor":8.0,"key":"REST"},{"floor":13.0,"key":"REST"},{"data":"White Noise","floor":15.0,"key":"SMITH"},{"floor":23,"key":"REST"},{"data":"Zap","floor":27,"key":"SMITH"},{"floor":32,"key":"REST"}],"neow_cost":"NONE","seed_source_timestamp":111619871462700,"circlet_count":0,"master_deck":["AscendersBane","Strike_B+1","Strike_B+1","Strike_B+1","Defend_B+1","Defend_B+1","Defend_B+1","Defend_B+1","Zap+1","Dualcast","Leap","Conserve Battery","Melter","Sweeping Beam+1","Gash+1","Sunder+1","Gash+1","Go for the Eyes+1","Self Repair","White Noise+1","All For One+1","Hologram","Hyperbeam+1","Sunder+1","Tempest+1","Coolheaded","Writhe","Ball Lightning+1","Beam Cell+1","FTL+1"],"special_seed":0,"relics":["Runic Pyramid","Golden Idol","Molten Egg 2","Oddly Smooth Stone","Blood Vial","Cursed Key","Medical Kit","Symbiotic Virus","Letter Opener","Boot"],"potions_floor_usage":[28],"damage_taken":[{"damage":4.0,"enemies":"Small Slimes","floor":1.0,"turns":5.0},{"damage":12.0,"enemies":"Jaw Worm","floor":3.0,"turns":4.0},{"damage":0.0,"enemies":"Cultist","floor":5.0,"turns":5.0},{"damage":25.0,"enemies":"3 Sentries","floor":6.0,"turns":11.0},{"damage":18.0,"enemies":"Lagavulin","floor":10.0,"turns":8.0},{"damage":14.0,"enemies":"Lots of Slimes","floor":11.0,"turns":4.0},{"damage":0.0,"enemies":"2 Fungi Beasts","floor":14.0,"turns":3.0},{"damage":28.0,"enemies":"The Guardian","floor":16.0,"turns":11.0},{"damage":0.0,"enemies":"Spheric Guardian","floor":18.0,"turns":3.0},{"damage":21.0,"enemies":"Colosseum Slavers","floor":20.0,"turns":4.0},{"damage":32,"enemies":"2 Thieves","floor":22,"turns":4},{"damage":0,"enemies":"3 Cultists","floor":24,"turns":3},{"damage":10,"enemies":"Centurion and Healer","floor":25,"turns":5},{"damage":27,"enemies":"Slavers","floor":28,"turns":4},{"damage":1,"enemies":"Snecko","floor":29,"turns":5},{"damage":40,"enemies":"Book of Stabbing","floor":30,"turns":4},{"damage":38,"enemies":"Collector","floor":33,"turns":5}],"seed_played":"-7032840941826858646","potions_obtained":[{"floor":3.0,"key":"Strength Potion"},{"floor":5.0,"key":"Regen Potion"},{"floor":10.0,"key":"EssenceOfSteel"},{"floor":25,"key":"LiquidBronze"},{"floor":29,"key":"Fire Potion"}],"is_trial":false,"path_per_floor":["M","?","M","?","M","E","?","R","T","E","M","$","R","M","R","B",null,"M","$","?","?","M","R","M","M","T","R","E","M","E","?","R","B"],"character_chosen":"DEFECT","items_purchased":["Gash+1","Go for the Eyes+1","Self Repair","Medical Kit"],"campfire_rested":4,"item_purchase_floors":[12,12,12,19],"current_hp_per_floor":[60,49,37,37,37,12,12,31,31,28,16,16,35,44,44,25,54,63,63,50,50,27,46,55,54,54,54,36,44,13,13,32,0],"gold":197,"neow_bonus":"BOSS_RELIC","is_prod":false,"is_daily":false,"chose_seed":false,"campfire_upgraded":2,"win_rate":0,"timestamp":1561999834,"path_taken":["M","?","M","?","M","E","?","R","T","E","?","$","R","M","R","BOSS","M","$","?","?","M","R","?","M","T","R","E","?","E","?","R","BOSS"],"build_version":"2019-01-23","purchased_purges":1,"victory":false,"max_hp_per_floor":[71,71,71,64,64,64,64,64,64,64,64,64,64,64,64,64,64,64,64,64,64,64,64,64,64,64,64,64,64,64,64,64,64],"card_choices":[{"not_picked":["Turbo","Lockon"],"picked":"Leap","floor":1.0},{"not_picked":["Rebound","Loop"],"picked":"Conserve Battery","floor":3.0},{"not_picked":["Cold Snap","Hello World"],"picked":"Melter","floor":5.0},{"not_picked":["Glacier","Go for the Eyes"],"picked":"Sweeping Beam","floor":6.0},{"not_picked":["Steam Power","Defragment"],"picked":"Gash+1","floor":10.0},{"not_picked":["Undo","Redo"],"picked":"Sunder+1","floor":11.0},{"not_picked":["Hologram","Rebound+1"],"picked":"White Noise","floor":14.0},{"not_picked":["Fission","Multi-Cast"],"picked":"All For One+1","floor":16.0},{"not_picked":["Rebound+1","Undo"],"picked":"Hologram","floor":18.0},{"not_picked":["Cold Snap+1","Turbo"],"picked":"Sunder+1","floor":22},{"not_picked":["Steam","BootSequence"],"picked":"Tempest+1","floor":24},{"not_picked":["Rebound+1","Redo"],"picked":"Coolheaded","floor":25},{"not_picked":["Capacitor","Barrage+1"],"picked":"Ball Lightning+1","floor":28},{"not_picked":["Barrage+1","Amplify"],"picked":"Beam Cell+1","floor":29},{"not_picked":["Consume","Melter+1"],"picked":"FTL+1","floor":30}],"player_experience":1523692,"relics_obtained":[{"floor":6.0,"key":"Molten Egg 2"},{"floor":9.0,"key":"Oddly Smooth Stone"},{"floor":10.0,"key":"Blood Vial"},{"floor":26,"key":"Symbiotic Virus"},{"floor":28,"key":"Letter Opener"},{"floor":30,"key":"Boot"}],"event_choices":[{"damage_healed":0.0,"max_hp_gain":0.0,"max_hp_loss":0.0,"gold_gain":75.0,"event_name":"World of Goop","player_choice":"Gather Gold","floor":2.0,"gold_loss":0.0,"damage_taken":11.0},{"damage_healed":0.0,"max_hp_gain":0.0,"max_hp_loss":7.0,"gold_gain":0.0,"event_name":"Golden Idol","player_choice":"Lose Max HP","floor":4.0,"gold_loss":0.0,"damage_taken":0.0,"relics_obtained":["Golden Idol"]},{"damage_healed":0.0,"max_hp_gain":0.0,"max_hp_loss":0.0,"gold_gain":76.0,"event_name":"Golden Wing","player_choice":"Gained Gold","floor":7.0,"gold_loss":0.0,"damage_taken":0.0},{"damage_healed":0.0,"max_hp_gain":0.0,"max_hp_loss":0.0,"gold_gain":0.0,"event_name":"Colosseum","player_choice":"Fight","floor":20.0,"gold_loss":0.0,"damage_taken":0.0},{"damage_healed":0.0,"max_hp_gain":0.0,"max_hp_loss":0.0,"gold_gain":0.0,"event_name":"Colosseum","player_choice":"Fled From Nobs","floor":20.0,"gold_loss":0.0,"damage_taken":0.0},{"damage_healed":0,"gold_gain":0,"player_choice":"1 cards matched","damage_taken":0,"max_hp_gain":0,"max_hp_loss":0,"event_name":"Match and Keep!","floor":21,"gold_loss":0,"cards_obtained":["Hyperbeam"]},{"damage_healed":0,"gold_gain":0,"player_choice":"Simplicity","damage_taken":0,"max_hp_gain":0,"max_hp_loss":0,"event_name":"Back to Basics","floor":31,"gold_loss":0,"cards_upgraded":["Strike_B","Strike_B","Strike_B","Defend_B","Defend_B","Defend_B","Defend_B"]}],"is_beta":false,"boss_relics":[{"not_picked":["Snecko Eye","Fusion Hammer"],"picked":"Cursed Key"}],"items_purged_floors":[12],"is_endless":false,"potions_floor_spawned":[3,5,10,11,20,25,29],"killed_by":"Collector","ascension_level":20}