{"gold_per_floor":[114,114,125,172,192,192,212,243,266,266,266,161,161,3,3,81,81,101,113,113,128,128],"floor_reached":22,"playtime":778,"items_purged":[],"score":368,"play_id":"52fbd0ae-9f7c-4f36-976c-b895cc188802","local_time":"20190614170931","is_ascension_mode":true,"campfire_choices":[{"data":"Storm of Steel","floor":6.0,"key":"SMITH"},{"floor":10.0,"key":"REST"},{"data":"Footwork","floor":13,"key":"SMITH"},{"data":"Neutralize","floor":15,"key":"SMITH"}],"neow_cost":"NONE","seed_source_timestamp":4164265680220022,"circlet_count":0,"master_deck":["AscendersBane","Defend_G","Defend_G","Defend_G","Defend_G","Defend_G","Strike_G","Strike_G","Strike_G","Strike_G","Survivor","Neutralize+1","Storm of Steel+1","Flying Knee","Sucker Punch","Quick Slash","Bullet Time","Cloak And Dagger+1","Footwork+1","Wraith Form v2","Bandage Up+1","Burst+1","Distraction+1","Cloak And Dagger+1"],"special_seed":0,"relics":["Ring of the Snake","Anchor","Toxic Egg 2","Snake Skull","Bronze Scales","Sozu"],"potions_floor_usage":[16],"damage_taken":[{"damage":19.0,"enemies":"Jaw Worm","floor":1.0,"turns":8.0},{"damage":0.0,"enemies":"Cultist","floor":3.0,"turns":3.0},{"damage":0.0,"enemies":"2 Louse","floor":5.0,"turns":2.0},{"damage":8.0,"enemies":"Exordium Thugs","floor":7.0,"turns":4.0},{"damage":34.0,"enemies":"Gremlin Nob","floor":8.0,"turns":5.0},{"damage":41,"enemies":"Hexaghost","floor":16,"turns":12},{"damage":25,"enemies":"Spheric Guardian","floor":18,"turns":6},{"damage":28,"enemies":"Shell Parasite","floor":19,"turns":6},{"damage":16,"enemies":"Snecko","floor":21,"turns":9},{"damage":15,"enemies":"Chosen and Byrds","floor":22,"turns":5}],"seed_played":"-241009316212888905","potions_obtained":[{"floor":1.0,"key":"Block Potion"},{"floor":3.0,"key":"FearPotion"},{"floor":8.0,"key":"Poison Potion"}],"is_trial":false,"path_per_floor":["M","?","M","T","M","R","M","E","T","R","?","$","R","$","R","B",null,"M","M","?","M","M"],"character_chosen":"THE_SILENT","items_purchased":["Bandage Up+1","Bronze Scales"],"campfire_rested":1,"item_purchase_floors":[12,14],"current_hp_per_floor":[40,62,62,62,62,62,54,20,20,39,39,39,39,39,39,4,51,32,16,16,6,0],"gold":128,"neow_bonus":"ONE_RANDOM_RARE_CARD","is_prod":false,"is_daily":false,"chose_seed":false,"campfire_upgraded":3,"win_rate":0,"timestamp":1560546571,"path_taken":["M","?","M","?","M","R","?","E","T","R","?","?","R","$","R","BOSS","M","M","?","?","M"],"build_version":"2019-01-23","purchased_purges":0,"victory":false,"max_hp_per_floor":[66,66,66,66,66,66,66,66,66,66,66,66,66,66,66,66,66,66,66,66,66,66],"card_choices":[{"not_picked":["Bane","Eviscerate"],"picked":"Flying Knee","floor":1.0},{"not_picked":["Setup","Eviscerate"],"picked":"Sucker Punch","floor":3.0},{"not_picked":["Escape Plan","Deadly Poison"],"picked":"Quick Slash","floor":5.0},{"not_picked":["Backflip","Dodge and Roll"],"picked":"Bullet Time","floor":7.0},{"not_picked":["Terror","Flying Knee"],"picked":"Cloak And Dagger","floor":8.0},{"not_picked":["Doppelganger+1","Die Die Die"],"picked":"Burst+1","floor":16},{"not_picked":["Quick Slash","Crippling Poison+1"],"picked":"Distraction+1","floor":18},{"not_picked":["Heel Hook","Dagger Spray"],"picked":"Cloak And Dagger+1","floor":19},{"not_picked":["Dagger Throw","Masterful Stab","Tactician+1"],"picked":"SKIP","floor":21}],"player_experience":736890,"relics_obtained":[{"floor":4.0,"key":"Anchor"},{"floor":8.0,"key":"Toxic Egg 2"},{"floor":9.0,"key":"Snake Skull"}],"event_choices":[{"damage_healed":22.0,"max_hp_gain":0.0,"max_hp_loss":0.0,"gold_gain":0.0,"event_name":"Big Fish","player_choice":"Banana","floor":2.0,"gold_loss":0.0,"damage_taken":0.0},{"damage_healed":0,"gold_gain":0,"player_choice":"2 cards matched","damage_taken":0,"max_hp_gain":0,"max_hp_loss":0,"event_name":"Match and Keep!","floor":11,"gold_loss":0,"cards_obtained":["Footwork","Wraith Form v2"]},{"cards_removed":["Strike_G"],"damage_healed":0,"gold_gain":0,"player_choice":"Purged","damage_taken":0,"max_hp_gain":0,"max_hp_loss":0,"event_name":"Purifier","floor":20,"gold_loss":0}],"is_beta":false,"boss_relics":[{"not_picked":["Tiny House","Busted Crown"],"picked":"Sozu"}],"items_purged_floors":[],"is_endless":false,"potions_floor_spawned":[1,3,8,18,21],"killed_by":"Chosen and Byrds","ascension_level":20}