{"gold_per_floor":[117,117,135,145,160,160,191,191,241,241,274,293,328,347,347,347],"floor_reached":16,"playtime":404,"items_purged":[],"score":244,"play_id":"01aba730-5983-4962-8029-d8768c5707ac","local_time":"20190610101023","is_ascension_mode":true,"campfire_choices":[{"data":"Offering","floor":6,"key":"SMITH"},{"data":"Immolate","floor":8,"key":"SMITH"},{"floor":10,"key":"REST"},{"data":"Dark Embrace","floor":15,"key":"SMITH"}],"neow_cost":"NONE","seed_source_timestamp":57541127652500,"circlet_count":0,"master_deck":["AscendersBane","Strike_R","Strike_R","Strike_R","Strike_R","Defend_R","Defend_R","Defend_R","Defend_R","Bash","Headbutt","Offering+1","Immolate+1","Headbutt","Flex","Sever Soul","Rage","Dark Embrace+1","Flex"],"special_seed":0,"relics":["Burning Blood","Pen Nib","Ornamental Fan","Vajra","Happy Flower","Ice Cream"],"potions_floor_usage":[16,16],"damage_taken":[{"damage":9.0,"enemies":"Jaw Worm","floor":1.0,"turns":4.0},{"damage":7,"enemies":"Cultist","floor":3,"turns":3},{"damage":0,"enemies":"2 Louse","floor":4,"turns":1},{"damage":10,"enemies":"Red Slaver","floor":5,"turns":3},{"damage":38,"enemies":"Lagavulin","floor":7,"turns":7},{"damage":16,"enemies":"3 Sentries","floor":11,"turns":3},{"damage":12,"enemies":"Exordium Wildlife","floor":12,"turns":2},{"damage":11,"enemies":"Gremlin Nob","floor":13,"turns":3},{"damage":3,"enemies":"Looter","floor":14,"turns":2},{"damage":41,"enemies":"The Guardian","floor":16,"turns":5}],"seed_played":"1444495518066940764","potions_obtained":[{"floor":3,"key":"Poison Potion"},{"floor":5,"key":"BloodPotion"}],"is_trial":false,"path_per_floor":["M","?","M","M","M","R","E","R","T","R","E","M","E","M","R","B"],"character_chosen":"IRONCLAD","items_purchased":[],"campfire_rested":1,"item_purchase_floors":[],"current_hp_per_floor":[65,65,64,70,66,66,34,34,34,56,46,40,35,38,38,4],"gold":347,"neow_bonus":"RANDOM_COMMON_RELIC","is_prod":false,"is_daily":false,"chose_seed":false,"campfire_upgraded":3,"win_rate":0,"timestamp":1560157823,"path_taken":["M","?","M","M","?","R","E","R","T","R","E","?","E","M","R","BOSS"],"build_version":"2019-01-23","purchased_purges":0,"victory":false,"max_hp_per_floor":[75,75,75,75,75,75,75,75,75,75,75,75,75,75,75,75],"card_choices":[{"not_picked":["True Grit","Havoc"],"picked":"Headbutt","floor":1.0},{"not_picked":["Iron Wave","Power Through"],"picked":"Immolate","floor":3},{"not_picked":["Evolve","Havoc"],"picked":"Headbutt","floor":4},{"not_picked":["Thunderclap","Headbutt"],"picked":"Flex","floor":5},{"not_picked":["Berserk","Perfected Strike"],"picked":"Sever Soul","floor":7},{"not_picked":["True Grit","Second Wind"],"picked":"Rage","floor":11},{"not_picked":["Armaments","Clothesline","Wild Strike"],"picked":"SKIP","floor":12},{"not_picked":["Heavy Blade","Body Slam"],"picked":"Dark Embrace","floor":13},{"not_picked":["Armaments","Heavy Blade"],"picked":"Flex","floor":14}],"player_experience":1441533,"relics_obtained":[{"floor":7,"key":"Ornamental Fan"},{"floor":9,"key":"Vajra"},{"floor":11,"key":"Happy Flower"},{"floor":13,"key":"Ice Cream"}],"event_choices":[{"damage_healed":0,"gold_gain":0,"cards_transformed":["Strike_R"],"player_choice":"Transformed","damage_taken":0,"max_hp_gain":0,"max_hp_loss":0,"event_name":"Transmorgrifier","floor":2,"gold_loss":0,"cards_obtained":["Offering"]}],"is_beta":false,"boss_relics":[],"items_purged_floors":[],"is_endless":false,"potions_floor_spawned":[3,5,11,13],"killed_by":"The Guardian","ascension_level":20}