{"gold_per_floor":[114,114,129,144,49,49,49,49,124,154,154,79,79,94,94,194,194,209,224,236,248,305,317,359,386,448,360,360,375,390,405,405,505,505,520,23,38,53,68,98,98,113,188,188,188,203,218,233,233,233],"floor_reached":51,"playtime":2246,"items_purged":["Defend_G","Strike_G","Defend_G"],"score":828,"play_id":"076cf65b-a42f-4317-a485-260957900e94","local_time":"20190116201256","daily_mods":["Specialized","Vintage","DeadlyEvents"],"is_ascension_mode":false,"campfire_choices":[{"data":"Forethought","floor":6,"key":"SMITH"},{"data":"Neutralize","floor":8,"key":"SMITH"},{"floor":11,"key":"REST"},{"data":"Setup","floor":13,"key":"SMITH"},{"data":"Survivor","floor":15,"key":"SMITH"},{"floor":23,"key":"REST"},{"floor":28,"key":"REST"},{"floor":32,"key":"REST"},{"floor":41,"key":"REST"},{"floor":44,"key":"REST"},{"floor":49,"key":"REST"}],"neow_cost":"","seed_source_timestamp":0,"circlet_count":0,"master_deck":["Defend_G+1","Defend_G","Strike_G","Survivor+1","Neutralize+1","Unload","Unload","Unload+1","Unload+1","Skewer","Forethought+1","Setup+1","Burst+1","A Thousand Cuts+1","Sucker Punch+1","Heel Hook+1","Blur","Night Terror","Decay","Normality","Writhe","Panache","Madness","Madness"],"special_seed":17913,"relics":["Ring of the Snake","Regal Pillow","Ice Cream","Whetstone","Bottled Flame","FossilizedHelix","Darkstone Periapt","Astrolabe","Blue Candle","MawBank","Pen Nib","Tiny Chest","Potion Belt","Lantern","Ancient Tea Set","Ornamental Fan","Bottled Lightning","Kunai","Calling Bell","Smiling Mask","Mercury Hourglass","Mango","Paper Crane","Membership Card","Ginger","War Paint","Centennial Puzzle","Anchor","Singing Bowl","Bottled Tornado","Meat on the Bone","Letter Opener","Oddly Smooth Stone","Mummified Hand"],"potions_floor_usage":[16,24,24,33,33,35,40,50,50,50],"damage_taken":[{"damage":0,"enemies":"Cultist","floor":1,"turns":2},{"damage":0,"enemies":"Small Slimes","floor":3,"turns":2},{"damage":0,"enemies":"Jaw Worm","floor":4,"turns":1},{"damage":23,"enemies":"Gremlin Nob","floor":10,"turns":4},{"damage":0,"enemies":"3 Louse","floor":14,"turns":3},{"damage":46,"enemies":"Hexaghost","floor":16,"turns":10},{"damage":0,"enemies":"Chosen","floor":18,"turns":3},{"damage":7,"enemies":"Shell Parasite","floor":19,"turns":4},{"damage":18,"enemies":"Centurion and Healer","floor":22,"turns":5},{"damage":49,"enemies":"Gremlin Leader","floor":24,"turns":4},{"damage":12,"enemies":"Cultist and Chosen","floor":25,"turns":6},{"damage":7,"enemies":"Snecko","floor":29,"turns":4},{"damage":10,"enemies":"Snake Plant","floor":30,"turns":5},{"damage":0,"enemies":"Cultist and Chosen","floor":31,"turns":5},{"damage":62,"enemies":"Automaton","floor":33,"turns":10},{"damage":25,"enemies":"3 Darklings","floor":35,"turns":5},{"damage":0,"enemies":"3 Shapes","floor":37,"turns":3},{"damage":6,"enemies":"3 Darklings","floor":38,"turns":6},{"damage":0,"enemies":"4 Shapes","floor":39,"turns":6},{"damage":25,"enemies":"Nemesis","floor":40,"turns":7},{"damage":1,"enemies":"Transient","floor":42,"turns":5},{"damage":7,"enemies":"3 Darklings","floor":46,"turns":3},{"damage":29,"enemies":"Jaw Worm Horde","floor":47,"turns":4},{"damage":23,"enemies":"Spire Growth","floor":48,"turns":5},{"damage":42,"enemies":"Awakened One","floor":50,"turns":12}],"seed_played":"8498039095971969766","potions_obtained":[{"floor":3,"key":"EssenceOfSteel"},{"floor":16,"key":"FearPotion"},{"floor":19,"key":"GhostInAJar"},{"floor":24,"key":"Explosive Potion"},{"floor":30,"key":"Ancient Potion"},{"floor":33,"key":"Energy Potion"},{"floor":37,"key":"LiquidBronze"},{"floor":38,"key":"SkillPotion"},{"floor":46,"key":"EssenceOfSteel"},{"floor":48,"key":"Strength Potion"}],"is_trial":false,"path_per_floor":["M","?","M","M","$","R","?","R","T","E","R","$","R","M","R","B",null,"M","M","?","$","M","R","E","M","T","$","R","M","M","M","R","B",null,"M","$","M","M","M","E","R","M","T","R","?","M","M","M","R","B",null],"character_chosen":"THE_SILENT","items_purchased":["Forethought","Membership Card","Ginger","Panache"],"campfire_rested":7,"item_purchase_floors":[5,36,36,36],"current_hp_per_floor":[70,70,70,70,70,70,80,80,80,57,80,80,80,80,80,34,80,80,73,73,73,55,80,31,19,19,19,58,51,41,41,80,18,112,87,87,87,81,81,58,107,106,106,114,100,93,64,53,102,60],"gold":233,"neow_bonus":"","is_prod":false,"is_daily":true,"chose_seed":false,"campfire_upgraded":4,"win_rate":0,"timestamp":1547698376,"path_taken":["M","?","M","?","$","R","?","R","T","?","R","$","R","?","R","BOSS","M","M","?","$","M","R","E","M","T","$","R","M","M","M","R","BOSS","M","$","M","M","M","E","R","M","T","R","?","M","M","M","R","BOSS"],"build_version":"2019-01-10","purchased_purges":3,"victory":true,"max_hp_per_floor":[70,70,70,70,70,70,80,80,80,80,80,80,80,80,80,80,80,80,80,80,80,80,80,80,80,80,80,80,80,80,80,80,80,112,112,112,112,112,112,114,114,114,114,114,114,114,114,114,114,114],"card_choices":[{"not_picked":["Choke","Dagger Spray"],"picked":"Setup","floor":10},{"not_picked":["Storm of Steel","Malaise"],"picked":"Burst","floor":16},{"not_picked":["Concentrate","Deadly Poison"],"picked":"Blur","floor":24},{"not_picked":["Grand Finale","A Thousand Cuts"],"picked":"Night Terror","floor":33},{"not_picked":["Slice","Choke+1","Distraction"],"picked":"Singing Bowl","floor":40}],"player_experience":140158,"relics_obtained":[{"floor":1,"key":"Regal Pillow"},{"floor":3,"key":"Ice Cream"},{"floor":4,"key":"Whetstone"},{"floor":9,"key":"Bottled Flame"},{"floor":10,"key":"FossilizedHelix"},{"floor":14,"key":"Darkstone Periapt"},{"floor":18,"key":"Blue Candle"},{"floor":19,"key":"MawBank"},{"floor":22,"key":"Tiny Chest"},{"floor":24,"key":"Potion Belt"},{"floor":25,"key":"Lantern"},{"floor":26,"key":"Ancient Tea Set"},{"floor":29,"key":"Ornamental Fan"},{"floor":30,"key":"Bottled Lightning"},{"floor":31,"key":"Kunai"},{"floor":34,"key":"Smiling Mask"},{"floor":34,"key":"Mercury Hourglass"},{"floor":34,"key":"Mango"},{"floor":35,"key":"Paper Crane"},{"floor":37,"key":"War Paint"},{"floor":38,"key":"Centennial Puzzle"},{"floor":39,"key":"Anchor"},{"floor":40,"key":"Singing Bowl"},{"floor":42,"key":"Bottled Tornado"},{"floor":43,"key":"Meat on the Bone"},{"floor":46,"key":"Letter Opener"},{"floor":47,"key":"Oddly Smooth Stone"},{"floor":48,"key":"Mummified Hand"}],"event_choices":[{"damage_healed":0,"gold_gain":0,"cards_transformed":["Strike_G"],"player_choice":"Transformed","damage_taken":0,"max_hp_gain":0,"max_hp_loss":0,"event_name":"Transmorgrifier","floor":2,"gold_loss":0,"cards_obtained":["Skewer"]},{"cards_removed":["Unload"],"damage_healed":0,"gold_gain":0,"player_choice":"Offered Rare","damage_taken":0,"max_hp_gain":10,"max_hp_loss":0,"event_name":"Bonfire Elementals","floor":7,"gold_loss":0},{"damage_healed":0,"gold_gain":0,"player_choice":"Opened","damage_taken":0,"relics_obtained":["Pen Nib"],"max_hp_gain":0,"max_hp_loss":0,"event_name":"The Mausoleum","floor":20,"gold_loss":0},{"damage_healed":0,"gold_gain":0,"player_choice":"Embrace Madness","damage_taken":14,"max_hp_gain":0,"max_hp_loss":0,"event_name":"Winding Halls","floor":45,"gold_loss":0,"cards_obtained":["Madness","Madness"]}],"is_beta":false,"boss_relics":[{"not_picked":["Snecko Eye","Eternal Feather"],"picked":"Astrolabe"},{"not_picked":["Velvet Choker","Black Star"],"picked":"Calling Bell"}],"items_purged_floors":[12,27,36],"is_endless":false,"potions_floor_spawned":[3,16,19,24,30,33,37,38,46,48],"ascension_level":0}