{"gold_per_floor":[110,124,124,124,6,6,37,51,76,101,163,163,163,228,228,300,300,300,300,300,300,300,300,300,300,300,300,300,300,300,300,300,300,300,300,6,6,6,6,6,6,6,6,6,6,6,6,6,6,6,6,6,6,6,6,6],"floor_reached":56,"playtime":4066,"items_purged":["Strike_R"],"score":2390,"play_id":"d232829b-6b4c-4758-87ea-65b3ac960f96","local_time":"20190702171512","is_ascension_mode":true,"campfire_choices":[{"data":"Combust","floor":6,"key":"SMITH"},{"data":"Uppercut","floor":13,"key":"SMITH"},{"data":"Juggernaut","floor":15,"key":"SMITH"},{"floor":24,"key":"REST"},{"floor":32,"key":"REST"},{"floor":41,"key":"REST"},{"floor":44,"key":"RECALL"},{"data":"Offering","floor":46,"key":"SMITH"},{"data":"Brutality","floor":49,"key":"SMITH"},{"floor":53,"key":"REST"}],"neow_cost":"NONE","seed_source_timestamp":716666590704000,"circlet_count":0,"master_deck":["AscendersBane","Strike_R+1","Strike_R","Strike_R","Defend_R","Defend_R","Defend_R","Defend_R","Bash","Iron Wave+1","Combust+1","Whirlwind","Inflame","Iron Wave","Uppercut+1","Armaments","Iron Wave","Juggernaut+1","Offering+1","Clothesline+1","True Grit+1","Dark Embrace","Blood for Blood","Rage","Metallicize","True Grit","Double Tap","Corruption","Iron Wave+1","Pommel Strike+1","Shockwave+1","True Grit+1","Brutality+1","Iron Wave+1","Injury","Dual Wield+1"],"relics":["Burning Blood","NeowsBlessing","Omamori","Pen Nib","Art of War","PreservedInsect","Red Skull","Tiny Chest","Ectoplasm","Potion Belt","Torii","Vajra","Lantern","Darkstone Periapt","Letter Opener","Molten Egg 2","Cursed Key","Pantograph","Question Card","MawBank","Bird Faced Urn","Gremlin Horn","Blood Vial","Shuriken"],"potions_floor_usage":[10,22,22,27,33,40,42,47,47,56,56],"damage_taken":[{"damage":0,"enemies":"2 Louse","floor":1,"turns":1},{"damage":0,"enemies":"Small Slimes","floor":2,"turns":1},{"damage":0,"enemies":"Lagavulin","floor":7,"turns":1},{"damage":4,"enemies":"Jaw Worm","floor":8,"turns":3},{"damage":3,"enemies":"Gremlin Nob","floor":10,"turns":3},{"damage":17,"enemies":"3 Sentries","floor":11,"turns":4},{"damage":4,"enemies":"Lagavulin","floor":14,"turns":4},{"damage":27,"enemies":"Hexaghost","floor":16,"turns":7},{"damage":1,"enemies":"Chosen","floor":18,"turns":3},{"damage":19,"enemies":"Shell Parasite","floor":19,"turns":4},{"damage":6,"enemies":"Cultist and Chosen","floor":22,"turns":4},{"damage":32,"enemies":"Gremlin Leader","floor":23,"turns":4},{"damage":32,"enemies":"Slavers","floor":25,"turns":4},{"damage":6,"enemies":"Gremlin Leader","floor":27,"turns":3},{"damage":17,"enemies":"Snecko","floor":28,"turns":4},{"damage":7,"enemies":"Book of Stabbing","floor":29,"turns":3},{"damage":6,"enemies":"Gremlin Leader","floor":31,"turns":3},{"damage":34,"enemies":"Collector","floor":33,"turns":6},{"damage":21,"enemies":"3 Shapes","floor":35,"turns":2},{"damage":26,"enemies":"3 Darklings","floor":37,"turns":5},{"damage":7,"enemies":"Maw","floor":38,"turns":7},{"damage":0,"enemies":"Reptomancer","floor":40,"turns":2},{"damage":8,"enemies":"Nemesis","floor":42,"turns":5},{"damage":19,"enemies":"Mind Bloom Boss Battle","floor":45,"turns":6},{"damage":9,"enemies":"Reptomancer","floor":47,"turns":4},{"damage":53,"enemies":"Donu and Deca","floor":50,"turns":7},{"damage":61,"enemies":"Time Eater","floor":51,"turns":9},{"damage":60,"enemies":"Shield and Spear","floor":55,"turns":4},{"damage":97,"enemies":"The Heart","floor":56,"turns":6}],"seed_played":"-4518360761436457798","potions_obtained":[{"floor":1,"key":"SteroidPotion"},{"floor":2,"key":"Block Potion"},{"floor":19,"key":"Poison Potion"},{"floor":23,"key":"Swift Potion"},{"floor":25,"key":"Weak Potion"},{"floor":27,"key":"PowerPotion"},{"floor":37,"key":"Regen Potion"},{"floor":38,"key":"Fire Potion"},{"floor":40,"key":"Fire Potion"},{"floor":42,"key":"SkillPotion"},{"floor":45,"key":"Dexterity Potion"}],"is_trial":false,"path_per_floor":["M","M","?","?","$","R","E","M","T","E","?","?","R","E","R","B",null,"M","M","?","?","M","E","R","E","T","E","M","E","T","E","R","B",null,"M","$","M","M","?","E","R","E","T","R","?","R","E","T","R","B","B",null,"R","$","E","B"],"character_chosen":"IRONCLAD","items_purchased":["Inflame","Pantograph","Iron Wave+1"],"campfire_rested":4,"item_purchase_floors":[5,36,36],"current_hp_per_floor":[74,75,52,52,52,52,58,60,60,63,52,52,52,54,54,33,65,70,57,57,57,57,31,53,27,27,27,16,15,15,15,37,9,59,44,44,24,23,23,34,55,53,53,53,58,58,63,69,69,40,24,64,77,77,31,0],"gold":6,"neow_bonus":"THREE_ENEMY_KILL","is_prod":false,"is_daily":false,"chose_seed":false,"campfire_upgraded":5,"win_rate":0,"timestamp":1562102112,"path_taken":["M","M","?","?","$","R","E","M","T","E","?","?","R","E","R","BOSS","M","M","?","?","M","E","R","E","T","E","M","E","?","E","R","BOSS","M","$","M","M","?","E","R","E","T","R","?","R","E","?","R","BOSS","BOSS","R","$","E","BOSS"],"build_version":"2019-07-01","purchased_purges":1,"victory":false,"max_hp_per_floor":[75,75,75,75,75,75,75,75,75,75,75,75,75,75,75,75,75,75,75,75,75,75,75,75,75,75,75,75,75,75,75,75,75,75,75,75,75,75,71,71,71,71,71,71,71,71,71,77,77,77,77,77,77,77,77,77],"card_choices":[{"not_picked":["Power Through","Havoc"],"picked":"Iron Wave","floor":1},{"not_picked":["Sword Boomerang","Feel No Pain"],"picked":"Combust","floor":2},{"not_picked":["True Grit","Clash"],"picked":"Iron Wave","floor":7},{"not_picked":["Headbutt","Rampage"],"picked":"Uppercut","floor":8},{"not_picked":["Iron Wave","Clash"],"picked":"Armaments","floor":10},{"not_picked":["Searing Blow","Armaments"],"picked":"Iron Wave","floor":11},{"not_picked":["Entrench","Battle Trance"],"picked":"Juggernaut","floor":14},{"not_picked":["Barricade","Bludgeon"],"picked":"Offering","floor":16},{"not_picked":["Rampage","Burning Pact"],"picked":"Clothesline+1","floor":18},{"not_picked":["Anger","Clothesline+1"],"picked":"True Grit+1","floor":19},{"not_picked":["Body Slam","Heavy Blade"],"picked":"Dark Embrace","floor":22},{"not_picked":["Dropkick","Dual Wield","Reckless Charge"],"picked":"SKIP","floor":23},{"not_picked":["Cleave","Flex"],"picked":"Blood for Blood","floor":25},{"not_picked":["Twin Strike","Dual Wield"],"picked":"Rage","floor":27},{"not_picked":["Thunderclap","Cleave","Hemokinesis"],"picked":"SKIP","floor":28},{"not_picked":["Body Slam","Inflame"],"picked":"Metallicize","floor":29},{"not_picked":["Cleave","Anger+1"],"picked":"True Grit","floor":31},{"not_picked":["Immolate+1","Dark Embrace"],"picked":"Double Tap","floor":33},{"not_picked":["Sword Boomerang+1","Disarm"],"picked":"Corruption","floor":35},{"not_picked":["Armaments","Sentinel"],"picked":"Pommel Strike+1","floor":37},{"not_picked":["Clash+1","Armaments"],"picked":"Shockwave+1","floor":38},{"not_picked":["Combust","Headbutt+1","Shockwave"],"picked":"SKIP","floor":40},{"not_picked":["Inflame","Twin Strike+1","Pommel Strike+1"],"picked":"True Grit+1","floor":42},{"not_picked":["Seeing Red","Combust+1","Anger+1"],"picked":"Brutality","floor":45},{"not_picked":["Armaments","Twin Strike+1","Heavy Blade+1"],"picked":"Iron Wave+1","floor":47},{"not_picked":["Fire Breathing","Body Slam+1","Armaments"],"picked":"Dual Wield+1","floor":55}],"player_experience":2181430,"relics_obtained":[{"floor":7,"key":"Omamori"},{"floor":9,"key":"Pen Nib"},{"floor":10,"key":"Art of War"},{"floor":11,"key":"PreservedInsect"},{"floor":14,"key":"Tiny Chest"},{"floor":23,"key":"Torii"},{"floor":25,"key":"Vajra"},{"floor":27,"key":"Lantern"},{"floor":29,"key":"Darkstone Periapt"},{"floor":30,"key":"Letter Opener"},{"floor":31,"key":"Molten Egg 2"},{"floor":40,"key":"Question Card"},{"floor":42,"key":"MawBank"},{"floor":45,"key":"Bird Faced Urn"},{"floor":47,"key":"Gremlin Horn"},{"floor":48,"key":"Blood Vial"},{"floor":55,"key":"Shuriken"}],"event_choices":[{"damage_healed":0,"gold_gain":0,"player_choice":"Entered Light","damage_taken":23,"max_hp_gain":0,"max_hp_loss":0,"event_name":"Shining Light","floor":3,"gold_loss":0,"cards_upgraded":["Strike_R","Iron Wave"]},{"damage_healed":0,"gold_gain":0,"cards_transformed":["Strike_R"],"player_choice":"Change","damage_taken":0,"max_hp_gain":0,"max_hp_loss":0,"event_name":"Living Wall","floor":4,"gold_loss":0,"cards_obtained":["Whirlwind"]},{"damage_healed":0,"gold_gain":0,"player_choice":"Searched \u00271\u0027 times","damage_taken":0,"max_hp_gain":0,"max_hp_loss":0,"event_name":"Dead Adventurer","floor":11,"gold_loss":0},{"damage_healed":0,"gold_gain":0,"player_choice":"Box","damage_taken":0,"relics_obtained":["Red Skull"],"max_hp_gain":0,"max_hp_loss":0,"event_name":"Big Fish","floor":12,"gold_loss":0,"cards_obtained":["Regret"]},{"damage_healed":0,"gold_gain":0,"player_choice":"Ignored","damage_taken":0,"max_hp_gain":0,"max_hp_loss":0,"event_name":"Vampires","floor":20,"gold_loss":0},{"damage_healed":0,"gold_gain":0,"player_choice":"Stole Relic","damage_taken":0,"relics_obtained":["Potion Belt"],"max_hp_gain":0,"max_hp_loss":0,"event_name":"Addict","floor":21,"gold_loss":0,"cards_obtained":["Shame"]},{"damage_healed":0,"gold_gain":0,"player_choice":"Max HP","damage_taken":0,"max_hp_gain":0,"max_hp_loss":4,"event_name":"Winding Halls","floor":39,"gold_loss":0},{"damage_healed":0,"gold_gain":0,"player_choice":"Fight","damage_taken":0,"max_hp_gain":0,"max_hp_loss":0,"event_name":"MindBloom","floor":45,"gold_loss":0}],"is_beta":false,"boss_relics":[{"not_picked":["Eternal Feather","Lizard Tail"],"picked":"Ectoplasm"},{"not_picked":["Black Blood","Astrolabe"],"picked":"Cursed Key"}],"items_purged_floors":[5],"is_endless":false,"potions_floor_spawned":[1,2,8,19,23,25,27,37,38,40,42,45],"killed_by":"The Heart","ascension_level":20}