{"gold_per_floor":[117,117,131,131,131,131,156,156,156,168,178,206,221,234,234,339,339,352,352,364,289,242,242,242,261,310,328,251,269,283,300,300,397,397,417,434,110,120,139,139,169,186,238,238,238,252,269,269,269,269],"floor_reached":51,"playtime":2865,"items_purged":[],"score":917,"play_id":"05d1c389-fb3a-49f2-85b2-26dda9fc0df9","local_time":"20180713214813","is_ascension_mode":true,"campfire_choices":[{"data":"Zap","floor":6.0,"key":"SMITH"},{"floor":15.0,"key":"REST"},{"data":"Zap","floor":23.0,"key":"SMITH"},{"floor":32.0,"key":"REST"},{"floor":40.0,"key":"REST"},{"floor":45.0,"key":"REST"},{"floor":49.0,"key":"REST"}],"neow_cost":"NONE","seed_source_timestamp":520409781244617,"circlet_count":0,"master_deck":["Strike_B","Strike_B","Strike_B","Defend_B","Defend_B","Defend_B","Defend_B","Zap+1","Dualcast","Stack","Zap+1","Buffer","Gash","Glacier","Glacier","Cold Snap","Ball Lightning","Coolheaded","Electrodynamics","Gash","Glacier","Buffer","Go for the Eyes","Cold Snap","Gash","Gash+1","Conserve Battery","Coolheaded","Hello World+1","Defragment","Leap","Gash+1","Cold Snap","Cold Snap","Conserve Battery","Self Repair","Echo Form","Loop+1","Gash","Ball Lightning","Echo Form","Ball Lightning+1","Conserve Battery+1","Glacier+1","Defragment","FTL","Auto Shields+1","Go for the Eyes+1","Mind Blast","Coolheaded+1","Capacitor+1","Writhe"],"special_seed":0,"relics":["Cracked Core","Ancient Tea Set","NlothsMask","Prayer Wheel","Ornamental Fan","Bottled Lightning","Sozu","Strawberry","Orrery","Symbiotic Virus","Anchor","Boot"],"potions_floor_usage":[],"damage_taken":[{"damage":0.0,"enemies":"Small Slimes","floor":1.0,"turns":2.0},{"damage":0.0,"enemies":"Cultist","floor":3.0,"turns":3.0},{"damage":25.0,"enemies":"Gremlin Nob","floor":7.0,"turns":4.0},{"damage":0.0,"enemies":"2 Louse","floor":10.0,"turns":3.0},{"damage":5.0,"enemies":"Exordium Wildlife","floor":11.0,"turns":4.0},{"damage":7.0,"enemies":"3 Sentries","floor":12.0,"turns":10.0},{"damage":0.0,"enemies":"Looter","floor":13.0,"turns":3.0},{"damage":10.0,"enemies":"Lots of Slimes","floor":14.0,"turns":3.0},{"damage":18.0,"enemies":"Hexaghost","floor":16.0,"turns":13.0},{"damage":0.0,"enemies":"Spheric Guardian","floor":18.0,"turns":4.0},{"damage":12.0,"enemies":"3 Byrds","floor":20.0,"turns":5.0},{"damage":1.0,"enemies":"Centurion and Healer","floor":25.0,"turns":12.0},{"damage":12.0,"enemies":"Snake Plant","floor":27.0,"turns":5.0},{"damage":0.0,"enemies":"Sentry and Sphere","floor":29.0,"turns":4.0},{"damage":0.0,"enemies":"Cultist and Chosen","floor":30.0,"turns":6.0},{"damage":21.0,"enemies":"Centurion and Healer","floor":31.0,"turns":5.0},{"damage":33.0,"enemies":"Automaton","floor":33.0,"turns":14.0},{"damage":24.0,"enemies":"3 Darklings","floor":35.0,"turns":3.0},{"damage":0.0,"enemies":"Orb Walker","floor":36.0,"turns":5.0},{"damage":44.0,"enemies":"Sphere and 2 Shapes","floor":38.0,"turns":7.0},{"damage":32.0,"enemies":"Spire Growth","floor":39.0,"turns":6.0},{"damage":19.0,"enemies":"Nemesis","floor":41.0,"turns":9.0},{"damage":31.0,"enemies":"Transient","floor":42.0,"turns":5.0},{"damage":0.0,"enemies":"Maw","floor":46.0,"turns":10.0},{"damage":12.0,"enemies":"4 Shapes","floor":47.0,"turns":5.0},{"damage":50,"enemies":"Awakened One","floor":50,"turns":15}],"seed_played":"7406301220612561389","potions_obtained":[{"floor":12.0,"key":"PowerPotion"},{"floor":14.0,"key":"GamblersBrew"},{"floor":16.0,"key":"AttackPotion"}],"is_trial":false,"path_per_floor":["M","?","M","?","?","R","E","T","T","M","M","E","M","M","R","B",null,"M","?","M","?","$","R","$","M","T","M","$","M","M","M","R","B",null,"M","M","$","M","M","R","E","M","T","?","R","M","M","?","R","B"],"character_chosen":"DEFECT","items_purchased":["Gash","Defragment","Defragment","Symbiotic Virus"],"campfire_rested":5,"item_purchase_floors":[22,28,37,37],"current_hp_per_floor":[75,75,75,80,80,80,55,55,55,55,50,43,43,33,57,39,80,80,65,53,53,53,53,53,52,59,47,47,47,47,26,53,27,92,68,82,82,52,20,47,42,18,18,18,45,52,47,70,92,42],"gold":269,"neow_bonus":"RANDOM_COMMON_RELIC","is_prod":false,"is_daily":false,"chose_seed":false,"campfire_upgraded":2,"win_rate":0,"timestamp":1531532893,"path_taken":["M","?","?","?","?","R","E","?","T","M","M","E","M","M","R","BOSS","M","?","M","?","$","R","$","M","T","M","?","M","M","?","R","BOSS","M","?","$","M","M","R","E","M","T","?","R","M","M","?","R","BOSS"],"build_version":"2018-07-12","purchased_purges":0,"victory":true,"max_hp_per_floor":[75,75,75,80,80,80,80,80,80,80,80,80,80,80,80,80,80,80,85,85,85,85,85,85,85,92,92,92,92,92,92,92,92,92,92,92,92,92,92,92,92,92,92,92,92,92,92,92,92,92],"card_choices":[{"not_picked":["Redo","Rebound"],"picked":"Stack","floor":1.0},{"not_picked":["Turbo","Rip and Tear","Rebound"],"picked":"SKIP","floor":3.0},{"not_picked":["Consume","Scrape"],"picked":"Buffer","floor":7.0},{"not_picked":["Scrape","Double Energy"],"picked":"Gash","floor":10.0},{"not_picked":["Redo","FTL"],"picked":"Glacier","floor":10.0},{"not_picked":["Hologram","Reprogram"],"picked":"Glacier","floor":11.0},{"not_picked":["Turbo","Darkness"],"picked":"Cold Snap","floor":11.0},{"not_picked":["Hologram","Sweeping Beam"],"picked":"Ball Lightning","floor":12.0},{"not_picked":["Steam Power","FTL"],"picked":"Coolheaded","floor":13.0},{"not_picked":["Cold Snap","Streamline"],"picked":"Electrodynamics","floor":13.0},{"not_picked":["White Noise","Compile Driver"],"picked":"Gash","floor":14.0},{"not_picked":["Turbo","Loop"],"picked":"Glacier","floor":14.0},{"not_picked":["Amplify","Biased Cognition"],"picked":"Buffer","floor":16.0},{"not_picked":["Double Energy","Barrage"],"picked":"Go for the Eyes","floor":18.0},{"not_picked":["Static Discharge","Stack"],"picked":"Cold Snap","floor":18.0},{"not_picked":["Aggregate","BootSequence","Steam Power"],"picked":"SKIP","floor":20.0},{"not_picked":["Tempest","Rebound","Undo+1"],"picked":"SKIP","floor":20.0},{"not_picked":["Storm","Barrage"],"picked":"Gash+1","floor":25.0},{"not_picked":["Rebound+1","Beam Cell+1"],"picked":"Conserve Battery","floor":25.0},{"not_picked":["Go for the Eyes","Heatsinks"],"picked":"Coolheaded","floor":27.0},{"not_picked":["Rebound","Coolheaded"],"picked":"Hello World+1","floor":27.0},{"not_picked":["Go for the Eyes","Steam"],"picked":"Leap","floor":29.0},{"not_picked":["Hyperbeam","Sunder"],"picked":"Gash+1","floor":29.0},{"not_picked":["Heatsinks+1","Undo+1"],"picked":"Cold Snap","floor":30.0},{"not_picked":["Rebound+1","Sweeping Beam"],"picked":"Cold Snap","floor":30.0},{"not_picked":["Steam","Turbo"],"picked":"Conserve Battery","floor":31.0},{"not_picked":["Double Energy","Ball Lightning+1"],"picked":"Self Repair","floor":31.0},{"not_picked":["Rainbow","Meteor Strike"],"picked":"Echo Form","floor":33.0},{"not_picked":["Conserve Battery","Redo"],"picked":"Loop+1","floor":34.0},{"not_picked":["Beam Cell","Cold Snap"],"picked":"Gash","floor":34.0},{"not_picked":["Cold Snap+1","Skim"],"picked":"Ball Lightning","floor":34.0},{"not_picked":["Stack+1","Blizzard"],"picked":"Echo Form","floor":34.0},{"not_picked":["Go for the Eyes+1","Redo+1"],"picked":"Ball Lightning+1","floor":35.0},{"not_picked":["Blizzard+1","Darkness+1"],"picked":"Conserve Battery+1","floor":35.0},{"not_picked":["Reprogram+1","Static Discharge"],"picked":"Glacier+1","floor":36.0},{"not_picked":["Stack","Go for the Eyes","Streamline"],"picked":"SKIP","floor":36.0},{"not_picked":["Genetic Algorithm+1","Sweeping Beam"],"picked":"FTL","floor":38.0},{"not_picked":["Rip and Tear","Beam Cell+1","Machine Learning"],"picked":"SKIP","floor":38.0},{"not_picked":["Hologram+1","Beam Cell+1"],"picked":"Auto Shields+1","floor":39.0},{"not_picked":["Hello World","Tempest+1"],"picked":"Go for the Eyes+1","floor":39.0},{"not_picked":["Doom and Gloom+1","Static Discharge","Compile Driver"],"picked":"SKIP","floor":41.0},{"not_picked":["Consume","Steam Power","Rip and Tear+1"],"picked":"SKIP","floor":42.0},{"not_picked":["Recycle+1","Turbo","Sweeping Beam+1"],"picked":"SKIP","floor":42.0},{"not_picked":["Steam","Go for the Eyes+1"],"picked":"Coolheaded+1","floor":46.0},{"not_picked":["Chill","Undo+1","Streamline+1"],"picked":"SKIP","floor":46.0},{"not_picked":["Rebound","Scrape"],"picked":"Capacitor+1","floor":47.0},{"not_picked":["Turbo+1","Sweeping Beam+1","Barrage+1"],"picked":"SKIP","floor":47.0}],"player_experience":118641,"relics_obtained":[{"floor":7.0,"key":"Prayer Wheel"},{"floor":9.0,"key":"Ornamental Fan"},{"floor":12.0,"key":"Bottled Lightning"},{"floor":26.0,"key":"Strawberry"},{"floor":41.0,"key":"Anchor"},{"floor":43.0,"key":"Boot"}],"event_choices":[{"event_name":"Match and Keep!","player_choice":"1 cards matched","floor":2.0,"damage_taken":0.0},{"event_name":"Big Fish","player_choice":"Donut","floor":4.0,"damage_taken":0.0},{"event_name":"FaceTrader","player_choice":"Trade","floor":5.0,"damage_taken":0.0},{"event_name":"Forgotten Altar","player_choice":"Shed Blood","floor":19.0,"damage_taken":0.0},{"event_name":"Beggar","player_choice":"Gave Gold","floor":21.0,"damage_taken":0.0},{"event_name":"Match and Keep!","player_choice":"1 cards matched","floor":44.0,"damage_taken":0.0},{"event_name":"Winding Halls","player_choice":"Writhe","floor":48.0,"damage_taken":0.0}],"boss_relics":[{"not_picked":["Coffee Dripper","Cursed Key"],"picked":"Sozu"},{"not_picked":["Empty Cage","White Beast Statue"],"picked":"Orrery"}],"items_purged_floors":[],"is_endless":false,"potions_floor_spawned":[12,14,16,18,29,30,33,38,41,47],"ascension_level":3}