{"gold_per_floor":[118,129,145,220,220,255,255,271,297,297,309,325,325,336,336,413,413,432,357,407,407,423,423,449,465,489,489,509,509],"floor_reached":29,"playtime":859,"items_purged":[],"score":544,"play_id":"303feed9-03c1-4780-bfef-f3a82283a2b3","local_time":"20190710111829","is_ascension_mode":true,"campfire_choices":[{"data":"Dualcast","floor":7.0,"key":"SMITH"},{"floor":10.0,"key":"RECALL"},{"floor":13.0,"key":"REST"},{"floor":15.0,"key":"REST"},{"floor":23.0,"key":"REST"}],"neow_cost":"NONE","seed_source_timestamp":11437992212800,"circlet_count":0,"master_deck":["AscendersBane","Strike_B","Strike_B","Strike_B","Defend_B","Defend_B","Defend_B","Defend_B","Zap+1","Dualcast+1","Leap","Ball Lightning","Sweeping Beam","Ball Lightning","Sweeping Beam","Gash","Core Surge","Echo Form","Sweeping Beam+1","Tempest","Auto Shields"],"special_seed":0,"relics":["Cracked Core","NeowsBlessing","Happy Flower","Nuclear Battery","Anchor","Lantern","CultistMask"],"potions_floor_usage":[],"damage_taken":[{"damage":0.0,"enemies":"Jaw Worm","floor":1.0,"turns":1.0},{"damage":0.0,"enemies":"Small Slimes","floor":2.0,"turns":1.0},{"damage":0.0,"enemies":"Cultist","floor":3.0,"turns":1.0},{"damage":19.0,"enemies":"3 Sentries","floor":6.0,"turns":6.0},{"damage":1.0,"enemies":"2 Fungi Beasts","floor":8.0,"turns":3.0},{"damage":1.0,"enemies":"Looter","floor":11.0,"turns":3.0},{"damage":15.0,"enemies":"Gremlin Gang","floor":12.0,"turns":2.0},{"damage":7.0,"enemies":"Large Slime","floor":14.0,"turns":4.0},{"damage":34.0,"enemies":"Slime Boss","floor":16.0,"turns":10.0},{"damage":34.0,"enemies":"2 Thieves","floor":18.0,"turns":3.0},{"damage":23.0,"enemies":"Spheric Guardian","floor":22.0,"turns":4.0},{"damage":0.0,"enemies":"Gremlin Leader","floor":24.0,"turns":7.0},{"damage":13.0,"enemies":"3 Cultists","floor":25.0,"turns":4.0},{"damage":7.0,"enemies":"Snecko","floor":28.0,"turns":5.0},{"damage":29,"enemies":"Sentry and Sphere","floor":29,"turns":3}],"seed_played":"1532949992895987225","potions_obtained":[{"floor":6.0,"key":"SmokeBomb"},{"floor":12.0,"key":"Poison Potion"},{"floor":14.0,"key":"Dexterity Potion"},{"floor":16.0,"key":"LiquidBronze"},{"floor":18.0,"key":"Regen Potion"},{"floor":24.0,"key":"FairyPotion"}],"is_trial":false,"path_per_floor":["M","M","M","?","?","E","R","M","T","R","M","M","R","M","R","B",null,"M","?","?","?","M","R","E","M","T","?","M","M"],"character_chosen":"DEFECT","items_purchased":[],"campfire_rested":3,"item_purchase_floors":[],"current_hp_per_floor":[64,64,64,53,53,34,34,33,33,33,32,17,38,31,52,18,58,24,24,24,24,1,22,37,24,24,24,17,0],"gold":509,"neow_bonus":"THREE_ENEMY_KILL","is_prod":false,"is_daily":false,"chose_seed":false,"campfire_upgraded":1,"win_rate":0,"timestamp":1562782709,"path_taken":["M","M","M","?","?","E","R","M","T","R","?","M","R","?","R","BOSS","M","?","?","?","M","R","E","M","T","?","?","M"],"build_version":"2019-07-05","purchased_purges":0,"victory":false,"max_hp_per_floor":[71,71,71,71,71,71,71,71,71,71,71,71,71,71,71,71,71,71,71,71,71,71,71,71,71,71,71,71,71],"card_choices":[{"not_picked":["Rebound","Turbo"],"picked":"Leap","floor":1.0},{"not_picked":["Rebound","Leap"],"picked":"Ball Lightning","floor":2.0},{"not_picked":["Turbo","Heatsinks"],"picked":"Sweeping Beam","floor":3.0},{"not_picked":["Undo","Turbo","Self Repair"],"picked":"SKIP","floor":6.0},{"not_picked":["Hello World","Coolheaded"],"picked":"Ball Lightning","floor":8.0},{"not_picked":["Hello World","Skim"],"picked":"Sweeping Beam","floor":11.0},{"not_picked":["Turbo","BootSequence"],"picked":"Gash","floor":12.0},{"not_picked":["Go for the Eyes","Hello World"],"picked":"Core Surge","floor":14.0},{"not_picked":["Thunder Strike","Rainbow"],"picked":"Echo Form","floor":16.0},{"not_picked":["Streamline","Static Discharge"],"picked":"Sweeping Beam+1","floor":18.0},{"not_picked":["Double Energy","Redo","Melter"],"picked":"SKIP","floor":22.0},{"not_picked":["Hologram","Darkness"],"picked":"Tempest","floor":24.0},{"not_picked":["Scrape","Rebound"],"picked":"Auto Shields","floor":25.0},{"not_picked":["Loop","Sweeping Beam","Redo"],"picked":"SKIP","floor":28.0}],"player_experience":1256298,"relics_obtained":[{"floor":6.0,"key":"Happy Flower"},{"floor":24.0,"key":"Anchor"},{"floor":26.0,"key":"Lantern"}],"event_choices":[{"damage_healed":0.0,"max_hp_gain":0.0,"max_hp_loss":0.0,"gold_gain":75.0,"event_name":"World of Goop","player_choice":"Gather Gold","floor":4.0,"gold_loss":0.0,"damage_taken":11.0},{"damage_healed":0.0,"max_hp_gain":0.0,"max_hp_loss":0.0,"gold_gain":0.0,"event_name":"Living Wall","player_choice":"Grow","floor":5.0,"gold_loss":0.0,"damage_taken":0.0,"cards_upgraded":["Zap"]},{"cards_removed":["Strike_B"],"damage_healed":0.0,"max_hp_gain":0.0,"max_hp_loss":0.0,"gold_gain":0.0,"event_name":"Beggar","player_choice":"Gave Gold","floor":19.0,"gold_loss":75.0,"damage_taken":0.0},{"damage_healed":0.0,"max_hp_gain":0.0,"max_hp_loss":0.0,"gold_gain":50.0,"event_name":"Nest","player_choice":"Stole From Cult","floor":20.0,"gold_loss":0.0,"damage_taken":0.0},{"damage_healed":0.0,"max_hp_gain":0.0,"max_hp_loss":0.0,"gold_gain":0.0,"event_name":"Vampires","player_choice":"Ignored","floor":21.0,"gold_loss":0.0,"damage_taken":0.0},{"damage_healed":0.0,"max_hp_gain":0.0,"max_hp_loss":0.0,"gold_gain":0.0,"event_name":"FaceTrader","player_choice":"Trade","floor":27.0,"gold_loss":0.0,"damage_taken":0.0,"relics_obtained":["CultistMask"]}],"is_beta":false,"boss_relics":[{"not_picked":["Runic Pyramid","Busted Crown"],"picked":"Nuclear Battery"}],"items_purged_floors":[],"is_endless":false,"potions_floor_spawned":[6,12,14,16,18,24],"killed_by":"Sentry and Sphere","ascension_level":20}