{"gold_per_floor":[17,31,31,46,60,60,110,110,110,11,26,41,41,60,60,137,137,151,151,16,30,30,30,41,59,104,104,21,71,71],"floor_reached":30,"playtime":788,"items_purged":["Strike_B"],"score":469,"play_id":"fab4ba65-eb6e-44f5-b59c-d3538c1e7c46","local_time":"20181005195450","is_ascension_mode":true,"campfire_choices":[{"data":"Zap","floor":6,"key":"SMITH"},{"data":"Capacitor","floor":8,"key":"SMITH"},{"data":"Fusion","floor":13,"key":"SMITH"},{"data":"Self Repair","floor":15,"key":"SMITH"},{"data":"Turbo","floor":23,"key":"SMITH"},{"floor":27,"key":"REST"}],"neow_cost":"NO_GOLD","seed_source_timestamp":765694875343030,"circlet_count":0,"master_deck":["Strike_B","Strike_B","Strike_B","Defend_B","Defend_B","Defend_B","Defend_B","Zap+1","Dualcast","AscendersBane","Rebound","Cold Snap","Capacitor+1","Ball Lightning","Ball Lightning","Self Repair+1","Fusion+1","Ball Lightning","Meteor Strike","Turbo+1","Ball Lightning","Compile Driver+1","Cold Snap","Echo Form"],"relics":["Cracked Core","Pocketwatch","Black Star","Nilry\u0027s Codex","Lantern"],"potions_floor_usage":[16,21,25,30,30],"damage_taken":[{"damage":0,"enemies":"2 Louse","floor":1,"turns":1},{"damage":7,"enemies":"Jaw Worm","floor":2,"turns":3},{"damage":2,"enemies":"Cultist","floor":4,"turns":3},{"damage":12,"enemies":"Looter","floor":5,"turns":3},{"damage":3,"enemies":"Blue Slaver","floor":11,"turns":2},{"damage":12,"enemies":"2 Fungi Beasts","floor":12,"turns":2},{"damage":4,"enemies":"Looter","floor":14,"turns":3},{"damage":26,"enemies":"The Guardian","floor":16,"turns":11},{"damage":6,"enemies":"Chosen","floor":18,"turns":4},{"damage":0,"enemies":"Spheric Guardian","floor":21,"turns":3},{"damage":54,"enemies":"Shelled Parasite and Fungi","floor":24,"turns":5},{"damage":14,"enemies":"Centurion and Healer","floor":25,"turns":4},{"damage":45,"enemies":"Slavers","floor":30,"turns":2}],"seed_played":"7198848338589183838","potions_obtained":[{"floor":1,"key":"Weak Potion"},{"floor":11,"key":"Ancient Potion"},{"floor":16,"key":"SteroidPotion"},{"floor":25,"key":"GamblersBrew"}],"is_trial":false,"path_per_floor":["M","M","?","M","M","R","?","R","T","$","M","M","R","M","R","B",null,"M","?","$","M","?","R","M","M","T","R","$","?"],"character_chosen":"DEFECT","items_purchased":["Ball Lightning","Self Repair","Ball Lightning","LiquidBronze"],"campfire_rested":1,"item_purchase_floors":[10,10,20,28],"current_hp_per_floor":[78,71,71,69,57,57,57,57,57,57,61,56,56,59,59,43,75,79,58,58,68,68,68,24,20,20,45,45,45,0],"gold":71,"neow_bonus":"TWENTY_PERCENT_HP_BONUS","is_prod":false,"is_daily":false,"chose_seed":false,"campfire_upgraded":5,"win_rate":0,"timestamp":1538783690,"path_taken":["M","M","?","M","M","R","?","R","T","$","?","M","R","M","R","BOSS","M","?","$","M","?","R","?","M","T","R","$","?","E"],"build_version":"2018-10-04","purchased_purges":1,"victory":false,"max_hp_per_floor":[85,85,85,85,85,85,85,85,85,85,85,85,85,85,85,85,85,85,85,85,85,85,85,85,85,85,85,85,85,85],"card_choices":[{"not_picked":["BootSequence","Skim"],"picked":"Rebound","floor":1},{"not_picked":["Stack","Self Repair"],"picked":"Cold Snap","floor":2},{"not_picked":["BootSequence","Compile Driver"],"picked":"Capacitor","floor":4},{"not_picked":["Darkness","Stack"],"picked":"Ball Lightning","floor":5},{"not_picked":["Rip and Tear","Compile Driver"],"picked":"Fusion","floor":11},{"not_picked":["Darkness","Force Field","Sweeping Beam"],"picked":"SKIP","floor":12},{"not_picked":["Beam Cell","Streamline"],"picked":"Ball Lightning","floor":14},{"not_picked":["Fission","Buffer"],"picked":"Meteor Strike","floor":16},{"not_picked":["Barrage","Force Field"],"picked":"Turbo","floor":18},{"not_picked":["Skim","Sweeping Beam"],"picked":"Compile Driver+1","floor":21},{"not_picked":["Fusion","Beam Cell"],"picked":"Cold Snap","floor":24},{"not_picked":["Barrage","FTL"],"picked":"Echo Form","floor":25}],"player_experience":359604,"relics_obtained":[{"floor":9,"key":"Pocketwatch"},{"floor":19,"key":"Nilry\u0027s Codex"},{"floor":26,"key":"Lantern"}],"event_choices":[{"event_name":"Golden Idol","player_choice":"Ignored","floor":3,"damage_taken":0},{"event_name":"Golden Shrine","player_choice":"Pray","floor":7,"damage_taken":0},{"event_name":"Cursed Tome","player_choice":"Obtained Book","floor":19,"damage_taken":0},{"event_name":"Golden Shrine","player_choice":"Pray","floor":29,"damage_taken":0}],"is_beta":false,"boss_relics":[{"not_picked":["Lizard Tail","Inserter"],"picked":"Black Star"}],"items_purged_floors":[20],"is_endless":false,"potions_floor_spawned":[1,11,16,25],"killed_by":"Slavers","ascension_level":20}