{"gold_per_floor":[119,139,139,139,139,177,202,60,60,73,73,73],"floor_reached":12,"playtime":225,"items_purged":[],"score":206,"play_id":"10cc0cef-c049-4a35-a0b1-bd01301ea867","local_time":"20190707202055","is_ascension_mode":true,"campfire_choices":[],"neow_cost":"NONE","seed_source_timestamp":6163227277342168,"circlet_count":0,"master_deck":["AscendersBane","Strike_G","Strike_G","Strike_G","Strike_G","Strike_G","Defend_G","Defend_G","Defend_G","Defend_G","Defend_G","Survivor","Neutralize","Flying Knee","Poisoned Stab","Backstab","Well Laid Plans"],"relics":["Ring of the Snake","NeowsBlessing","Golden Idol","Darkstone Periapt","Tiny Chest","Meat on the Bone"],"potions_floor_usage":[12],"damage_taken":[{"damage":0,"enemies":"Jaw Worm","floor":1,"turns":1},{"damage":0,"enemies":"2 Louse","floor":2,"turns":1},{"damage":0,"enemies":"Lagavulin","floor":6,"turns":1},{"damage":0,"enemies":"Cultist","floor":7,"turns":4},{"damage":23,"enemies":"Exordium Thugs","floor":10,"turns":7},{"damage":36,"enemies":"Gremlin Nob","floor":12,"turns":4}],"seed_played":"2564673042236744391","potions_obtained":[{"floor":2,"key":"Energy Potion"},{"floor":4,"key":"Ancient Potion"}],"is_trial":false,"path_per_floor":["M","M","?","?","$","E","M","$","T","M","?","E"],"character_chosen":"THE_SILENT","items_purchased":["Tiny Chest"],"campfire_rested":0,"item_purchase_floors":[8],"current_hp_per_floor":[59,59,59,59,59,59,59,59,59,36,36,0],"gold":73,"neow_bonus":"THREE_ENEMY_KILL","is_prod":false,"is_daily":false,"chose_seed":false,"campfire_upgraded":0,"win_rate":0,"timestamp":1562545255,"path_taken":["M","M","?","?","$","E","?","?","T","?","?","E"],"build_version":"2019-07-05","purchased_purges":0,"victory":false,"max_hp_per_floor":[66,66,60,60,60,60,60,60,60,60,60,60],"card_choices":[{"not_picked":["Underhanded Strike","Backflip"],"picked":"Flying Knee","floor":1},{"not_picked":["Calculated Gamble","Dagger Throw"],"picked":"Poisoned Stab","floor":2},{"not_picked":["Envenom","Expertise","Flying Knee"],"picked":"SKIP","floor":6},{"not_picked":["Deadly Poison","Escape Plan"],"picked":"Backstab","floor":7},{"not_picked":["Flying Knee","Backflip"],"picked":"Well Laid Plans","floor":10}],"player_experience":909495,"relics_obtained":[{"floor":6,"key":"Darkstone Periapt"},{"floor":9,"key":"Meat on the Bone"}],"event_choices":[{"damage_healed":0,"gold_gain":0,"player_choice":"Lose Max HP","damage_taken":0,"relics_obtained":["Golden Idol"],"max_hp_gain":0,"max_hp_loss":6,"event_name":"Golden Idol","floor":3,"gold_loss":0},{"damage_healed":0,"gold_gain":0,"player_choice":"Got Potions","damage_taken":0,"max_hp_gain":0,"max_hp_loss":0,"event_name":"Lab","floor":4,"gold_loss":0},{"damage_healed":0,"gold_gain":0,"player_choice":"Ignored","damage_taken":0,"max_hp_gain":0,"max_hp_loss":0,"event_name":"Liars Game","floor":11,"gold_loss":0}],"is_beta":false,"boss_relics":[],"items_purged_floors":[],"is_endless":false,"potions_floor_spawned":[2,7],"killed_by":"Gremlin Nob","ascension_level":20}