{"gold_per_floor":[114,114,28,28,28,28,28,42,66,66,80,90,105,117,117,191,191,205,205,205,216,231,231,231],"floor_reached":24,"playtime":1219,"items_purged":[],"score":376,"play_id":"e1410858-9711-4ce8-97dd-e7b8e3c1b7c8","local_time":"20181006170221","is_ascension_mode":true,"campfire_choices":[{"data":"Self Repair","floor":6.0,"key":"SMITH"},{"data":"Zap","floor":15.0,"key":"SMITH"},{"floor":23,"key":"REST"}],"neow_cost":"NONE","seed_source_timestamp":0,"circlet_count":0,"master_deck":["Strike_B","Strike_B","Strike_B","Strike_B","Defend_B","Defend_B","Defend_B","Defend_B","Zap+1","Dualcast","AscendersBane","Machine Learning","Leap","Turbo","Self Repair+1","Ball Lightning","Steam","Glacier","Cold Snap","Core Surge","Sunder","Loop","White Noise","BootSequence","Go for the Eyes","FTL","Conserve Battery"],"special_seed":0,"relics":["Cracked Core","Dodecahedron","Lantern","Orrery","Enchiridion"],"potions_floor_usage":[16,18,24,24],"damage_taken":[{"damage":0.0,"enemies":"2 Louse","floor":1.0,"turns":2.0},{"damage":0.0,"enemies":"Cultist","floor":8.0,"turns":3.0},{"damage":16.0,"enemies":"Small Slimes","floor":11.0,"turns":3.0},{"damage":14.0,"enemies":"Exordium Thugs","floor":12.0,"turns":4.0},{"damage":7.0,"enemies":"Looter","floor":13.0,"turns":4.0},{"damage":2.0,"enemies":"Large Slime","floor":14.0,"turns":6.0},{"damage":24,"enemies":"The Guardian","floor":16,"turns":19},{"damage":20,"enemies":"2 Thieves","floor":18,"turns":4},{"damage":12,"enemies":"Chosen","floor":21,"turns":7},{"damage":26,"enemies":"Snecko","floor":22,"turns":6},{"damage":42,"enemies":"Book of Stabbing","floor":24,"turns":5}],"seed_played":"8146532516497978111","potions_obtained":[{"floor":11.0,"key":"Fire Potion"},{"floor":12.0,"key":"Dexterity Potion"},{"floor":13.0,"key":"SkillPotion"},{"floor":18,"key":"Fire Potion"},{"floor":22,"key":"Ancient Potion"}],"is_trial":false,"path_per_floor":["M","?","$","$","?","R","T","M","T","?","M","M","M","M","R","B",null,"M","?","?","M","M","R"],"character_chosen":"DEFECT","items_purchased":["Self Repair"],"campfire_rested":1,"item_purchase_floors":[3],"current_hp_per_floor":[64,64,64,64,46,46,46,56,56,56,50,46,49,57,57,43,64,54,54,33,31,15,36,0],"gold":231,"neow_bonus":"ONE_RANDOM_RARE_CARD","is_prod":false,"is_daily":false,"chose_seed":false,"campfire_upgraded":2,"win_rate":0,"timestamp":1538859741,"path_taken":["M","?","?","$","?","R","?","?","T","?","M","?","M","M","R","BOSS","M","?","?","M","?","R","E"],"build_version":"2018-10-04v2","purchased_purges":0,"victory":false,"max_hp_per_floor":[71,71,71,71,71,71,71,71,71,71,71,71,71,71,71,71,71,71,71,71,71,71,71,71],"card_choices":[{"not_picked":["Steam","Machine Learning"],"picked":"Leap","floor":1.0},{"not_picked":["Compile Driver","Chill"],"picked":"Ball Lightning","floor":8.0},{"not_picked":["Gash","Consume"],"picked":"Steam","floor":11.0},{"not_picked":["Ball Lightning","Beam Cell"],"picked":"Glacier","floor":12.0},{"not_picked":["Turbo","Coolheaded"],"picked":"Cold Snap","floor":13.0},{"not_picked":["Redo","Heatsinks","Streamline"],"picked":"SKIP","floor":14.0},{"not_picked":["Thunder Strike","Reboot"],"picked":"Core Surge","floor":16},{"not_picked":["Sweeping Beam","Doom and Gloom"],"picked":"Sunder","floor":17},{"not_picked":["Redo","Sunder"],"picked":"Loop","floor":17},{"not_picked":["Stack","Gash"],"picked":"White Noise","floor":17},{"not_picked":["Chaos","Turbo"],"picked":"BootSequence","floor":17},{"not_picked":["Stack","Heatsinks"],"picked":"Go for the Eyes","floor":17},{"not_picked":["Coolheaded","Beam Cell"],"picked":"FTL","floor":18},{"not_picked":["Redo","Rainbow","Auto Shields"],"picked":"SKIP","floor":21},{"not_picked":["Doom and Gloom","Blizzard","Stack+1"],"picked":"SKIP","floor":22}],"player_experience":366077,"relics_obtained":[{"floor":7.0,"key":"Dodecahedron"},{"floor":9.0,"key":"Lantern"},{"floor":20,"key":"Enchiridion"}],"event_choices":[{"event_name":"Match and Keep!","player_choice":"1 cards matched","floor":2.0,"damage_taken":0.0},{"event_name":"Scrap Ooze","player_choice":"unsuccessful","floor":5.0,"damage_taken":18.0},{"event_name":"Liars Game","player_choice":"disagreed","floor":10.0,"damage_taken":0.0},{"event_name":"Match and Keep!","player_choice":"1 cards matched","floor":19,"damage_taken":0},{"event_name":"Cursed Tome","player_choice":"Obtained Book","floor":20,"damage_taken":0}],"is_beta":false,"boss_relics":[{"not_picked":["Velvet Choker","Coffee Dripper"],"picked":"Orrery"}],"items_purged_floors":[],"is_endless":false,"potions_floor_spawned":[11,12,13,14,18,22],"killed_by":"Book of Stabbing","ascension_level":20}