{"gold_per_floor":[116,126,141,141,141,180,180,216,216,216,101,101,116,136,136,261,261,276,176,176,176,197,233,260,120,194,218,218,236,236,251,251,380,380,400,400,420,434,450,483,393,393,470,511,534,567,583,603,603,603],"floor_reached":51,"playtime":2826,"items_purged":["Defend_B","Strike_B"],"score":886,"play_id":"914e0fbf-2463-41f7-92d8-962e62373c4b","local_time":"20190707005025","is_ascension_mode":true,"campfire_choices":[{"data":"Defragment","floor":7.0,"key":"SMITH"},{"data":"Zap","floor":10.0,"key":"SMITH"},{"data":"Defragment","floor":12.0,"key":"SMITH"},{"data":"Capacitor","floor":15.0,"key":"SMITH"},{"floor":32.0,"key":"REST"},{"data":"Seek","floor":42,"key":"SMITH"},{"data":"Loop","floor":49,"key":"SMITH"}],"neow_cost":"NONE","seed_source_timestamp":8593777229809,"circlet_count":0,"master_deck":["Defend_B","Defend_B+1","Defend_B","Zap+1","Dualcast","Chill","Defragment+1","Defragment+1","Glacier","Capacitor+1","Gash","Gash","Creative AI","Loop+1","Gash","Gash+1","Seek+1","Coolheaded+1","Gash","Gash","Electrodynamics","Self Repair+1","Gash","Machine Learning"],"special_seed":0,"relics":["Cracked Core","Golden Idol","Blood Vial","Darkstone Periapt","Orichalcum","Black Star","Centennial Puzzle","MawBank","Ornamental Fan","Matryoshka","Coffee Dripper","Regal Pillow","Toxic Egg 2","Bag of Preparation","Kunai","Bronze Scales","Calipers","Lantern","PreservedInsect"],"potions_floor_usage":[40,46],"damage_taken":[{"damage":1.0,"enemies":"Cultist","floor":1.0,"turns":3.0},{"damage":4.0,"enemies":"Jaw Worm","floor":2.0,"turns":3.0},{"damage":0.0,"enemies":"2 Louse","floor":3.0,"turns":2.0},{"damage":8.0,"enemies":"Lagavulin","floor":6.0,"turns":7.0},{"damage":0.0,"enemies":"3 Sentries","floor":8.0,"turns":11.0},{"damage":0.0,"enemies":"Large Slime","floor":13.0,"turns":8.0},{"damage":0.0,"enemies":"2 Fungi Beasts","floor":14.0,"turns":4.0},{"damage":0.0,"enemies":"The Guardian","floor":16.0,"turns":11.0},{"damage":19.0,"enemies":"Spheric Guardian","floor":18.0,"turns":6.0},{"damage":1.0,"enemies":"Shell Parasite","floor":22.0,"turns":7.0},{"damage":48.0,"enemies":"Gremlin Leader","floor":23.0,"turns":12.0},{"damage":5.0,"enemies":"Snecko","floor":24.0,"turns":9.0},{"damage":0.0,"enemies":"Chosen and Byrds","floor":27.0,"turns":8.0},{"damage":0.0,"enemies":"Centurion and Healer","floor":29.0,"turns":7.0},{"damage":0.0,"enemies":"Sentry and Sphere","floor":31.0,"turns":6.0},{"damage":7.0,"enemies":"Collector","floor":33.0,"turns":9.0},{"damage":0.0,"enemies":"Orb Walker","floor":35.0,"turns":6.0},{"damage":3.0,"enemies":"3 Shapes","floor":37.0,"turns":5.0},{"damage":7.0,"enemies":"Spire Growth","floor":38.0,"turns":4.0},{"damage":0,"enemies":"Sphere and 2 Shapes","floor":39,"turns":5},{"damage":18,"enemies":"Nemesis","floor":40,"turns":7},{"damage":12,"enemies":"Reptomancer","floor":44,"turns":7},{"damage":0,"enemies":"Transient","floor":45,"turns":5},{"damage":7,"enemies":"Nemesis","floor":46,"turns":5},{"damage":0,"enemies":"Maw","floor":47,"turns":7},{"damage":10,"enemies":"Spire Growth","floor":48,"turns":4},{"damage":4,"enemies":"Time Eater","floor":50,"turns":8}],"seed_played":"-58372185983959616","potions_obtained":[{"floor":2.0,"key":"PowerPotion"},{"floor":6.0,"key":"SteroidPotion"},{"floor":8.0,"key":"Poison Potion"},{"floor":16.0,"key":"EssenceOfSteel"},{"floor":24.0,"key":"Fire Potion"},{"floor":27.0,"key":"Block Potion"},{"floor":37.0,"key":"SpeedPotion"},{"floor":39,"key":"Ancient Potion"},{"floor":44,"key":"PowerPotion"},{"floor":45,"key":"AttackPotion"}],"is_trial":false,"path_per_floor":["M","M","M","?","?","E","R","E","T","R","$","R","M","M","R","B",null,"M","$","?","?","M","E","M","$","T","M","T","M","?","M","R","B",null,"M","?","M","M","M","E","?","R","T","E","M","E","M","M","R","B",null],"character_chosen":"DEFECT","items_purchased":["Capacitor","Seek"],"campfire_rested":1,"item_purchase_floors":[11,25],"current_hp_per_floor":[74,70,70,63,63,55,55,57,57,57,57,57,59,61,61,63,69,50,50,50,50,51,5,2,2,2,4,4,6,6,8,28,23,69,69,69,66,61,69,61,61,61,61,61,69,69,69,69,69,69],"gold":603,"neow_bonus":"REMOVE_CARD","is_prod":false,"is_daily":false,"chose_seed":false,"campfire_upgraded":6,"win_rate":1,"timestamp":1562453425,"path_taken":["M","M","?","?","?","E","R","E","T","R","$","R","M","M","R","BOSS","M","$","?","?","M","E","M","$","T","?","?","?","?","M","R","BOSS","M","?","M","M","M","E","?","R","T","E","M","E","M","?","R","BOSS"],"build_version":"2019-07-05","purchased_purges":2,"victory":true,"max_hp_per_floor":[75,75,75,75,69,69,69,69,69,69,69,69,69,69,69,69,69,69,69,69,69,69,69,69,69,69,69,69,69,69,69,69,69,69,69,69,69,69,69,69,69,69,69,69,69,69,69,69,69,69],"card_choices":[{"not_picked":["Steam","Stack"],"picked":"Chill","floor":1.0},{"not_picked":["BootSequence","Go for the Eyes"],"picked":"Defragment","floor":2.0},{"not_picked":["Redo","Machine Learning"],"picked":"Defragment","floor":3.0},{"not_picked":["Barrage","Steam","Leap"],"picked":"SKIP","floor":6.0},{"not_picked":["Coolheaded","Steam"],"picked":"Glacier","floor":8.0},{"not_picked":["Rebound","Ball Lightning"],"picked":"Gash","floor":13.0},{"not_picked":["Static Discharge","Melter"],"picked":"Gash","floor":14.0},{"not_picked":["Thunder Strike","Fission"],"picked":"Creative AI","floor":16.0},{"not_picked":["Hologram","Conserve Battery"],"picked":"Loop","floor":18.0},{"not_picked":["Steam Power+1","Rebound","Sweeping Beam"],"picked":"SKIP","floor":22.0},{"not_picked":["Steam","White Noise+1","All For One"],"picked":"SKIP","floor":23.0},{"not_picked":["FTL","Redo"],"picked":"Gash+1","floor":24.0},{"not_picked":["Defragment","Fusion"],"picked":"Coolheaded+1","floor":27.0},{"not_picked":["Barrage","Coolheaded"],"picked":"Gash","floor":29.0},{"not_picked":["Glacier","BootSequence+1"],"picked":"Gash","floor":31.0},{"not_picked":["Fission","Multi-Cast"],"picked":"Electrodynamics","floor":33.0},{"not_picked":["Ball Lightning","Auto Shields+1","Leap"],"picked":"SKIP","floor":35.0},{"not_picked":["Capacitor+1","Leap","Ball Lightning+1"],"picked":"SKIP","floor":37.0},{"not_picked":["Skim","Steam+1"],"picked":"Self Repair+1","floor":38.0},{"not_picked":["Blizzard","Streamline+1","Beam Cell+1"],"picked":"SKIP","floor":39},{"not_picked":["Redo","Reprogram+1","Streamline"],"picked":"SKIP","floor":40},{"not_picked":["Barrage","Rebound+1","Go for the Eyes+1"],"picked":"SKIP","floor":44},{"not_picked":["Compile Driver+1","Hologram+1","Storm"],"picked":"SKIP","floor":45},{"not_picked":["Undo+1","FTL+1"],"picked":"Gash","floor":46},{"not_picked":["Static Discharge+1","Ball Lightning","Doom and Gloom"],"picked":"SKIP","floor":47},{"not_picked":["Hologram+1","Fusion+1"],"picked":"Machine Learning","floor":48}],"player_experience":7145,"relics_obtained":[{"floor":6.0,"key":"Blood Vial"},{"floor":8.0,"key":"Darkstone Periapt"},{"floor":9.0,"key":"Orichalcum"},{"floor":23.0,"key":"Centennial Puzzle"},{"floor":23.0,"key":"MawBank"},{"floor":26.0,"key":"Ornamental Fan"},{"floor":28.0,"key":"Matryoshka"},{"floor":40,"key":"Regal Pillow"},{"floor":40,"key":"Toxic Egg 2"},{"floor":43,"key":"Bag of Preparation"},{"floor":43,"key":"Kunai"},{"floor":44,"key":"Bronze Scales"},{"floor":44,"key":"Calipers"},{"floor":46,"key":"Lantern"},{"floor":46,"key":"PreservedInsect"}],"event_choices":[{"cards_removed":["Strike_B"],"damage_healed":0.0,"max_hp_gain":0.0,"max_hp_loss":0.0,"gold_gain":0.0,"event_name":"Golden Wing","player_choice":"Card Removal","floor":4.0,"gold_loss":0.0,"damage_taken":7.0},{"damage_healed":0.0,"max_hp_gain":0.0,"max_hp_loss":6.0,"gold_gain":0.0,"event_name":"Golden Idol","player_choice":"Lose Max HP","floor":5.0,"gold_loss":0.0,"damage_taken":0.0,"relics_obtained":["Golden Idol"]},{"damage_healed":0.0,"max_hp_gain":0.0,"max_hp_loss":0.0,"gold_gain":0.0,"event_name":"The Mausoleum","player_choice":"Ignored","floor":20.0,"gold_loss":0.0,"damage_taken":0.0},{"damage_healed":0.0,"max_hp_gain":0.0,"max_hp_loss":0.0,"gold_gain":0.0,"event_name":"Duplicator","player_choice":"Copied","floor":21.0,"gold_loss":0.0,"damage_taken":0.0,"cards_obtained":["Gash"]},{"damage_healed":0.0,"max_hp_gain":0.0,"max_hp_loss":0.0,"gold_gain":0.0,"event_name":"Cursed Tome","player_choice":"Ignored","floor":30.0,"gold_loss":0.0,"damage_taken":0.0},{"damage_healed":0.0,"max_hp_gain":0.0,"max_hp_loss":0.0,"gold_gain":0.0,"event_name":"SensoryStone","player_choice":"Memory 1","floor":36.0,"gold_loss":0.0,"damage_taken":0.0},{"cards_removed":["Strike_B"],"damage_healed":0,"gold_gain":0,"player_choice":"Upgrade and Remove","damage_taken":0,"max_hp_gain":0,"max_hp_loss":0,"event_name":"Designer","floor":41,"gold_loss":90,"cards_upgraded":["Defend_B"]}],"is_beta":false,"boss_relics":[{"not_picked":["Calling Bell","Sozu"],"picked":"Black Star"},{"not_picked":["Inserter","Velvet Choker"],"picked":"Coffee Dripper"}],"items_purged_floors":[11,19],"is_endless":false,"potions_floor_spawned":[2,6,8,13,14,16,23,24,27,31,37,39,44,45],"ascension_level":1}