{"gold_per_floor":[118,43,57,67,79,105,105,135,135,88,104,137,213,231,231,231],"floor_reached":16,"playtime":554,"items_purged":[],"score":394,"play_id":"7a516047-8d38-4e3a-a381-56b19b8fa820","local_time":"20190705235716","is_ascension_mode":true,"campfire_choices":[{"data":"Neutralize","floor":7.0,"key":"SMITH"},{"data":"Deadly Poison","floor":15,"key":"SMITH"}],"neow_cost":"NONE","seed_source_timestamp":0,"circlet_count":0,"master_deck":["AscendersBane","Strike_G","Strike_G","Strike_G","Strike_G","Defend_G","Defend_G","Defend_G","Defend_G","Defend_G","Survivor","Neutralize+1","Doppelganger","Slice","Predator","Infinite Blades","Flying Knee","All Out Attack","Deadly Poison+1","PiercingWail"],"special_seed":0,"relics":["Ring of the Snake","Mummified Hand","Potion Belt","Strawberry","Sundial"],"potions_floor_usage":[],"damage_taken":[{"damage":0.0,"enemies":"2 Louse","floor":1.0,"turns":4.0},{"damage":0.0,"enemies":"Jaw Worm","floor":3.0,"turns":4.0},{"damage":0.0,"enemies":"Small Slimes","floor":4.0,"turns":2.0},{"damage":0.0,"enemies":"Blue Slaver","floor":5.0,"turns":7.0},{"damage":17.0,"enemies":"Lagavulin","floor":6.0,"turns":6.0},{"damage":32.0,"enemies":"3 Sentries","floor":8.0,"turns":9.0},{"damage":1.0,"enemies":"Exordium Thugs","floor":11.0,"turns":4.0},{"damage":0.0,"enemies":"Gremlin Nob","floor":12.0,"turns":3.0},{"damage":1,"enemies":"Exordium Wildlife","floor":14,"turns":3},{"damage":17,"enemies":"Hexaghost","floor":16,"turns":8}],"seed_played":"-5081424672103821009","potions_obtained":[{"floor":1.0,"key":"SteroidPotion"},{"floor":5.0,"key":"Strength Potion"},{"floor":6.0,"key":"Poison Potion"},{"floor":8.0,"key":"Energy Potion"}],"is_trial":false,"path_per_floor":["M","?","M","M","M","E","R","E","T","?","M","E","?","M","R","B"],"character_chosen":"THE_SILENT","items_purchased":[],"campfire_rested":0,"item_purchase_floors":[],"current_hp_per_floor":[59,59,59,59,59,42,42,10,17,17,16,16,16,15,15,0],"gold":231,"neow_bonus":"ONE_RANDOM_RARE_CARD","is_prod":false,"is_daily":false,"chose_seed":false,"campfire_upgraded":2,"win_rate":0,"timestamp":1562385436,"path_taken":["M","?","M","M","M","E","R","E","T","?","M","E","?","M","R","BOSS"],"build_version":"2019-07-05","purchased_purges":0,"victory":false,"max_hp_per_floor":[66,66,66,66,66,66,66,66,73,73,73,73,73,73,73,73],"card_choices":[{"not_picked":["Expertise","Deflect"],"picked":"Slice","floor":1.0},{"not_picked":["Infinite Blades","Dodge and Roll"],"picked":"Predator","floor":3.0},{"not_picked":["Catalyst","Riddle With Holes","Reflex"],"picked":"SKIP","floor":4.0},{"not_picked":["Dodge and Roll","Blade Dance"],"picked":"Infinite Blades","floor":5.0},{"not_picked":["Quick Slash","Poisoned Stab"],"picked":"Flying Knee","floor":6.0},{"not_picked":["Dagger Throw","Flechettes","Deadly Poison"],"picked":"SKIP","floor":8.0},{"not_picked":["Flying Knee","Skewer"],"picked":"All Out Attack","floor":11.0},{"not_picked":["Skewer","Setup"],"picked":"Deadly Poison","floor":12.0},{"not_picked":["Quick Slash","Heel Hook"],"picked":"PiercingWail","floor":14}],"player_experience":889506,"relics_obtained":[{"floor":6.0,"key":"Mummified Hand"},{"floor":8.0,"key":"Potion Belt"},{"floor":9.0,"key":"Strawberry"},{"floor":12.0,"key":"Sundial"}],"event_choices":[{"cards_removed":["Strike_G"],"damage_healed":0.0,"max_hp_gain":0.0,"max_hp_loss":0.0,"gold_gain":0.0,"event_name":"The Cleric","player_choice":"Card Removal","floor":2.0,"gold_loss":75.0,"damage_taken":0.0},{"damage_healed":0.0,"max_hp_gain":0.0,"max_hp_loss":0.0,"gold_gain":0.0,"event_name":"World of Goop","player_choice":"Left Gold","floor":10.0,"gold_loss":47.0,"damage_taken":0.0},{"damage_healed":0.0,"max_hp_gain":0.0,"max_hp_loss":0.0,"gold_gain":76.0,"event_name":"Golden Wing","player_choice":"Gained Gold","floor":13.0,"gold_loss":0.0,"damage_taken":0.0}],"is_beta":false,"boss_relics":[],"items_purged_floors":[],"is_endless":false,"potions_floor_spawned":[1,5,6,8],"killed_by":"Hexaghost","ascension_level":20}