{"gold_per_floor":[117,117,117,167,178,178,203,215,260,260,295,311,311,330,330,407,407,422,238,256,256,41,41,41],"floor_reached":24,"playtime":877,"items_purged":["Strike_R","Strike_R"],"score":388,"play_id":"e1ee7be2-1ae6-4ceb-9feb-aa74ba3a7109","local_time":"20190313214202","is_ascension_mode":true,"campfire_choices":[{"data":"Clothesline","floor":6.0,"key":"SMITH"},{"floor":10.0,"key":"REST"},{"floor":15.0,"key":"REST"},{"floor":23,"key":"REST"}],"neow_cost":"NONE","seed_source_timestamp":0,"circlet_count":0,"master_deck":["AscendersBane","Strike_R","Strike_R","Defend_R+1","Defend_R+1","Defend_R","Defend_R","Bash+1","Evolve","Clothesline+1","Battle Trance","Feel No Pain","Uppercut","Corruption","Shockwave","True Grit","Demon Form","Dropkick"],"special_seed":0,"relics":["Burning Blood","Smiling Mask","Omamori","Pear","Eternal Feather","Tiny Chest","WarpedTongs","PreservedInsect"],"potions_floor_usage":[16,16,20],"damage_taken":[{"damage":9.0,"enemies":"Jaw Worm","floor":1.0,"turns":5.0},{"damage":10.0,"enemies":"Small Slimes","floor":5.0,"turns":3.0},{"damage":40.0,"enemies":"Lagavulin","floor":7.0,"turns":6.0},{"damage":1.0,"enemies":"Cultist","floor":8.0,"turns":3.0},{"damage":15.0,"enemies":"3 Sentries","floor":11.0,"turns":11.0},{"damage":8.0,"enemies":"Blue Slaver","floor":12.0,"turns":4.0},{"damage":9.0,"enemies":"Exordium Wildlife","floor":14.0,"turns":5.0},{"damage":31,"enemies":"The Guardian","floor":16,"turns":17},{"damage":29,"enemies":"Shell Parasite","floor":18,"turns":9},{"damage":42,"enemies":"Spheric Guardian","floor":20,"turns":8},{"damage":41,"enemies":"Book of Stabbing","floor":24,"turns":4}],"seed_played":"-4893886741815542838","potions_obtained":[{"floor":5.0,"key":"Weak Potion"},{"floor":8.0,"key":"EssenceOfSteel"},{"floor":11.0,"key":"PowerPotion"},{"floor":18,"key":"AttackPotion"}],"is_trial":false,"path_per_floor":["M","?","?","?","M","R","E","M","T","R","E","M","?","M","R","B",null,"M","$","M","?","$","R","E"],"character_chosen":"IRONCLAD","items_purchased":["Tiny Chest","PreservedInsect"],"campfire_rested":3,"item_purchase_floors":[19,22],"current_hp_per_floor":[65,65,58,51,47,47,13,18,18,40,41,39,13,10,35,10,66,43,43,7,7,7,41,0],"gold":41,"neow_bonus":"THREE_CARDS","is_prod":false,"is_daily":false,"chose_seed":false,"campfire_upgraded":1,"win_rate":0,"timestamp":1552527722,"path_taken":["M","?","?","?","M","R","E","M","T","R","E","?","?","M","R","BOSS","M","$","M","?","$","R","E"],"build_version":"2019-01-23","purchased_purges":2,"victory":false,"max_hp_per_floor":[75,75,75,75,75,75,75,75,75,75,85,85,85,85,85,85,85,85,85,85,85,85,85,85],"card_choices":[{"not_picked":["Intimidate","Battle Trance"],"picked":"Evolve","floor":0.0},{"not_picked":["Pommel Strike","Disarm"],"picked":"Clothesline","floor":1.0},{"not_picked":["Warcry","Rampage"],"picked":"Battle Trance","floor":5.0},{"not_picked":["Sword Boomerang","Corruption"],"picked":"Feel No Pain","floor":7.0},{"not_picked":["Reckless Charge","Burning Pact"],"picked":"Uppercut","floor":8.0},{"not_picked":["Metallicize","Second Wind"],"picked":"Corruption","floor":11.0},{"not_picked":["Feel No Pain","Blood for Blood"],"picked":"Shockwave","floor":12.0},{"not_picked":["Combust","Burning Pact"],"picked":"True Grit","floor":14.0},{"not_picked":["Offering","Double Tap"],"picked":"Demon Form","floor":16},{"not_picked":["Shrug It Off","Body Slam"],"picked":"Dropkick","floor":18},{"not_picked":["Clash","Headbutt+1","Cleave"],"picked":"SKIP","floor":20}],"player_experience":582277,"relics_obtained":[{"floor":7.0,"key":"Smiling Mask"},{"floor":9.0,"key":"Omamori"},{"floor":11.0,"key":"Pear"}],"event_choices":[{"damage_healed":0.0,"max_hp_gain":0.0,"max_hp_loss":0.0,"gold_gain":0.0,"event_name":"Living Wall","player_choice":"Grow","floor":2.0,"gold_loss":0.0,"damage_taken":0.0,"cards_upgraded":["Bash"]},{"cards_removed":["Strike_R"],"damage_healed":0.0,"max_hp_gain":0.0,"max_hp_loss":0.0,"gold_gain":0.0,"event_name":"Golden Wing","player_choice":"Card Removal","floor":3.0,"gold_loss":0.0,"damage_taken":7.0},{"damage_healed":0.0,"max_hp_gain":0.0,"max_hp_loss":0.0,"gold_gain":50.0,"event_name":"FaceTrader","player_choice":"Touch","floor":4.0,"gold_loss":0.0,"damage_taken":7.0},{"damage_healed":0.0,"max_hp_gain":0.0,"max_hp_loss":0.0,"gold_gain":0.0,"event_name":"Shining Light","player_choice":"Entered Light","floor":13.0,"gold_loss":0.0,"damage_taken":26.0,"cards_upgraded":["Defend_R","Defend_R"]},{"damage_healed":0,"gold_gain":0,"player_choice":"Rummage","damage_taken":0,"relics_obtained":["WarpedTongs"],"max_hp_gain":0,"max_hp_loss":0,"event_name":"Accursed Blacksmith","floor":21,"gold_loss":0,"cards_obtained":["Pain"]}],"is_beta":false,"boss_relics":[{"not_picked":["Busted Crown","Coffee Dripper"],"picked":"Eternal Feather"}],"items_purged_floors":[19,22],"is_endless":false,"potions_floor_spawned":[5,8,11,12,18],"killed_by":"Book of Stabbing","ascension_level":18}