{"gold_per_floor":[114,114,33,33,45,45,71,86,86,117,117,127,137,149,149,220,220,237,4,23,2,16,16,27,27],"floor_reached":25,"playtime":1111,"items_purged":[],"score":480,"play_id":"183d6b11-90bf-4373-98cb-c63ba8003498","local_time":"20190326202225","is_ascension_mode":true,"campfire_choices":[{"data":"Sucker Punch","floor":6.0,"key":"SMITH"},{"floor":15,"key":"REST"},{"floor":23,"key":"REST"}],"neow_cost":"NONE","seed_source_timestamp":8229690511835895,"circlet_count":0,"master_deck":["AscendersBane","Defend_G","Defend_G","Defend_G","Defend_G","Defend_G","Strike_G","Strike_G","Strike_G","Strike_G","Strike_G","Survivor","Neutralize+1","PiercingWail","Dagger Throw","Sucker Punch+1","Masterful Stab","All Out Attack","Flying Knee","Crippling Poison","Blade Dance","Neutralize","Noxious Fumes","Dodge and Roll","After Image","Blade Dance","Cloak And Dagger","Blade Dance","Sucker Punch","Noxious Fumes","Well Laid Plans","Blade Dance","Leg Sweep","Caltrops"],"special_seed":0,"relics":["Ring of the Snake","Kunai","Ancient Tea Set","Mango","Orrery","Membership Card"],"potions_floor_usage":[16],"damage_taken":[{"damage":2.0,"enemies":"2 Louse","floor":1.0,"turns":4.0},{"damage":0.0,"enemies":"Jaw Worm","floor":5.0,"turns":5.0},{"damage":45.0,"enemies":"Gremlin Nob","floor":7.0,"turns":6.0},{"damage":0.0,"enemies":"Cultist","floor":8.0,"turns":3.0},{"damage":11.0,"enemies":"Lagavulin","floor":10.0,"turns":6.0},{"damage":1,"enemies":"Lots of Slimes","floor":12,"turns":3},{"damage":8,"enemies":"Red Slaver","floor":13,"turns":4},{"damage":1,"enemies":"3 Louse","floor":14,"turns":2},{"damage":2,"enemies":"The Guardian","floor":16,"turns":12},{"damage":11,"enemies":"Spheric Guardian","floor":18,"turns":7},{"damage":17,"enemies":"3 Byrds","floor":20,"turns":5},{"damage":18,"enemies":"Snake Plant","floor":22,"turns":7},{"damage":46,"enemies":"Chosen and Byrds","floor":24,"turns":8},{"damage":9,"enemies":"Book of Stabbing","floor":25,"turns":4}],"seed_played":"-6148014423618513462","potions_obtained":[{"floor":7.0,"key":"Strength Potion"},{"floor":8.0,"key":"Explosive Potion"},{"floor":13,"key":"SkillPotion"},{"floor":14,"key":"SpeedPotion"},{"floor":16,"key":"Swift Potion"}],"is_trial":false,"path_per_floor":["M","?","$","?","M","R","E","M","T","E","?","M","M","M","R","B",null,"M","$","M","$","M","R","M","E"],"character_chosen":"THE_SILENT","items_purchased":["Dagger Throw","Sucker Punch","Membership Card","Well Laid Plans","Leg Sweep"],"campfire_rested":2,"item_purchase_floors":[3,3,19,19,21],"current_hp_per_floor":[63,63,63,63,63,63,18,18,18,21,21,20,12,11,36,34,73,62,62,45,45,27,52,6,0],"gold":27,"neow_bonus":"TEN_PERCENT_HP_BONUS","is_prod":false,"is_daily":false,"chose_seed":false,"campfire_upgraded":1,"win_rate":0,"timestamp":1553646145,"path_taken":["M","?","$","?","M","R","E","M","T","E","?","M","?","M","R","BOSS","M","$","?","?","M","R","M","E"],"build_version":"2019-01-23","purchased_purges":0,"victory":false,"max_hp_per_floor":[72,72,72,72,72,72,72,72,72,86,86,86,86,86,86,86,86,86,86,86,86,86,86,86,86],"card_choices":[{"not_picked":["Underhanded Strike","Choke"],"picked":"PiercingWail","floor":1.0},{"not_picked":["Blade Dance","Setup"],"picked":"Masterful Stab","floor":5.0},{"not_picked":["Sucker Punch","Deflect"],"picked":"All Out Attack","floor":7.0},{"not_picked":["Quick Slash","Poisoned Stab"],"picked":"Flying Knee","floor":8.0},{"not_picked":["PiercingWail","Underhanded Strike"],"picked":"Crippling Poison","floor":10.0},{"not_picked":["Grand Finale","Finisher","Underhanded Strike"],"picked":"SKIP","floor":12},{"not_picked":["Blade Dance","Masterful Stab"],"picked":"Noxious Fumes","floor":13},{"not_picked":["Acrobatics","Underhanded Strike"],"picked":"Dodge and Roll","floor":14},{"not_picked":["Storm of Steel","Die Die Die"],"picked":"After Image","floor":16},{"not_picked":["Flechettes","Distraction"],"picked":"Blade Dance","floor":17},{"not_picked":["Infinite Blades","Bouncing Flask"],"picked":"Cloak And Dagger","floor":17},{"not_picked":["Flechettes","Sucker Punch"],"picked":"Blade Dance","floor":17},{"not_picked":["Outmaneuver","Terror"],"picked":"Sucker Punch","floor":17},{"not_picked":["Bane","Backflip"],"picked":"Noxious Fumes","floor":18},{"not_picked":["Sucker Punch","Acrobatics"],"picked":"Blade Dance","floor":20},{"not_picked":["Sucker Punch","Reflex","Endless Agony"],"picked":"SKIP","floor":22},{"not_picked":["Skewer","Poisoned Stab"],"picked":"Caltrops","floor":24}],"player_experience":605514,"relics_obtained":[{"floor":7.0,"key":"Kunai"},{"floor":9.0,"key":"Ancient Tea Set"},{"floor":10.0,"key":"Mango"}],"event_choices":[{"damage_healed":0.0,"max_hp_gain":0.0,"max_hp_loss":0.0,"gold_gain":0.0,"event_name":"The Cleric","player_choice":"Leave","floor":2.0,"gold_loss":0.0,"damage_taken":0.0},{"damage_healed":0.0,"max_hp_gain":0.0,"max_hp_loss":0.0,"gold_gain":0.0,"event_name":"Living Wall","player_choice":"Grow","floor":4.0,"gold_loss":0.0,"damage_taken":0.0,"cards_upgraded":["Neutralize"]},{"damage_healed":0,"gold_gain":0,"player_choice":"2 cards matched","damage_taken":0,"max_hp_gain":0,"max_hp_loss":0,"event_name":"Match and Keep!","floor":11,"gold_loss":0,"cards_obtained":["Blade Dance","Neutralize"]}],"is_beta":false,"boss_relics":[{"not_picked":["Snecko Eye","WristBlade"],"picked":"Orrery"}],"items_purged_floors":[],"is_endless":false,"potions_floor_spawned":[7,8,13,14,16,22],"killed_by":"Book of Stabbing","ascension_level":20}