{"gold_per_floor":[109,34,34,60,71,104,104,104,186,204,233,233,245,276,288,371,383,412,424,436],"floor_reached":20,"playtime":544,"items_purged":[],"score":555,"play_id":"2d610130-9c05-45cc-8746-ddc62ce7d75f","local_time":"20190522175415","is_ascension_mode":true,"campfire_choices":[{"data":"Zap","floor":7,"key":"SMITH"},{"floor":12,"key":"REST"},{"data":"Streamline","floor":15,"key":"SMITH"}],"neow_cost":"NONE","seed_source_timestamp":2180466022186980,"circlet_count":0,"master_deck":["AscendersBane","Strike_B","Defend_B","Defend_B","Defend_B","Defend_B","Zap+1","Dualcast","Cold Snap","Cold Snap","Cold Snap","Conserve Battery","FTL","Streamline+1","Meteor Strike","Cold Snap"],"relics":["Cracked Core","NeowsBlessing","Ancient Tea Set","Vajra","Bottled Lightning","Turnip","MawBank","Philosopher\u0027s Stone"],"potions_floor_usage":[14,16,16],"damage_taken":[{"damage":0,"enemies":"Small Slimes","floor":1,"turns":1},{"damage":0,"enemies":"2 Louse","floor":5,"turns":1},{"damage":0,"enemies":"Lagavulin","floor":6,"turns":1},{"damage":5,"enemies":"Jaw Worm","floor":10,"turns":3},{"damage":30,"enemies":"Gremlin Nob","floor":11,"turns":5},{"damage":6,"enemies":"3 Louse","floor":13,"turns":3},{"damage":11,"enemies":"3 Sentries","floor":14,"turns":7},{"damage":0,"enemies":"Slime Boss","floor":16,"turns":13},{"damage":58,"enemies":"3 Byrds","floor":18,"turns":5},{"damage":2,"enemies":"Masked Bandits","floor":20,"turns":2}],"seed_played":"2160352373548012795","potions_obtained":[{"floor":5,"key":"Strength Potion"},{"floor":10,"key":"LiquidBronze"},{"floor":14,"key":"EssenceOfSteel"},{"floor":18,"key":"Weak Potion"}],"is_trial":false,"path_per_floor":["M","?","?","T","M","E","R","?","T","M","E","R","M","E","R","B",null,"M","$","?"],"character_chosen":"DEFECT","items_purchased":[],"campfire_rested":1,"item_purchase_floors":[],"current_hp_per_floor":[64,64,57,57,57,57,57,57,57,52,22,43,37,26,26,26,60,2,2,0],"gold":436,"neow_bonus":"THREE_ENEMY_KILL","is_prod":false,"is_daily":false,"chose_seed":false,"campfire_upgraded":2,"win_rate":0,"timestamp":1558562055,"path_taken":["M","?","?","?","M","E","R","?","T","M","E","R","M","E","R","BOSS","M","$","?"],"build_version":"2019-01-23","purchased_purges":0,"victory":false,"max_hp_per_floor":[71,71,71,71,71,71,71,71,71,71,71,71,71,71,71,71,71,71,71,71],"card_choices":[{"not_picked":["Consume","Hologram"],"picked":"Cold Snap","floor":1},{"not_picked":["Gash","Rebound"],"picked":"Cold Snap","floor":5},{"not_picked":["Undo","Hologram"],"picked":"Cold Snap","floor":6},{"not_picked":["BootSequence","Turbo"],"picked":"Conserve Battery","floor":10},{"not_picked":["Chaos","Fission"],"picked":"FTL","floor":11},{"not_picked":["Chill","Self Repair"],"picked":"Streamline","floor":13},{"not_picked":["Storm","Redo","Lockon"],"picked":"SKIP","floor":14},{"not_picked":["Amplify","Fission"],"picked":"Meteor Strike","floor":16},{"not_picked":["Conserve Battery","Beam Cell"],"picked":"Cold Snap","floor":18}],"player_experience":703259,"relics_obtained":[{"floor":4,"key":"Ancient Tea Set"},{"floor":6,"key":"Vajra"},{"floor":9,"key":"Bottled Lightning"},{"floor":11,"key":"Turnip"},{"floor":14,"key":"MawBank"}],"event_choices":[{"cards_removed":["Strike_B"],"damage_healed":0,"gold_gain":0,"player_choice":"Card Removal","damage_taken":0,"max_hp_gain":0,"max_hp_loss":0,"event_name":"The Cleric","floor":2,"gold_loss":75},{"cards_removed":["Strike_B"],"damage_healed":0,"gold_gain":0,"player_choice":"Card Removal","damage_taken":7,"max_hp_gain":0,"max_hp_loss":0,"event_name":"Golden Wing","floor":3,"gold_loss":0},{"cards_removed":["Strike_B"],"damage_healed":0,"gold_gain":0,"player_choice":"Offered Basic","damage_taken":0,"max_hp_gain":0,"max_hp_loss":0,"event_name":"Bonfire Elementals","floor":8,"gold_loss":0},{"damage_healed":0,"gold_gain":0,"player_choice":"Fought Bandits","damage_taken":0,"max_hp_gain":0,"max_hp_loss":0,"event_name":"Masked Bandits","floor":20,"gold_loss":0}],"is_beta":false,"boss_relics":[{"not_picked":["Runic Dome","Busted Crown"],"picked":"Philosopher\u0027s Stone"}],"items_purged_floors":[],"is_endless":false,"potions_floor_spawned":[5,10,14,18],"killed_by":"Masked Bandits","ascension_level":20}