{"gold_per_floor":[118,138,154,154,154,154,168,193,193,221,17,30,50,68,68,166,166,176,186,196,3,3,3,20,20,66,94,94,110,126,157,157,253,253,268,268,282,296,296,296,312,312,368,368,380,390,404,404,404,404],"floor_reached":51,"playtime":3038,"items_purged":[],"score":934,"play_id":"25ea3fc2-2402-4ae0-b44e-9fc635117a8a","local_time":"20180813224543","is_ascension_mode":true,"campfire_choices":[{"data":"Neutralize","floor":6.0,"key":"SMITH"},{"data":"A Thousand Cuts","floor":15.0,"key":"SMITH"},{"data":"After Image","floor":23.0,"key":"SMITH"},{"floor":32.0,"key":"REST"},{"floor":40.0,"key":"REST"},{"floor":42.0,"key":"REST"},{"data":"1","floor":44.0,"key":"LIFT"},{"floor":49.0,"key":"REST"}],"neow_cost":"","seed_source_timestamp":3201565715594844,"circlet_count":0,"master_deck":["Defend_G","Defend_G","Defend_G","Defend_G","Defend_G","Strike_G","Strike_G","Strike_G","Strike_G","Strike_G","Survivor","Neutralize+1","Leg Sweep","Dash","Flying Knee","Accuracy","Predator","A Thousand Cuts+1","Cloak And Dagger","Deadly Poison","Quick Slash","Dodge and Roll","After Image+1","Blade Dance+1","Dodge and Roll","Panache","Well Laid Plans","Caltrops","Sucker Punch","Cloak And Dagger+1","Backstab","Adrenaline","Blade Dance+1","Footwork","Madness","Madness"],"special_seed":0,"relics":["Ring of the Serpent","Bag of Preparation","Thread and Needle","Bottled Flame","Ninja Scroll","Bronze Scales","Oddly Smooth Stone","Ornamental Fan","Gremlin Horn","Busted Crown","Girya","Tiny Chest"],"potions_floor_usage":[50],"damage_taken":[{"damage":0.0,"enemies":"2 Louse","floor":1.0,"turns":5.0},{"damage":2.0,"enemies":"Cultist","floor":2.0,"turns":5.0},{"damage":0.0,"enemies":"Small Slimes","floor":3.0,"turns":3.0},{"damage":5.0,"enemies":"Exordium Thugs","floor":7.0,"turns":5.0},{"damage":0.0,"enemies":"3 Sentries","floor":8.0,"turns":8.0},{"damage":25.0,"enemies":"Lagavulin","floor":10.0,"turns":10.0},{"damage":0.0,"enemies":"Gremlin Gang","floor":12.0,"turns":4.0},{"damage":0.0,"enemies":"Large Slime","floor":13.0,"turns":5.0},{"damage":0.0,"enemies":"2 Fungi Beasts","floor":14.0,"turns":3.0},{"damage":9.0,"enemies":"The Guardian","floor":16.0,"turns":12.0},{"damage":0.0,"enemies":"Shell Parasite","floor":18.0,"turns":7.0},{"damage":7.0,"enemies":"Spheric Guardian","floor":19.0,"turns":6.0},{"damage":0.0,"enemies":"Cultist and Chosen","floor":20.0,"turns":7.0},{"damage":1.0,"enemies":"Snecko","floor":24.0,"turns":5.0},{"damage":8.0,"enemies":"Gremlin Leader","floor":27.0,"turns":8.0},{"damage":5.0,"enemies":"3 Cultists","floor":29.0,"turns":6.0},{"damage":3.0,"enemies":"Centurion and Healer","floor":30.0,"turns":8.0},{"damage":30.0,"enemies":"Slavers","floor":31.0,"turns":6.0},{"damage":36.0,"enemies":"Champ","floor":33.0,"turns":17.0},{"damage":0.0,"enemies":"Orb Walker","floor":35.0,"turns":3.0},{"damage":0.0,"floor":36.0,"turns":5.0},{"damage":9.0,"enemies":"3 Darklings","floor":37.0,"turns":5.0},{"damage":16.0,"enemies":"Spire Growth","floor":38.0,"turns":5.0},{"damage":2.0,"enemies":"Flame Bruiser 2 Orb","floor":41.0,"turns":6.0},{"damage":1.0,"enemies":"Maw","floor":45.0,"turns":7.0},{"damage":24.0,"enemies":"Transient","floor":46.0,"turns":5.0},{"damage":0.0,"enemies":"Sphere and 2 Shapes","floor":47.0,"turns":4.0},{"damage":34,"enemies":"Donu and Deca","floor":50,"turns":8}],"seed_played":"6561416507458606049","potions_obtained":[{"floor":3.0,"key":"AttackPotion"},{"floor":4.0,"key":"Explosive Potion"},{"floor":4.0,"key":"Strength Potion"},{"floor":10.0,"key":"GamblersBrew"},{"floor":13.0,"key":"SteroidPotion"},{"floor":16.0,"key":"SpeedPotion"},{"floor":24.0,"key":"FairyPotion"},{"floor":29.0,"key":"Fruit Juice"},{"floor":30.0,"key":"SpeedPotion"},{"floor":33.0,"key":"LiquidBronze"},{"floor":36.0,"key":"Weak Potion"},{"floor":37.0,"key":"FairyPotion"}],"is_trial":false,"path_per_floor":["M","M","M","?","T","R","M","E","T","E","$","M","M","M","R","B",null,"M","M","M","$","?","R","M","$","T","E","?","M","M","E","R","B",null,"M","?","M","M","?","R","M","R","T","R","M","M","M","?","R","B"],"character_chosen":"THE_SILENT","items_purchased":["Cloak And Dagger","Bronze Scales","Panache"],"campfire_rested":4,"item_purchase_floors":[11,11,21],"current_hp_per_floor":[63,61,61,61,61,61,56,56,56,31,31,31,31,31,31,22,58,58,51,51,51,51,51,50,50,50,42,42,37,39,9,31,5,58,58,58,49,33,33,55,53,75,75,75,74,50,50,41,63,29],"gold":404,"neow_bonus":"","is_prod":false,"is_daily":false,"chose_seed":false,"campfire_upgraded":3,"win_rate":0,"timestamp":1534214743,"path_taken":["M","M","M","?","?","R","M","E","T","E","$","M","M","M","R","BOSS","M","M","?","$","?","R","M","?","T","E","?","M","M","E","R","BOSS","M","?","M","M","?","R","M","R","T","R","?","M","?","?","R","BOSS"],"build_version":"2018-08-09","purchased_purges":0,"victory":true,"max_hp_per_floor":[70,70,70,70,70,70,70,70,70,70,70,70,70,70,70,70,70,70,70,70,70,70,70,70,70,70,70,70,70,75,75,75,75,75,75,75,75,75,75,75,75,75,75,75,75,75,75,75,75,75],"card_choices":[{"not_picked":["Bane","Outmaneuver"],"picked":"Leg Sweep","floor":1.0},{"not_picked":["Blade Dance","Underhanded Strike"],"picked":"Dash","floor":2.0},{"not_picked":["Grand Finale","Heel Hook"],"picked":"Flying Knee","floor":3.0},{"not_picked":["Reflex","Outmaneuver"],"picked":"Accuracy","floor":7.0},{"not_picked":["Slice","Terror"],"picked":"Predator","floor":8.0},{"not_picked":["Underhanded Strike","Well Laid Plans"],"picked":"A Thousand Cuts","floor":10.0},{"not_picked":["Prepared","Bane"],"picked":"Deadly Poison","floor":12.0},{"not_picked":["Underhanded Strike","Tactician"],"picked":"Quick Slash","floor":13.0},{"not_picked":["Dagger Throw","Backflip"],"picked":"Dodge and Roll","floor":14.0},{"not_picked":["A Thousand Cuts","Adrenaline"],"picked":"After Image","floor":16.0},{"not_picked":["Outmaneuver+1","Masterful Stab+1","PiercingWail+1"],"picked":"SKIP","floor":18.0},{"not_picked":["Deadly Poison","Reflex"],"picked":"Blade Dance+1","floor":19.0},{"not_picked":["Blade Dance","Outmaneuver"],"picked":"Dodge and Roll","floor":20.0},{"not_picked":["Deadly Poison","Catalyst+1"],"picked":"Well Laid Plans","floor":24.0},{"not_picked":["Sucker Punch","Phantasmal Killer"],"picked":"Caltrops","floor":27.0},{"not_picked":["Prepared","Skewer"],"picked":"Sucker Punch","floor":29.0},{"not_picked":["Slice+1","Deflect"],"picked":"Cloak And Dagger+1","floor":30.0},{"not_picked":["Flechettes","Poisoned Stab"],"picked":"Backstab","floor":31.0},{"not_picked":["Storm of Steel","Venomology"],"picked":"Adrenaline","floor":33.0},{"not_picked":[],"picked":"Blade Dance+1","floor":35.0},{"not_picked":[],"picked":"Footwork","floor":36.0},{"not_picked":["Choke"],"picked":"SKIP","floor":37.0},{"not_picked":["Deadly Poison+1"],"picked":"SKIP","floor":38.0},{"not_picked":["Acrobatics+1"],"picked":"SKIP","floor":41.0},{"not_picked":["Concentrate+1"],"picked":"SKIP","floor":45.0},{"not_picked":["Dagger Throw+1"],"picked":"SKIP","floor":46.0},{"not_picked":["Calculated Gamble+1"],"picked":"SKIP","floor":47.0}],"player_experience":256757,"relics_obtained":[{"floor":5.0,"key":"Bag of Preparation"},{"floor":8.0,"key":"Thread and Needle"},{"floor":9.0,"key":"Bottled Flame"},{"floor":10.0,"key":"Ninja Scroll"},{"floor":26.0,"key":"Oddly Smooth Stone"},{"floor":27.0,"key":"Ornamental Fan"},{"floor":31.0,"key":"Gremlin Horn"},{"floor":36.0,"key":"Girya"},{"floor":43.0,"key":"Tiny Chest"}],"event_choices":[{"event_name":"The Lab","player_choice":"Got Potions","floor":4.0,"damage_taken":0.0},{"event_name":"Beggar","player_choice":"Ignored","floor":22.0,"damage_taken":0.0},{"event_name":"Vampires","player_choice":"Ignored","floor":28.0,"damage_taken":0.0},{"event_name":"MindBloom","player_choice":"Fight","floor":36.0,"damage_taken":0.0},{"event_name":"Mysterious Sphere","player_choice":"Ignore","floor":39.0,"damage_taken":0.0},{"event_name":"Winding Halls","player_choice":"Embrace Madness","floor":48.0,"damage_taken":0.0}],"is_beta":false,"boss_relics":[{"not_picked":["Tiny House","Orrery"],"picked":"Ring of the Serpent"},{"not_picked":["HoveringKite","Eternal Feather"],"picked":"Busted Crown"}],"items_purged_floors":[],"is_endless":false,"potions_floor_spawned":[3,10,13,16,24,29,30,33,36,37,38],"ascension_level":6}