{"gold_per_floor":[116,116,129,129,143,143,160,192,240,240,258,5,5,32,32,32],"floor_reached":16,"playtime":278,"items_purged":[],"score":220,"play_id":"6a4a6bbb-c8bf-4fa3-b119-4c0884b81b33","local_time":"20190601201434","is_ascension_mode":true,"campfire_choices":[{"data":"Dagger Spray","floor":6.0,"key":"SMITH"},{"floor":10,"key":"REST"},{"data":"Footwork","floor":13,"key":"SMITH"},{"floor":15,"key":"REST"}],"neow_cost":"NONE","seed_source_timestamp":3052992489812784,"circlet_count":0,"master_deck":["AscendersBane","Defend_G","Defend_G","Defend_G","Defend_G","Defend_G","Strike_G","Strike_G","Strike_G+1","Strike_G","Strike_G","Survivor","Neutralize+1","Quick Slash","Skewer+1","Dagger Spray+1","Sucker Punch","Footwork+1","Blade Dance","Glass Knife","Footwork","Caltrops"],"special_seed":0,"relics":["Ring of the Snake","NeowsBlessing","Bottled Lightning","Vajra","Omamori"],"potions_floor_usage":[16],"damage_taken":[{"damage":0.0,"enemies":"2 Louse","floor":1.0,"turns":1.0},{"damage":0.0,"enemies":"Cultist","floor":3.0,"turns":1.0},{"damage":0.0,"enemies":"Small Slimes","floor":5.0,"turns":1.0},{"damage":4.0,"enemies":"3 Louse","floor":7.0,"turns":2.0},{"damage":6.0,"enemies":"Gremlin Nob","floor":8.0,"turns":3.0},{"damage":9,"enemies":"Blue Slaver","floor":11,"turns":3},{"damage":17,"enemies":"Lagavulin","floor":14,"turns":7},{"damage":48,"enemies":"Slime Boss","floor":16,"turns":7}],"seed_played":"-5272018500949075275","potions_obtained":[{"floor":3.0,"key":"AttackPotion"},{"floor":8,"key":"Energy Potion"},{"floor":11,"key":"AttackPotion"}],"is_trial":false,"path_per_floor":["M","?","M","?","M","R","M","E","T","R","M","$","R","E","R","B"],"character_chosen":"THE_SILENT","items_purchased":["Glass Knife","Footwork"],"campfire_rested":2,"item_purchase_floors":[12,12],"current_hp_per_floor":[59,59,59,39,39,39,35,29,29,48,39,39,39,22,41,0],"gold":32,"neow_bonus":"THREE_ENEMY_KILL","is_prod":false,"is_daily":false,"chose_seed":false,"campfire_upgraded":2,"win_rate":0,"timestamp":1559434474,"path_taken":["M","?","?","?","M","R","M","E","T","R","M","$","R","E","R","BOSS"],"build_version":"2019-01-23","purchased_purges":0,"victory":false,"max_hp_per_floor":[66,66,66,66,66,66,66,66,66,66,66,66,66,66,66,66],"card_choices":[{"not_picked":["Underhanded Strike","Blade Dance"],"picked":"Quick Slash","floor":1.0},{"not_picked":["Catalyst","Slice"],"picked":"Skewer","floor":3.0},{"not_picked":["Infinite Blades","Eviscerate"],"picked":"Dagger Spray","floor":5.0},{"not_picked":["Masterful Stab","Dagger Throw"],"picked":"Sucker Punch","floor":7.0},{"not_picked":["Blade Dance","All Out Attack"],"picked":"Footwork","floor":8},{"not_picked":["Acrobatics","Bane"],"picked":"Blade Dance","floor":11},{"not_picked":["Poisoned Stab","Bullet Time"],"picked":"Caltrops","floor":14}],"player_experience":724319,"relics_obtained":[{"floor":8,"key":"Bottled Lightning"},{"floor":9,"key":"Vajra"},{"floor":14,"key":"Omamori"}],"event_choices":[{"damage_healed":0.0,"max_hp_gain":0.0,"max_hp_loss":0.0,"gold_gain":0.0,"event_name":"Upgrade Shrine","player_choice":"Upgraded","floor":2.0,"gold_loss":0.0,"damage_taken":0.0,"cards_upgraded":["Neutralize"]},{"damage_healed":0.0,"max_hp_gain":0.0,"max_hp_loss":0.0,"gold_gain":0.0,"event_name":"Shining Light","player_choice":"Entered Light","floor":4.0,"gold_loss":0.0,"damage_taken":20.0,"cards_upgraded":["Strike_G","Skewer"]}],"is_beta":false,"boss_relics":[],"items_purged_floors":[],"is_endless":false,"potions_floor_spawned":[3,8,11],"killed_by":"Slime Boss","ascension_level":20}