{"gold_per_floor":[111,36,36,54,74,74,84,84,84,114,124,49,67,99,99,170,170,185,205,205,224,224,224,258,258,303,334,69,69,69,84,84,84],"floor_reached":33,"playtime":1233,"items_purged":["Strike_R","Strike_R"],"score":590,"play_id":"db5d3aec-9e0c-40f0-83ea-87c177598465","local_time":"20190404145559","is_ascension_mode":true,"campfire_choices":[{"data":"Uppercut","floor":6.0,"key":"SMITH"},{"data":"Headbutt","floor":8.0,"key":"SMITH"},{"floor":15.0,"key":"REST"},{"data":"Offering","floor":23.0,"key":"SMITH"},{"floor":25.0,"key":"REST"},{"floor":29.0,"key":"REST"},{"data":"Impervious","floor":32,"key":"SMITH"}],"neow_cost":"NONE","seed_source_timestamp":0,"circlet_count":0,"master_deck":["AscendersBane","Strike_R","Strike_R","Defend_R","Defend_R","Defend_R","Defend_R","Bash+1","Armaments+1","Headbutt+1","Uppercut+1","Clothesline+1","Armaments","Thunderclap+1","Whirlwind+1","Offering+1","Impervious+1","Iron Wave+1","Pommel Strike+1"],"special_seed":0,"relics":["Burning Blood","WingedGreaves","Molten Egg 2","Mummified Hand","Sozu","Enchiridion","Dream Catcher","Anchor","Pocketwatch","Happy Flower"],"potions_floor_usage":[],"damage_taken":[{"damage":4.0,"enemies":"2 Louse","floor":1.0,"turns":4.0},{"damage":7.0,"enemies":"Jaw Worm","floor":4.0,"turns":4.0},{"damage":1.0,"enemies":"Cultist","floor":5.0,"turns":4.0},{"damage":6.0,"enemies":"2 Fungi Beasts","floor":7.0,"turns":4.0},{"damage":24.0,"enemies":"Gremlin Nob","floor":10.0,"turns":4.0},{"damage":29.0,"enemies":"Exordium Wildlife","floor":11.0,"turns":5.0},{"damage":4.0,"enemies":"Blue Slaver","floor":13.0,"turns":4.0},{"damage":15.0,"enemies":"3 Sentries","floor":14.0,"turns":4.0},{"damage":33.0,"enemies":"Slime Boss","floor":16.0,"turns":10.0},{"damage":26.0,"enemies":"Shell Parasite","floor":18.0,"turns":3.0},{"damage":0.0,"enemies":"3 Byrds","floor":19.0,"turns":3.0},{"damage":6.0,"enemies":"Snecko","floor":21.0,"turns":3.0},{"damage":14.0,"enemies":"Gremlin Leader","floor":24.0,"turns":4.0},{"damage":18.0,"enemies":"Slavers","floor":27.0,"turns":7.0},{"damage":6,"enemies":"Snake Plant","floor":31,"turns":3},{"damage":36,"enemies":"Champ","floor":33,"turns":7}],"seed_played":"408873564794087091","potions_obtained":[{"floor":5.0,"key":"GamblersBrew"},{"floor":10.0,"key":"Strength Potion"},{"floor":11.0,"key":"Explosive Potion"},{"floor":16.0,"key":"PowerPotion"}],"is_trial":false,"path_per_floor":["M","?","?","M","M","R","M","R","T","E","M","$","M","E","R","B",null,"M","M","?","M","?","R","E","R","T","E","$","R","?","M","R","B"],"character_chosen":"IRONCLAD","items_purchased":["Happy Flower"],"campfire_rested":3,"item_purchase_floors":[28],"current_hp_per_floor":[70,70,70,69,74,74,74,74,74,56,33,33,35,26,48,21,62,42,48,27,27,27,27,19,41,41,29,29,51,51,51,51,15],"gold":84,"neow_bonus":"UPGRADE_CARD","is_prod":false,"is_daily":false,"chose_seed":false,"campfire_upgraded":4,"win_rate":0,"timestamp":1554386159,"path_taken":["M","?","?","M","?","R","M","R","T","E","M","$","M","E","R","BOSS","M","M","?","M","?","R","E","R","T","E","$","R","?","M","R","BOSS"],"build_version":"2019-01-23","purchased_purges":2,"victory":false,"max_hp_per_floor":[75,75,75,75,75,75,75,75,75,75,75,75,75,75,75,75,75,75,75,75,75,75,75,75,75,75,75,75,75,75,75,75,75],"card_choices":[{"not_picked":["Heavy Blade","Wild Strike"],"picked":"Armaments","floor":1.0},{"not_picked":["Havoc","True Grit"],"picked":"Headbutt","floor":4.0},{"not_picked":["Warcry","Thunderclap"],"picked":"Uppercut","floor":5.0},{"not_picked":["Thunderclap","Clash","Disarm"],"picked":"SKIP","floor":7.0},{"not_picked":["Demon Form","Pommel Strike"],"picked":"Clothesline","floor":10.0},{"not_picked":["Sword Boomerang+1","Entrench"],"picked":"Armaments","floor":11.0},{"not_picked":["Heavy Blade+1","True Grit"],"picked":"Thunderclap+1","floor":13.0},{"not_picked":["Entrench","Body Slam+1"],"picked":"Whirlwind+1","floor":14.0},{"not_picked":["Brutality","Berserk"],"picked":"Offering","floor":16.0},{"not_picked":["Hemokinesis+1","Headbutt+1","Havoc"],"picked":"SKIP","floor":18.0},{"not_picked":["True Grit","Heavy Blade+1","Battle Trance"],"picked":"SKIP","floor":19.0},{"not_picked":["Clash+1","Combust","Twin Strike+1"],"picked":"SKIP","floor":21.0},{"not_picked":["Wild Strike+1","Clash+1","Thunderclap+1"],"picked":"SKIP","floor":24.0},{"not_picked":["Dual Wield+1","Uppercut+1"],"picked":"Impervious","floor":25.0},{"not_picked":["Entrench","Battle Trance"],"picked":"Iron Wave+1","floor":27.0},{"not_picked":["Shrug It Off","Warcry"],"picked":"Pommel Strike+1","floor":29.0},{"not_picked":["Armaments","Heavy Blade+1","Wild Strike+1"],"picked":"SKIP","floor":31}],"player_experience":1291013,"relics_obtained":[{"floor":9.0,"key":"WingedGreaves"},{"floor":10.0,"key":"Molten Egg 2"},{"floor":14.0,"key":"Mummified Hand"},{"floor":20.0,"key":"Enchiridion"},{"floor":24.0,"key":"Dream Catcher"},{"floor":26.0,"key":"Anchor"},{"floor":27.0,"key":"Pocketwatch"}],"event_choices":[{"cards_removed":["Strike_R"],"damage_healed":0.0,"max_hp_gain":0.0,"max_hp_loss":0.0,"gold_gain":0.0,"event_name":"The Cleric","player_choice":"Card Removal","floor":2.0,"gold_loss":75.0,"damage_taken":0.0},{"damage_healed":0.0,"max_hp_gain":0.0,"max_hp_loss":0.0,"gold_gain":0.0,"event_name":"Living Wall","player_choice":"Grow","floor":3.0,"gold_loss":0.0,"damage_taken":0.0,"cards_upgraded":["Armaments"]},{"damage_healed":0.0,"max_hp_gain":0.0,"max_hp_loss":0.0,"gold_gain":0.0,"event_name":"Cursed Tome","player_choice":"Obtained Book","floor":20.0,"gold_loss":0.0,"damage_taken":21.0},{"damage_healed":0.0,"max_hp_gain":0.0,"max_hp_loss":0.0,"gold_gain":0.0,"event_name":"The Mausoleum","player_choice":"Ignored","floor":22.0,"gold_loss":0.0,"damage_taken":0.0}],"is_beta":false,"boss_relics":[{"not_picked":["Pandora\u0027s Box","Empty Cage"],"picked":"Sozu"}],"items_purged_floors":[12,28],"is_endless":false,"potions_floor_spawned":[5,10,11,13,16,19,21,24],"killed_by":"Champ","ascension_level":20}