{"gold_per_floor":[111,125,140,156,173,198,198,225,225,235,235,310,310,310,310,404,404,422,422,32,32,46,46,89,104,128,151,151,184,109,128,128,128],"floor_reached":33,"playtime":957,"items_purged":["Strike_G"],"score":640,"play_id":"f5ed51c6-4d79-4339-8ab9-c20709f1a63f","local_time":"20190615220815","is_ascension_mode":true,"campfire_choices":[{"data":"Choke","floor":7.0,"key":"SMITH"},{"data":"Eviscerate","floor":11.0,"key":"SMITH"},{"data":"Eviscerate","floor":13.0,"key":"SMITH"},{"floor":15.0,"key":"REST"},{"floor":23.0,"key":"REST"},{"floor":28,"key":"REST"},{"floor":32,"key":"REST"}],"neow_cost":"NONE","seed_source_timestamp":134554031734299,"circlet_count":0,"master_deck":["AscendersBane","Defend_G+1","Defend_G","Defend_G","Defend_G+1","Defend_G","Strike_G","Survivor","Neutralize","Skewer","Sucker Punch","Eviscerate+1","All Out Attack","Choke+1","Predator","Eviscerate+1","Storm of Steel","Caltrops","Glass Knife"],"special_seed":0,"relics":["Snecko Eye","Anchor","War Paint","Golden Idol","Empty Cage","Calipers","Happy Flower","Lantern","Pen Nib","Ornamental Fan"],"potions_floor_usage":[24,29],"damage_taken":[{"damage":0.0,"enemies":"Cultist","floor":1.0,"turns":4.0},{"damage":2.0,"enemies":"2 Louse","floor":2.0,"turns":3.0},{"damage":3.0,"enemies":"Small Slimes","floor":3.0,"turns":2.0},{"damage":0.0,"enemies":"Exordium Wildlife","floor":4.0,"turns":1.0},{"damage":4.0,"enemies":"Blue Slaver","floor":5.0,"turns":5.0},{"damage":6.0,"enemies":"Gremlin Nob","floor":6.0,"turns":4.0},{"damage":0.0,"enemies":"3 Sentries","floor":8.0,"turns":4.0},{"damage":0.0,"enemies":"2 Fungi Beasts","floor":10.0,"turns":3.0},{"damage":30.0,"enemies":"Slime Boss","floor":16.0,"turns":10.0},{"damage":15.0,"enemies":"Shell Parasite","floor":18.0,"turns":4.0},{"damage":11.0,"enemies":"2 Thieves","floor":22.0,"turns":3.0},{"damage":31,"enemies":"Slavers","floor":24,"turns":4},{"damage":0,"enemies":"Centurion and Healer","floor":25,"turns":4},{"damage":25,"enemies":"Gremlin Leader","floor":29,"turns":4},{"damage":0,"enemies":"3 Cultists","floor":31,"turns":3},{"damage":42,"enemies":"Collector","floor":33,"turns":3}],"seed_played":"4831002300313639825","potions_obtained":[{"floor":2.0,"key":"Block Potion"},{"floor":3.0,"key":"Block Potion"},{"floor":8.0,"key":"SpeedPotion"},{"floor":10.0,"key":"SpeedPotion"},{"floor":18.0,"key":"Regen Potion"},{"floor":24,"key":"Swift Potion"}],"is_trial":false,"path_per_floor":["M","M","M","M","M","E","R","E","T","M","R","?","R","?","R","B",null,"M","?","$","?","M","R","E","M","T","T","R","E","?","M","R","B"],"character_chosen":"THE_SILENT","items_purchased":["Calipers"],"campfire_rested":4,"item_purchase_floors":[20],"current_hp_per_floor":[59,57,54,54,50,44,44,44,44,44,44,33,33,33,51,21,50,35,35,35,35,24,42,23,23,23,23,41,16,16,16,34,0],"gold":128,"neow_bonus":"BOSS_RELIC","is_prod":false,"is_daily":false,"chose_seed":false,"campfire_upgraded":3,"win_rate":0,"timestamp":1560632895,"path_taken":["M","M","M","M","M","E","R","E","T","M","R","?","R","?","R","BOSS","M","?","$","?","M","R","E","M","T","?","R","E","?","M","R","BOSS"],"build_version":"2019-01-23","purchased_purges":1,"victory":false,"max_hp_per_floor":[66,66,66,66,66,66,66,66,66,66,66,66,66,60,60,60,60,60,60,60,60,60,60,60,60,60,60,60,60,60,60,60,60],"card_choices":[{"not_picked":["Deflect","Caltrops"],"picked":"Skewer","floor":1.0},{"not_picked":["Deflect","Reflex"],"picked":"Sucker Punch","floor":2.0},{"not_picked":["Masterful Stab","Concentrate"],"picked":"Eviscerate","floor":3.0},{"not_picked":["Dagger Spray","PiercingWail","Reflex"],"picked":"SKIP","floor":4.0},{"not_picked":["Backflip","Dagger Throw"],"picked":"All Out Attack","floor":5.0},{"not_picked":["Deflect","Blade Dance"],"picked":"Choke","floor":6.0},{"not_picked":["Infinite Blades","Underhanded Strike"],"picked":"Predator","floor":8.0},{"not_picked":["Reflex","Slice"],"picked":"Eviscerate","floor":10.0},{"not_picked":["Doppelganger","Envenom"],"picked":"Storm of Steel","floor":16.0},{"not_picked":["Dodge and Roll","Poisoned Stab","Deflect"],"picked":"SKIP","floor":18.0},{"not_picked":["Flying Knee","Well Laid Plans"],"picked":"Caltrops","floor":22.0},{"not_picked":["Sucker Punch","Poisoned Stab","PiercingWail"],"picked":"SKIP","floor":24},{"not_picked":["Caltrops","Bane","Endless Agony+1"],"picked":"SKIP","floor":25},{"not_picked":["Catalyst","Bane"],"picked":"Glass Knife","floor":29},{"not_picked":["Well Laid Plans","Dodge and Roll","Quick Slash"],"picked":"SKIP","floor":31}],"player_experience":1460820,"relics_obtained":[{"floor":6.0,"key":"Anchor"},{"floor":9.0,"key":"War Paint"},{"floor":24,"key":"Happy Flower"},{"floor":26,"key":"Lantern"},{"floor":27,"key":"Pen Nib"},{"floor":29,"key":"Ornamental Fan"}],"event_choices":[{"damage_healed":0.0,"max_hp_gain":0.0,"max_hp_loss":0.0,"gold_gain":75.0,"event_name":"World of Goop","player_choice":"Gather Gold","floor":12.0,"gold_loss":0.0,"damage_taken":11.0},{"damage_healed":0.0,"max_hp_gain":0.0,"max_hp_loss":6.0,"gold_gain":0.0,"event_name":"Golden Idol","player_choice":"Lose Max HP","floor":14.0,"gold_loss":0.0,"damage_taken":0.0,"relics_obtained":["Golden Idol"]},{"damage_healed":0.0,"max_hp_gain":0.0,"max_hp_loss":0.0,"gold_gain":0.0,"event_name":"Ghosts","player_choice":"Ignored","floor":19.0,"gold_loss":0.0,"damage_taken":0.0},{"damage_healed":0.0,"max_hp_gain":0.0,"max_hp_loss":0.0,"gold_gain":0.0,"event_name":"Vampires","player_choice":"Ignored","floor":21.0,"gold_loss":0.0,"damage_taken":0.0},{"cards_removed":["Strike_G"],"damage_healed":0,"gold_gain":0,"player_choice":"Gave Gold","damage_taken":0,"max_hp_gain":0,"max_hp_loss":0,"event_name":"Beggar","floor":30,"gold_loss":75}],"is_beta":false,"boss_relics":[{"not_picked":["Ectoplasm","Calling Bell"],"picked":"Empty Cage"}],"items_purged_floors":[20],"is_endless":false,"potions_floor_spawned":[2,3,8,10,16,18,24],"killed_by":"Collector","ascension_level":20}