{"gold_per_floor":[109,109,50,50,50,85,85,99,99,125,125,125,125,68,68,158,158,183,98,23,23,23,23,23,23,23,39,68,68,79,89,89,89],"floor_reached":33,"playtime":778,"items_purged":[],"score":564,"play_id":"18448981-5573-4c20-8357-82b04540e1da","local_time":"20190711130946","is_ascension_mode":true,"campfire_choices":[{"data":"Zap","floor":7,"key":"SMITH"},{"data":"1","floor":12,"key":"LIFT"},{"data":"Scrape","floor":15,"key":"SMITH"},{"data":"Strike_B","floor":23,"key":"PURGE"},{"data":"2","floor":25,"key":"LIFT"},{"floor":29,"key":"REST"},{"floor":32,"key":"REST"}],"neow_cost":"NONE","seed_source_timestamp":104923108716100,"circlet_count":0,"master_deck":["AscendersBane","Strike_B+1","Defend_B","Defend_B","Defend_B","Defend_B","Zap+1","Dualcast+1","Scrape+1","Beam Cell","Beam Cell","Go for the Eyes","Gash","All For One","Go for the Eyes","Skim+1","Hologram+1"],"relics":["FrozenCore","NeowsBlessing","Bag of Marbles","Strawberry","Girya","Juzu Bracelet","Bloody Idol","Peace Pipe","PreservedInsect"],"potions_floor_usage":[28,28],"damage_taken":[{"damage":0,"enemies":"2 Louse","floor":1,"turns":1},{"damage":0,"enemies":"Gremlin Nob","floor":6,"turns":1},{"damage":0,"enemies":"Small Slimes","floor":8,"turns":1},{"damage":22,"enemies":"Slime Boss","floor":16,"turns":8},{"damage":0,"enemies":"Chosen","floor":18,"turns":3},{"damage":8,"enemies":"3 Byrds","floor":27,"turns":5},{"damage":41,"enemies":"Gremlin Leader","floor":28,"turns":7},{"damage":14,"enemies":"Snecko","floor":30,"turns":4},{"damage":13,"enemies":"Shelled Parasite and Fungi","floor":31,"turns":4},{"damage":52,"enemies":"Champ","floor":33,"turns":7}],"seed_played":"8118296839576404443","potions_obtained":[{"floor":1,"key":"Dexterity Potion"},{"floor":8,"key":"Weak Potion"},{"floor":27,"key":"AttackPotion"},{"floor":28,"key":"Weak Potion"},{"floor":30,"key":"Explosive Potion"}],"is_trial":false,"path_per_floor":["M","?","$","?","?","E","R","M","T","T","?","R","?","$","R","B",null,"M","?","?","$","?","R","$","R","T","M","E","R","M","M","R","B"],"character_chosen":"DEFECT","items_purchased":["Beam Cell","Gash"],"campfire_rested":2,"item_purchase_floors":[3,14],"current_hp_per_floor":[64,57,57,46,25,32,32,32,32,32,32,32,32,32,32,10,61,61,61,61,61,61,61,61,61,61,58,22,45,36,28,51,0],"gold":89,"neow_bonus":"THREE_ENEMY_KILL","is_prod":false,"is_daily":false,"chose_seed":false,"campfire_upgraded":2,"win_rate":0,"timestamp":1562875786,"path_taken":["M","?","$","?","?","E","R","M","T","?","?","R","?","$","R","BOSS","M","?","?","?","?","R","$","R","T","M","E","R","M","M","R","BOSS"],"build_version":"2019-07-05","purchased_purges":0,"victory":false,"max_hp_per_floor":[71,71,71,71,71,78,78,78,78,78,78,78,78,78,78,78,78,78,78,78,78,78,78,78,78,78,78,78,78,78,78,78,78],"card_choices":[{"not_picked":["Conserve Battery","Steam"],"picked":"Scrape","floor":1},{"not_picked":["Ball Lightning","Turbo"],"picked":"Beam Cell","floor":6},{"not_picked":["Lockon","Turbo"],"picked":"Go for the Eyes","floor":8},{"not_picked":["Hyperbeam","Amplify"],"picked":"All For One","floor":16},{"not_picked":["Streamline","Force Field","Sweeping Beam"],"picked":"SKIP","floor":18},{"not_picked":["Self Repair","Consume"],"picked":"Go for the Eyes","floor":27},{"not_picked":["Scrape","Coolheaded","Self Repair"],"picked":"SKIP","floor":28},{"not_picked":["BootSequence","Turbo"],"picked":"Skim+1","floor":30},{"not_picked":["Self Repair","Cold Snap"],"picked":"Hologram+1","floor":31}],"player_experience":1270257,"relics_obtained":[{"floor":6,"key":"Strawberry"},{"floor":9,"key":"Girya"},{"floor":10,"key":"Juzu Bracelet"},{"floor":28,"key":"PreservedInsect"}],"event_choices":[{"cards_removed":["Strike_B"],"damage_healed":0,"gold_gain":0,"player_choice":"Card Removal","damage_taken":7,"max_hp_gain":0,"max_hp_loss":0,"event_name":"Golden Wing","floor":2,"gold_loss":0},{"damage_healed":0,"gold_gain":0,"player_choice":"Success","damage_taken":11,"relics_obtained":["Bag of Marbles"],"max_hp_gain":0,"max_hp_loss":0,"event_name":"Scrap Ooze","floor":4,"gold_loss":0},{"damage_healed":0,"gold_gain":0,"player_choice":"Entered Light","damage_taken":21,"max_hp_gain":0,"max_hp_loss":0,"event_name":"Shining Light","floor":5,"gold_loss":0,"cards_upgraded":["Dualcast","Strike_B"]},{"damage_healed":0,"gold_gain":0,"player_choice":"Take Wound","damage_taken":0,"relics_obtained":["Golden Idol"],"max_hp_gain":0,"max_hp_loss":0,"event_name":"Golden Idol","floor":11,"gold_loss":0,"cards_obtained":["Injury"]},{"cards_removed":["Injury"],"damage_healed":0,"gold_gain":0,"player_choice":"Purged","damage_taken":0,"max_hp_gain":0,"max_hp_loss":0,"event_name":"Purifier","floor":13,"gold_loss":0},{"damage_healed":0,"gold_gain":0,"player_choice":"Obtained Relic","damage_taken":0,"relics_obtained":["Peace Pipe"],"max_hp_gain":0,"max_hp_loss":0,"event_name":"Addict","floor":19,"gold_loss":85},{"cards_removed":["Strike_B"],"damage_healed":0,"gold_gain":0,"player_choice":"Gave Gold","damage_taken":0,"max_hp_gain":0,"max_hp_loss":0,"event_name":"Beggar","floor":20,"gold_loss":75},{"damage_healed":0,"gold_gain":0,"player_choice":"Gave Idol","damage_taken":0,"relics_obtained":["Bloody Idol"],"max_hp_gain":0,"max_hp_loss":0,"event_name":"Forgotten Altar","floor":22,"relics_lost":["Golden Idol"],"gold_loss":0}],"is_beta":false,"boss_relics":[{"not_picked":["Black Star","Calling Bell"],"picked":"FrozenCore"}],"items_purged_floors":[],"is_endless":false,"potions_floor_spawned":[1,8,27,28,30],"killed_by":"Champ","ascension_level":20}