{"gold_per_floor":[115,127,92,92,10,35,35,50,50,50,50,68,87,98,98,98],"floor_reached":16,"playtime":656,"items_purged":[],"score":153,"play_id":"9caf1dc3-6cdf-48ce-8d6b-933b57236010","local_time":"20180905215718","is_ascension_mode":true,"campfire_choices":[{"data":"Neutralize","floor":7,"key":"SMITH"},{"data":"After Image","floor":10,"key":"SMITH"},{"floor":15,"key":"REST"}],"neow_cost":"NONE","seed_source_timestamp":5187817870245248,"circlet_count":0,"master_deck":["Defend_G","Defend_G","Defend_G","Defend_G","Defend_G","Strike_G","Strike_G","Strike_G","Strike_G","Strike_G","Survivor","Neutralize+1","AscendersBane","Quick Slash","Blade Dance","Dash","After Image+1","PiercingWail","Backflip","Sucker Punch","Heel Hook"],"special_seed":0,"relics":["Ring of the Snake","Ancient Tea Set","Darkstone Periapt","Oddly Smooth Stone"],"potions_floor_usage":[6,16],"damage_taken":[{"damage":5.0,"enemies":"Cultist","floor":1.0,"turns":5.0},{"damage":0.0,"enemies":"Small Slimes","floor":2.0,"turns":5.0},{"damage":30,"enemies":"Gremlin Nob","floor":6,"turns":5},{"damage":0,"enemies":"2 Louse","floor":8,"turns":3},{"damage":0,"enemies":"Red Slaver","floor":12,"turns":3},{"damage":21,"enemies":"Gremlin Gang","floor":13,"turns":7},{"damage":0,"enemies":"Lots of Slimes","floor":14,"turns":6},{"damage":37,"enemies":"Hexaghost","floor":16,"turns":14}],"seed_played":"-2970885121502328060","potions_obtained":[{"floor":2.0,"key":"Poison Potion"},{"floor":12,"key":"Poison Potion"},{"floor":13,"key":"Swift Potion"},{"floor":14,"key":"Strength Potion"}],"is_trial":false,"path_per_floor":["M","M","?","?","$","E","R","M","T","R","?","M","M","M","R"],"character_chosen":"THE_SILENT","items_purchased":["Dash"],"campfire_rested":1,"item_purchase_floors":[5],"current_hp_per_floor":[58,58,70,70,70,40,40,40,40,40,33,33,12,12,33,0],"gold":98,"neow_bonus":"RANDOM_COMMON_RELIC","is_prod":false,"is_daily":false,"chose_seed":false,"campfire_upgraded":2,"win_rate":0,"timestamp":1536199038,"path_taken":["M","M","?","?","$","E","R","M","T","R","?","M","?","M","R","BOSS"],"build_version":"2018-08-30","purchased_purges":0,"victory":false,"max_hp_per_floor":[70,70,70,70,70,70,70,70,70,70,70,70,70,70,70,70],"card_choices":[{"not_picked":["Terror","Deflect"],"picked":"Quick Slash","floor":1.0},{"not_picked":["Dagger Throw","Bane"],"picked":"Blade Dance","floor":2.0},{"not_picked":["Blade Dance","Bane"],"picked":"After Image","floor":6},{"not_picked":["Masterful Stab","Sucker Punch"],"picked":"PiercingWail","floor":8},{"not_picked":["Outmaneuver","Acrobatics"],"picked":"Backflip","floor":12},{"not_picked":["Escape Plan","Deflect"],"picked":"Sucker Punch","floor":13},{"not_picked":["Dagger Spray","Quick Slash"],"picked":"Heel Hook","floor":14}],"player_experience":319832,"relics_obtained":[{"floor":6,"key":"Darkstone Periapt"},{"floor":9,"key":"Oddly Smooth Stone"}],"event_choices":[{"event_name":"The Cleric","player_choice":"Healed","floor":3.0,"damage_taken":0.0},{"event_name":"Liars Game","player_choice":"disagreed","floor":4.0,"damage_taken":0.0},{"event_name":"Wheel of Change","player_choice":"Damage","floor":11,"damage_taken":0}],"is_beta":false,"boss_relics":[],"items_purged_floors":[],"is_endless":false,"potions_floor_spawned":[2,12,13,14],"killed_by":"Hexaghost","ascension_level":10}