{"gold_per_floor":[114,114,129,28,43,43,58,73,148,148,163,163,178,193,193,293,293,308,37,52,52,67,67,82,82,107,122,122,152,167,266,266,366,366,381,341,356,456,156,156,0,15,65,65,65],"floor_reached":46,"playtime":1684,"items_purged":["Strike_B","Defend_B"],"score":709,"play_id":"2956b654-d32f-4bf8-bd6a-310ebd8d91f6","local_time":"20190112171915","daily_mods":["Allstar","Vintage","Terminal"],"is_ascension_mode":false,"campfire_choices":[{"data":"Dualcast","floor":6,"key":"SMITH"},{"data":"Jack Of All Trades","floor":12,"key":"SMITH"},{"data":"Blind","floor":15,"key":"SMITH"},{"data":"Reboot","floor":23,"key":"SMITH"},{"data":"Zap","floor":28,"key":"SMITH"},{"floor":32,"key":"REST"},{"floor":40,"key":"DIG"}],"neow_cost":"","seed_source_timestamp":228200077775670,"circlet_count":0,"master_deck":["Strike_B","Strike_B","Defend_B+1","Defend_B+1","Defend_B+1","Zap+1","Dualcast+1","Enlightenment","Dramatic Entrance","Blind+1","Jack Of All Trades+1","Dramatic Entrance","Force Field+1","Streamline+1","Reboot+1","Melter+1","Amplify","Sweeping Beam"],"special_seed":17909,"relics":["Cracked Core","Bronze Scales","Anchor","Symbiotic Virus","Ornamental Fan","Omamori","Sundial","Matryoshka","War Paint","Vajra","Philosopher\u0027s Stone","Mango","Runic Capacitor","Dodecahedron","Whetstone","Oddly Smooth Stone","Frozen Egg 2","Blood Vial","Ancient Tea Set","Pen Nib","Calipers","Runic Pyramid","Gremlin Horn","Bottled Lightning","Shovel","Sling","Juzu Bracelet","Red Mask","Strawberry","Lantern","Regal Pillow"],"potions_floor_usage":[18,45],"damage_taken":[{"damage":0,"enemies":"Small Slimes","floor":1,"turns":2},{"damage":0,"enemies":"Cultist","floor":3,"turns":3},{"damage":0,"enemies":"2 Louse","floor":5,"turns":2},{"damage":0,"enemies":"Gremlin Gang","floor":7,"turns":3},{"damage":0,"enemies":"2 Fungi Beasts","floor":8,"turns":2},{"damage":0,"enemies":"Blue Slaver","floor":11,"turns":2},{"damage":0,"enemies":"Exordium Thugs","floor":13,"turns":3},{"damage":0,"enemies":"Looter","floor":14,"turns":2},{"damage":26,"enemies":"Slime Boss","floor":16,"turns":9},{"damage":4,"enemies":"2 Thieves","floor":18,"turns":4},{"damage":0,"enemies":"3 Byrds","floor":20,"turns":4},{"damage":7,"enemies":"Snake Plant","floor":22,"turns":3},{"damage":0,"enemies":"Cultist and Chosen","floor":24,"turns":4},{"damage":0,"enemies":"Shelled Parasite and Fungi","floor":27,"turns":3},{"damage":11,"enemies":"Book of Stabbing","floor":29,"turns":5},{"damage":3,"enemies":"Centurion and Healer","floor":30,"turns":4},{"damage":4,"enemies":"Champ","floor":33,"turns":9},{"damage":0,"enemies":"3 Shapes","floor":35,"turns":3},{"damage":0,"enemies":"3 Darklings","floor":37,"turns":4},{"damage":0,"enemies":"Mind Bloom Boss Battle","floor":38,"turns":4},{"damage":7,"enemies":"4 Shapes","floor":42,"turns":3},{"damage":39,"enemies":"Awakened One","floor":45,"turns":12}],"seed_played":"-9145318416937267474","potions_obtained":[{"floor":3,"key":"Poison Potion"},{"floor":5,"key":"Energy Potion"},{"floor":11,"key":"Weak Potion"},{"floor":24,"key":"SmokeBomb"}],"is_trial":false,"path_per_floor":["M","?","M","$","M","R","M","M","T","?","M","R","M","M","R","B",null,"M","$","M","?","M","R","M","$","T","M","R","E","M","?","R","B",null,"M","?","M","?","$","R","?","M","T","?","B",null],"character_chosen":"DEFECT","items_purchased":["Streamline","Runic Capacitor","Melter","Sling"],"campfire_rested":1,"item_purchase_floors":[4,19,19,39],"current_hp_per_floor":[73,72,71,70,69,68,67,66,65,59,59,59,59,59,59,33,57,67,67,67,67,60,60,60,60,60,61,60,49,48,48,56,52,54,53,52,51,50,49,48,47,47,47,47,10],"gold":65,"neow_bonus":"","is_prod":false,"is_daily":true,"chose_seed":false,"campfire_upgraded":5,"win_rate":0.0,"timestamp":1547342355,"path_taken":["M","?","?","$","M","R","M","M","T","?","M","R","?","M","R","BOSS","M","$","M","?","M","R","M","$","T","M","R","E","M","?","R","BOSS","M","?","?","?","$","R","?","M","T","?","BOSS"],"build_version":"2019-01-10","purchased_purges":2,"victory":true,"max_hp_per_floor":[73,72,71,70,69,68,67,66,65,64,63,62,61,60,59,58,57,70,69,68,67,66,65,64,63,62,61,60,59,58,57,56,55,54,53,52,51,50,49,48,47,53,52,51,50],"card_choices":[{"not_picked":["Biased Cognition","Machine Learning"],"picked":"Reboot","floor":16},{"not_picked":["Rip and Tear+1","Melter","Sunder"],"picked":"SKIP","floor":29},{"not_picked":["Electrodynamics+1","Reboot"],"picked":"Amplify","floor":33},{"not_picked":["Redo","Blizzard+1"],"picked":"Sweeping Beam","floor":38}],"player_experience":124502,"relics_obtained":[{"floor":1,"key":"Bronze Scales"},{"floor":3,"key":"Anchor"},{"floor":5,"key":"Symbiotic Virus"},{"floor":7,"key":"Ornamental Fan"},{"floor":8,"key":"Omamori"},{"floor":9,"key":"Sundial"},{"floor":11,"key":"Matryoshka"},{"floor":13,"key":"War Paint"},{"floor":14,"key":"Vajra"},{"floor":18,"key":"Mango"},{"floor":20,"key":"Dodecahedron"},{"floor":22,"key":"Whetstone"},{"floor":24,"key":"Oddly Smooth Stone"},{"floor":26,"key":"Frozen Egg 2"},{"floor":26,"key":"Blood Vial"},{"floor":27,"key":"Ancient Tea Set"},{"floor":29,"key":"Pen Nib"},{"floor":30,"key":"Calipers"},{"floor":35,"key":"Gremlin Horn"},{"floor":37,"key":"Bottled Lightning"},{"floor":38,"key":"Shovel"},{"floor":40,"key":"Juzu Bracelet"},{"floor":42,"key":"Strawberry"},{"floor":43,"key":"Lantern"},{"floor":43,"key":"Regal Pillow"}],"event_choices":[{"damage_healed":0,"gold_gain":0,"cards_transformed":["Strike_B"],"player_choice":"Transformed","damage_taken":0,"max_hp_gain":0,"max_hp_loss":0,"event_name":"Transmorgrifier","floor":2,"gold_loss":0,"cards_obtained":["Force Field"]},{"damage_healed":0,"gold_gain":0,"player_choice":"Damaged","damage_taken":6,"max_hp_gain":0,"max_hp_loss":0,"event_name":"Wheel of Change","floor":10,"gold_loss":0},{"damage_healed":0,"gold_gain":0,"player_choice":"Ignored","damage_taken":0,"max_hp_gain":0,"max_hp_loss":0,"event_name":"Vampires","floor":21,"gold_loss":0},{"damage_healed":0,"gold_gain":99,"player_choice":"Stole From Cult","damage_taken":0,"max_hp_gain":0,"max_hp_loss":0,"event_name":"Nest","floor":31,"gold_loss":0},{"damage_healed":0,"gold_gain":0,"player_choice":"Upgraded Two","damage_taken":0,"max_hp_gain":0,"max_hp_loss":0,"event_name":"Designer","floor":36,"gold_loss":40,"cards_upgraded":["Force Field","Defend_B"]},{"damage_healed":0,"gold_gain":0,"player_choice":"Fight","damage_taken":0,"max_hp_gain":0,"max_hp_loss":0,"event_name":"MindBloom","floor":38,"gold_loss":0},{"damage_healed":0,"gold_gain":0,"player_choice":"Paid","damage_taken":0,"relics_obtained":["Red Mask"],"max_hp_gain":0,"max_hp_loss":0,"event_name":"Tomb of Lord Red Mask","floor":41,"gold_loss":156},{"damage_healed":0,"gold_gain":0,"player_choice":"Took Portal","damage_taken":0,"max_hp_gain":0,"max_hp_loss":0,"event_name":"SecretPortal","floor":44,"gold_loss":0}],"is_beta":false,"boss_relics":[{"not_picked":["Nuclear Battery","Busted Crown"],"picked":"Philosopher\u0027s Stone"},{"not_picked":["Coffee Dripper","Lizard Tail"],"picked":"Runic Pyramid"}],"items_purged_floors":[4,39],"is_endless":false,"potions_floor_spawned":[3,5,11,16,24,29,30,33,38],"ascension_level":0}