{"gold_per_floor":[118,118,128,128,141,141,141,141,141,66,95,121,158,187,199,211],"floor_reached":16,"playtime":401,"items_purged":["Decay"],"score":209,"play_id":"916635b5-fecb-4bbb-85fe-6cc27fae6b5f","local_time":"20190304221321","is_ascension_mode":true,"campfire_choices":[{"data":"Uppercut","floor":6.0,"key":"SMITH"},{"data":"Pommel Strike","floor":8.0,"key":"SMITH"},{"floor":15,"key":"REST"}],"neow_cost":"NONE","seed_source_timestamp":6340441221644719,"circlet_count":0,"master_deck":["AscendersBane","Strike_R","Strike_R","Strike_R","Strike_R","Strike_R","Defend_R","Defend_R","Defend_R","Defend_R","Bash+1","Clothesline+1","Pommel Strike+1","Uppercut+1","Clothesline","Offering","Blood for Blood","Headbutt"],"special_seed":0,"relics":["Burning Blood","NeowsBlessing","Bottled Flame","MawBank","Pen Nib"],"potions_floor_usage":[11,11,16],"damage_taken":[{"damage":0.0,"enemies":"Small Slimes","floor":1.0,"turns":1.0},{"damage":0.0,"enemies":"Jaw Worm","floor":3.0,"turns":1.0},{"damage":0.0,"enemies":"Cultist","floor":5.0,"turns":1.0},{"damage":40,"enemies":"3 Sentries","floor":11,"turns":7},{"damage":8,"enemies":"Blue Slaver","floor":12,"turns":5},{"damage":31,"enemies":"Lagavulin","floor":13,"turns":6},{"damage":11,"enemies":"Red Slaver","floor":14,"turns":2},{"damage":32,"enemies":"The Guardian","floor":16,"turns":9}],"seed_played":"5989994398992690059","potions_obtained":[{"floor":1.0,"key":"SneckoOil"},{"floor":5.0,"key":"PowerPotion"},{"floor":13,"key":"Energy Potion"}],"is_trial":false,"path_per_floor":["M","?","M","?","M","R","?","R","T","$","E","M","E","M","R","B"],"character_chosen":"IRONCLAD","items_purchased":[],"campfire_rested":1,"item_purchase_floors":[],"current_hp_per_floor":[74,74,75,75,75,75,75,75,75,75,41,39,14,9,31,0],"gold":211,"neow_bonus":"THREE_ENEMY_KILL","is_prod":false,"is_daily":false,"chose_seed":false,"campfire_upgraded":2,"win_rate":0,"timestamp":1551755601,"path_taken":["M","?","M","?","?","R","?","R","T","$","E","?","E","M","R","BOSS"],"build_version":"2019-01-23","purchased_purges":1,"victory":false,"max_hp_per_floor":[75,75,75,75,75,75,75,75,75,75,75,75,75,75,75,75],"card_choices":[{"not_picked":["Reckless Charge","Perfected Strike"],"picked":"Clothesline","floor":1.0},{"not_picked":["Second Wind","Clothesline"],"picked":"Pommel Strike","floor":3.0},{"not_picked":["Body Slam","Wild Strike"],"picked":"Uppercut","floor":5.0},{"not_picked":["Wild Strike","Iron Wave"],"picked":"Clothesline","floor":11},{"not_picked":["Warcry","Anger"],"picked":"Offering","floor":12},{"not_picked":["Rupture","Brutality"],"picked":"Blood for Blood","floor":13},{"not_picked":["Searing Blow","Cleave"],"picked":"Headbutt","floor":14}],"player_experience":581052,"relics_obtained":[{"floor":9.0,"key":"Bottled Flame"},{"floor":11,"key":"MawBank"},{"floor":13,"key":"Pen Nib"}],"event_choices":[{"damage_healed":0.0,"max_hp_gain":0.0,"max_hp_loss":0.0,"gold_gain":0.0,"event_name":"Living Wall","player_choice":"Grow","floor":2.0,"gold_loss":0.0,"damage_taken":0.0,"cards_upgraded":["Bash"]},{"damage_healed":0.0,"max_hp_gain":0.0,"max_hp_loss":0.0,"gold_gain":0.0,"event_name":"Upgrade Shrine","player_choice":"Upgraded","floor":4.0,"gold_loss":0.0,"damage_taken":0.0,"cards_upgraded":["Clothesline"]},{"damage_healed":0.0,"max_hp_gain":0.0,"max_hp_loss":0.0,"gold_gain":0.0,"event_name":"Wheel of Change","player_choice":"Cursed","floor":7.0,"gold_loss":0.0,"damage_taken":0.0,"cards_obtained":["Decay"]}],"is_beta":false,"boss_relics":[],"items_purged_floors":[10],"is_endless":false,"potions_floor_spawned":[1,5,13],"killed_by":"The Guardian","ascension_level":18}