{"gold_per_floor":[112,112,129,54,65,65,45,55,55,87,52,52,63,74,74,74],"floor_reached":16,"playtime":315,"items_purged":["Strike_B"],"score":204,"play_id":"fc81d894-8aa1-4fcb-a244-2245ab5b7c39","local_time":"20190630181530","is_ascension_mode":true,"campfire_choices":[{"data":"Sunder","floor":6,"key":"SMITH"},{"floor":15,"key":"REST"}],"neow_cost":"NONE","seed_source_timestamp":27797568770500,"circlet_count":0,"master_deck":["AscendersBane","Strike_B","Defend_B","Defend_B","Defend_B","Defend_B","Zap","Dualcast","Capacitor","Sunder+1","Gash","Double Energy","Cold Snap","Fusion","Melter","Electrodynamics"],"relics":["Cracked Core","NeowsBlessing","Lantern","Question Card"],"potions_floor_usage":[10,13],"damage_taken":[{"damage":0,"enemies":"Small Slimes","floor":1,"turns":1},{"damage":0,"enemies":"Cultist","floor":3,"turns":1},{"damage":0,"enemies":"Jaw Worm","floor":5,"turns":1},{"damage":15,"enemies":"Gremlin Gang","floor":8,"turns":5},{"damage":48,"enemies":"3 Sentries","floor":10,"turns":10},{"damage":3,"enemies":"3 Louse","floor":13,"turns":3},{"damage":9,"enemies":"Red Slaver","floor":14,"turns":3},{"damage":0,"enemies":"Hexaghost","floor":16,"turns":1}],"seed_played":"3427937568050528968","potions_obtained":[{"floor":1,"key":"SkillPotion"},{"floor":3,"key":"EssenceOfSteel"},{"floor":10,"key":"FocusPotion"},{"floor":14,"key":"AttackPotion"}],"is_trial":false,"path_per_floor":["M","?","M","$","M","R","?","M","T","E","?","?","M","M","R","B"],"character_chosen":"DEFECT","items_purchased":[],"campfire_rested":1,"item_purchase_floors":[],"current_hp_per_floor":[64,64,64,64,64,64,64,49,49,1,18,18,15,6,27,27],"gold":74,"neow_bonus":"THREE_ENEMY_KILL","is_prod":false,"is_daily":false,"chose_seed":false,"campfire_upgraded":1,"win_rate":0,"timestamp":1561914930,"path_taken":["M","?","?","?","M","R","?","?","T","E","?","?","M","M","R","BOSS"],"build_version":"2019-01-23","purchased_purges":1,"victory":false,"max_hp_per_floor":[71,71,71,71,71,71,71,71,71,71,71,71,71,71,71,71],"card_choices":[{"not_picked":["Storm","Leap"],"picked":"Capacitor","floor":1},{"not_picked":["Gash","Static Discharge"],"picked":"Sunder","floor":3},{"not_picked":["Beam Cell","Compile Driver"],"picked":"Gash","floor":5},{"not_picked":["Sweeping Beam","Steam"],"picked":"Double Energy","floor":8},{"not_picked":["Go for the Eyes","Darkness"],"picked":"Cold Snap","floor":10},{"not_picked":["Stack","Rip and Tear","Rebound"],"picked":"Melter","floor":13},{"not_picked":["Ball Lightning","Streamline","Auto Shields"],"picked":"Electrodynamics","floor":14}],"player_experience":1506633,"relics_obtained":[{"floor":9,"key":"Lantern"},{"floor":10,"key":"Question Card"}],"event_choices":[{"cards_removed":["Strike_B"],"damage_healed":0,"gold_gain":0,"player_choice":"Purged","damage_taken":0,"max_hp_gain":0,"max_hp_loss":0,"event_name":"Purifier","floor":2,"gold_loss":0},{"damage_healed":0,"gold_gain":0,"player_choice":"Bought 1 Potion","damage_taken":0,"max_hp_gain":0,"max_hp_loss":0,"event_name":"The Woman in Blue","floor":7,"gold_loss":0},{"damage_healed":17,"gold_gain":0,"player_choice":"Healed","damage_taken":0,"max_hp_gain":0,"max_hp_loss":0,"event_name":"The Cleric","floor":11,"gold_loss":35},{"damage_healed":0,"gold_gain":0,"cards_transformed":["Strike_B"],"player_choice":"Transformed","damage_taken":0,"max_hp_gain":0,"max_hp_loss":0,"event_name":"Transmorgrifier","floor":12,"gold_loss":0,"cards_obtained":["Fusion"]}],"is_beta":false,"boss_relics":[],"items_purged_floors":[4],"is_endless":false,"potions_floor_spawned":[1,3,10,14],"killed_by":"Hexaghost","ascension_level":20}