{"gold_per_floor":[111,127,147,165,180,212,224,236,248,270,343,385,397,435,447,554,566,588,614,637,649,679,719,731,762,774,800,839,862,874,897,909,1016,1028,1055,212,222,322,335,366,386,386,441,33,85,85,99,124,124,124],"floor_reached":51,"playtime":9039,"items_purged":["Decay","Doubt"],"score":818,"play_id":"268feff0-5a8f-404d-b475-ae3ff25a920a","local_time":"20190711191227","is_ascension_mode":false,"campfire_choices":[{"floor":7,"key":"REST"},{"data":"Armaments","floor":13,"key":"SMITH"},{"data":"Armaments","floor":15,"key":"SMITH"},{"floor":24,"key":"REST"},{"floor":30,"key":"REST"},{"floor":32,"key":"REST"},{"floor":42,"key":"REST"},{"data":"Flame Barrier","floor":49,"key":"SMITH"}],"neow_cost":"NONE","seed_source_timestamp":513311705923734,"circlet_count":0,"master_deck":["Strike_R+1","Defend_R","Defend_R","Bash","Pommel Strike","Cleave+1","Flex","Metallicize","Iron Wave","Seeing Red","Barricade","Armaments+1","Rage","Armaments+1","Juggernaut","Shrug It Off+1","Whirlwind","Cleave","Feed","Carnage","Limit Break","Headbutt+1","Thunderclap+1","Entrench","Flame Barrier+1","Body Slam+1","Dropkick+1","Reaper+1","Rampage+1","Impervious+1","Limit Break+1","Iron Wave+1","Berserk+1","Flame Barrier","Flex+1","Pommel Strike+1","Pommel Strike+1","Body Slam+1","Clash+1","Reaper+1","Metallicize+1","Shrug It Off","Thunderclap+1","Entrench+1","Power Through","Warcry+1","Regret"],"relics":["Burning Blood","Red Skull","MawBank","Dodecahedron","Oddly Smooth Stone","Mango","Boot","Cursed Key","Molten Egg 2","Pear","Mercury Hourglass","Astrolabe","Frozen Egg 2","Pen Nib","Brimstone","StoneCalendar","Thread and Needle","Dream Catcher","Girya","Bag of Preparation"],"potions_floor_usage":[5,6,12,12,16,22,31,33],"damage_taken":[{"damage":6,"enemies":"Jaw Worm","floor":1,"turns":3},{"damage":4,"enemies":"2 Louse","floor":2,"turns":3},{"damage":10,"enemies":"Small Slimes","floor":3,"turns":3},{"damage":6,"enemies":"3 Louse","floor":4,"turns":3},{"damage":15,"enemies":"Exordium Thugs","floor":5,"turns":5},{"damage":30,"enemies":"Lagavulin","floor":6,"turns":6},{"damage":0,"enemies":"Exordium Wildlife","floor":10,"turns":2},{"damage":18,"enemies":"3 Sentries","floor":11,"turns":7},{"damage":9,"enemies":"3 Sentries","floor":12,"turns":5},{"damage":12,"enemies":"Lagavulin","floor":14,"turns":9},{"damage":15,"enemies":"Hexaghost","floor":16,"turns":8},{"damage":17,"enemies":"3 Byrds","floor":18,"turns":5},{"damage":1,"enemies":"Shell Parasite","floor":19,"turns":4},{"damage":14,"enemies":"Shelled Parasite and Fungi","floor":20,"turns":6},{"damage":48,"enemies":"Chosen and Byrds","floor":22,"turns":7},{"damage":15,"enemies":"Book of Stabbing","floor":23,"turns":5},{"damage":2,"enemies":"Centurion and Healer","floor":25,"turns":8},{"damage":20,"enemies":"Snecko","floor":27,"turns":4},{"damage":21,"enemies":"Gremlin Leader","floor":28,"turns":4},{"damage":31,"enemies":"Snake Plant","floor":29,"turns":4},{"damage":34,"enemies":"Centurion and Healer","floor":31,"turns":5},{"damage":28,"enemies":"Champ","floor":33,"turns":14},{"damage":0,"enemies":"3 Shapes","floor":35,"turns":7},{"damage":15,"enemies":"3 Darklings","floor":37,"turns":5},{"damage":63,"enemies":"Mind Bloom Boss Battle","floor":38,"turns":8},{"damage":0,"enemies":"Sphere and 2 Shapes","floor":39,"turns":5},{"damage":23,"enemies":"Reptomancer","floor":40,"turns":4},{"damage":29,"enemies":"Spire Growth","floor":41,"turns":6},{"damage":11,"enemies":"2 Orb Walkers","floor":45,"turns":3},{"damage":0,"enemies":"3 Darklings","floor":47,"turns":4},{"damage":45,"enemies":"Awakened One","floor":50,"turns":8}],"seed_played":"-2990808942323213245","potions_obtained":[{"floor":1,"key":"AttackPotion"},{"floor":3,"key":"SpeedPotion"},{"floor":4,"key":"LiquidBronze"},{"floor":11,"key":"Swift Potion"},{"floor":14,"key":"PowerPotion"},{"floor":18,"key":"AttackPotion"},{"floor":23,"key":"GamblersBrew"},{"floor":28,"key":"Poison Potion"},{"floor":29,"key":"SpeedPotion"},{"floor":31,"key":"Fire Potion"},{"floor":33,"key":"Weak Potion"},{"floor":40,"key":"Fire Potion"}],"is_trial":false,"path_per_floor":["M","M","M","M","M","E","R","?","T","M","?","E","R","E","R","B",null,"M","M","M","?","M","E","R","M","T","M","E","M","R","M","R","B",null,"M","$","M","?","M","E","M","R","T","$","?","?","M","T","R","B",null],"character_chosen":"IRONCLAD","items_purchased":["Frozen Egg 2","Pen Nib","Brimstone","Berserk+1","Flame Barrier","Reaper+1","Metallicize+1","Shrug It Off","Thunderclap+1"],"campfire_rested":5,"item_purchase_floors":[36,36,36,36,36,44,44,44,44],"current_hp_per_floor":[80,80,76,76,67,43,67,51,51,57,45,56,56,50,50,41,94,83,88,80,80,41,32,61,68,78,64,49,24,57,29,62,40,110,113,113,109,79,88,74,61,96,96,96,114,114,119,119,119,99],"gold":124,"neow_bonus":"RANDOM_COMMON_RELIC","is_prod":false,"is_daily":false,"chose_seed":false,"campfire_upgraded":3,"win_rate":0.0,"timestamp":1562886747,"path_taken":["M","M","M","M","M","E","R","?","T","M","?","E","R","E","R","BOSS","M","M","M","?","M","E","R","M","T","M","E","M","R","M","R","BOSS","M","$","M","?","M","E","M","R","T","$","?","?","?","?","R","BOSS"],"build_version":"2019-07-05","purchased_purges":2,"victory":true,"max_hp_per_floor":[80,80,80,80,80,80,80,80,80,80,80,94,94,94,94,94,94,94,94,94,94,97,97,97,100,110,110,110,110,110,110,110,110,110,113,113,113,113,116,119,119,119,119,119,119,119,119,119,119,122],"card_choices":[{"not_picked":["Disarm","Entrench"],"picked":"Pommel Strike","floor":1},{"not_picked":["Twin Strike","Perfected Strike"],"picked":"Cleave","floor":2},{"not_picked":["Anger","Entrench"],"picked":"Flex","floor":3},{"not_picked":["Anger","Seeing Red"],"picked":"Metallicize","floor":4},{"not_picked":["Searing Blow","Clash"],"picked":"Iron Wave","floor":5},{"not_picked":["Thunderclap","Corruption"],"picked":"Seeing Red","floor":6},{"not_picked":["Sword Boomerang","Uppercut"],"picked":"Barricade","floor":10},{"not_picked":["Pommel Strike","Battle Trance"],"picked":"Armaments","floor":11},{"not_picked":["Flex","Power Through"],"picked":"Rage","floor":12},{"not_picked":["Headbutt","Bludgeon"],"picked":"Armaments","floor":14},{"not_picked":["Impervious","Barricade"],"picked":"Juggernaut","floor":16},{"not_picked":["Perfected Strike","Sword Boomerang"],"picked":"Shrug It Off+1","floor":18},{"not_picked":["Anger","Clothesline"],"picked":"Whirlwind","floor":19},{"not_picked":["Thunderclap","Perfected Strike"],"picked":"Cleave","floor":20},{"not_picked":["Body Slam","Heavy Blade"],"picked":"Limit Break","floor":22},{"not_picked":["Flex","Warcry"],"picked":"Headbutt","floor":23},{"not_picked":["Second Wind+1","Twin Strike+1"],"picked":"Thunderclap+1","floor":25},{"not_picked":["Sword Boomerang+1","Warcry"],"picked":"Entrench","floor":27},{"not_picked":["Heavy Blade+1","Cleave+1"],"picked":"Flame Barrier","floor":28},{"not_picked":["Whirlwind+1","Warcry+1"],"picked":"Body Slam+1","floor":29},{"not_picked":["Fire Breathing","Blood for Blood+1"],"picked":"Dropkick+1","floor":31},{"not_picked":["Feed+1","Brutality"],"picked":"Reaper+1","floor":33},{"not_picked":["Dropkick+1","Rage"],"picked":"Iron Wave+1","floor":35},{"not_picked":["Seeing Red+1","Infernal Blade"],"picked":"Flex+1","floor":37},{"not_picked":["Twin Strike+1","Perfected Strike+1"],"picked":"Pommel Strike+1","floor":38},{"not_picked":["Clash+1","Sword Boomerang+1"],"picked":"Pommel Strike+1","floor":39},{"not_picked":["Second Wind","Anger+1"],"picked":"Body Slam+1","floor":40},{"not_picked":["Second Wind","Hemokinesis+1"],"picked":"Clash+1","floor":41},{"not_picked":["Clothesline+1","Rage"],"picked":"Entrench+1","floor":45},{"not_picked":["Clothesline+1","Twin Strike+1"],"picked":"Warcry+1","floor":47}],"player_experience":66465,"relics_obtained":[{"floor":6,"key":"MawBank"},{"floor":9,"key":"Dodecahedron"},{"floor":12,"key":"Mango"},{"floor":14,"key":"Boot"},{"floor":23,"key":"Molten Egg 2"},{"floor":26,"key":"Pear"},{"floor":28,"key":"Mercury Hourglass"},{"floor":38,"key":"StoneCalendar"},{"floor":40,"key":"Thread and Needle"},{"floor":43,"key":"Dream Catcher"},{"floor":45,"key":"Girya"},{"floor":48,"key":"Bag of Preparation"}],"event_choices":[{"damage_healed":0,"gold_gain":0,"player_choice":"Entered Light","damage_taken":16,"max_hp_gain":0,"max_hp_loss":0,"event_name":"Shining Light","floor":8,"gold_loss":0,"cards_upgraded":["Cleave","Strike_R"]},{"damage_healed":0,"gold_gain":0,"player_choice":"Searched \u00272\u0027 times","damage_taken":0,"relics_obtained":["Oddly Smooth Stone"],"max_hp_gain":0,"max_hp_loss":0,"event_name":"Dead Adventurer","floor":11,"gold_loss":0},{"damage_healed":0,"gold_gain":0,"cards_transformed":["Strike_R","Strike_R"],"player_choice":"Became Test Subject","damage_taken":0,"max_hp_gain":0,"max_hp_loss":0,"event_name":"Drug Dealer","floor":21,"gold_loss":0,"cards_obtained":["Feed","Carnage"]},{"damage_healed":0,"gold_gain":0,"player_choice":"Fight","damage_taken":0,"max_hp_gain":0,"max_hp_loss":0,"event_name":"MindBloom","floor":38,"gold_loss":0},{"damage_healed":0,"gold_gain":0,"player_choice":"Fight","damage_taken":0,"max_hp_gain":0,"max_hp_loss":0,"event_name":"Mysterious Sphere","floor":45,"gold_loss":0},{"damage_healed":0,"gold_gain":0,"cards_transformed":["Defend_R"],"player_choice":"Transformed","damage_taken":0,"max_hp_gain":0,"max_hp_loss":0,"event_name":"Transmorgrifier","floor":46,"gold_loss":0,"cards_obtained":["Power Through"]}],"is_beta":false,"boss_relics":[{"not_picked":["Busted Crown","Calling Bell"],"picked":"Cursed Key"},{"not_picked":["Black Star","Fusion Hammer"],"picked":"Astrolabe"}],"items_purged_floors":[36,44],"is_endless":false,"potions_floor_spawned":[1,3,4,11,14,18,23,28,29,31,33,35,39,40,45],"ascension_level":0}