{"gold_per_floor":[17,17,31,44,63,63,96,96,96,96,116,116,149,166,166,262,262,276,291,302,352,352],"floor_reached":22,"playtime":1249,"items_purged":[],"score":263,"play_id":"2f23614a-4cfd-4b74-9ad0-c12398606cc8","local_time":"20180803232338","is_ascension_mode":true,"campfire_choices":[{"data":"Neutralize","floor":6,"key":"SMITH"},{"data":"Dodge and Roll","floor":8,"key":"SMITH"},{"data":"Poisoned Stab","floor":10,"key":"SMITH"},{"data":"Leg Sweep","floor":15,"key":"SMITH"}],"neow_cost":"NO_GOLD","seed_source_timestamp":2341995570909751,"circlet_count":0,"master_deck":["Defend_G","Defend_G","Defend_G","Defend_G","Defend_G","Strike_G","Strike_G","Strike_G+1","Strike_G+1","Survivor","Neutralize+1","Dodge and Roll+1","Poisoned Stab+1","Quick Slash","Blade Dance","Blade Dance","Flying Knee","Leg Sweep+1","Dodge and Roll","Corpse Explosion","Cloak And Dagger+1","Well Laid Plans","Cloak And Dagger"],"relics":["Ring of the Snake","Whetstone","Smiling Mask","Darkstone Periapt","Black Star"],"potions_floor_usage":[13,16,20],"damage_taken":[{"damage":0,"enemies":"Jaw Worm","floor":1,"turns":6},{"damage":3,"enemies":"Cultist","floor":3,"turns":6},{"damage":2,"enemies":"2 Louse","floor":4,"turns":3},{"damage":0,"enemies":"Large Slime","floor":5,"turns":5},{"damage":23,"enemies":"Lagavulin","floor":7,"turns":9},{"damage":3,"enemies":"Exordium Thugs","floor":11,"turns":6},{"damage":9,"enemies":"3 Sentries","floor":13,"turns":10},{"damage":0,"enemies":"Red Slaver","floor":14,"turns":4},{"damage":21,"enemies":"Hexaghost","floor":16,"turns":13},{"damage":0,"enemies":"3 Byrds","floor":18,"turns":3},{"damage":54,"enemies":"Spheric Guardian","floor":19,"turns":18},{"damage":31,"enemies":"Snecko","floor":20,"turns":9},{"damage":6,"enemies":"Centurion and Healer","floor":22,"turns":8}],"seed_played":"8021642070756312483","potions_obtained":[{"floor":1,"key":"EssenceOfSteel"},{"floor":4,"key":"Ancient Potion"},{"floor":5,"key":"LiquidBronze"},{"floor":14,"key":"Strength Potion"},{"floor":16,"key":"Explosive Potion"}],"is_trial":false,"path_per_floor":["M","?","M","M","M","R","E","R","T","R","M","?","E","M","R","B",null,"M","M","M","?"],"character_chosen":"THE_SILENT","items_purchased":[],"campfire_rested":0,"item_purchase_floors":[],"current_hp_per_floor":[84,84,81,79,79,79,56,56,56,56,53,58,49,49,49,28,89,89,35,4,4,0],"gold":352,"neow_bonus":"TWENTY_PERCENT_HP_BONUS","is_prod":false,"is_daily":false,"chose_seed":false,"campfire_upgraded":4,"win_rate":0,"timestamp":1533353018,"path_taken":["M","?","M","M","M","R","E","R","T","R","?","?","E","M","R","BOSS","M","M","M","?","M"],"build_version":"2018-08-02","purchased_purges":0,"victory":false,"max_hp_per_floor":[84,84,84,84,84,84,84,84,84,84,84,89,89,89,89,89,89,89,89,89,89,89],"card_choices":[{"not_picked":["Expertise","Endless Agony"],"picked":"Dodge and Roll","floor":1},{"not_picked":["Expertise","Prepared"],"picked":"Poisoned Stab","floor":3},{"not_picked":["Underhanded Strike","Outmaneuver"],"picked":"Quick Slash","floor":4},{"not_picked":["Deflect","PiercingWail"],"picked":"Blade Dance","floor":5},{"not_picked":["Slice","Expertise"],"picked":"Blade Dance","floor":7},{"not_picked":["Bane","Doppelganger"],"picked":"Flying Knee","floor":11},{"not_picked":["Blur","Distraction"],"picked":"Leg Sweep","floor":13},{"not_picked":["Outmaneuver","Catalyst"],"picked":"Dodge and Roll","floor":14},{"not_picked":["Malaise","Bullet Time"],"picked":"Corpse Explosion","floor":16},{"not_picked":["Poisoned Stab+1","Bouncing Flask"],"picked":"Cloak And Dagger+1","floor":18},{"not_picked":["Distraction","Prepared"],"picked":"Well Laid Plans","floor":19},{"not_picked":["Dagger Throw","Deadly Poison+1"],"picked":"Cloak And Dagger","floor":20}],"player_experience":204610,"relics_obtained":[{"floor":7,"key":"Whetstone"},{"floor":9,"key":"Smiling Mask"},{"floor":13,"key":"Darkstone Periapt"}],"event_choices":[{"event_name":"Purifier","player_choice":"One Purge","floor":2,"damage_taken":0},{"event_name":"Big Fish","player_choice":"Donut","floor":12,"damage_taken":0},{"event_name":"The Joust","player_choice":"Bet on Murderer","floor":21,"damage_taken":0}],"is_beta":false,"boss_relics":[{"not_picked":["Velvet Choker","Calling Bell"],"picked":"Black Star"}],"items_purged_floors":[],"is_endless":false,"potions_floor_spawned":[1,4,5,11,14,16],"killed_by":"Centurion and Healer","ascension_level":4}