{"gold_per_floor":[112,112,38,52,71,71,103,113,113,113,144,156,190,264,264,366,396,407,407,407,424,449,449,467,97,147,147,246,246,263,293,293,398,398,411,0,17,27,46,79,79,94,162,162,189,189,202,39,39,39],"floor_reached":51,"playtime":2364,"items_purged":[],"score":932,"play_id":"771d557d-afa1-4875-aea3-76fd0c2d6a0c","local_time":"20180710185148","is_ascension_mode":true,"campfire_choices":[{"data":"Defragment","floor":6.0,"key":"SMITH"},{"floor":10.0,"key":"REST"},{"floor":15.0,"key":"REST"},{"data":"1","floor":23.0,"key":"LIFT"},{"floor":29.0,"key":"REST"},{"data":"Defragment","floor":32.0,"key":"SMITH"},{"floor":41.0,"key":"REST"},{"floor":44.0,"key":"REST"},{"floor":49.0,"key":"REST"}],"neow_cost":"NONE","seed_source_timestamp":0,"circlet_count":0,"master_deck":["Strike_B","Defend_B","Defend_B","Defend_B+1","Defend_B+1","Zap+1","Dualcast","Doom and Gloom","Defragment+1","Conserve Battery+1","Go for the Eyes","Ball Lightning","Defragment+1","Conserve Battery","All For One","Leap","Ball Lightning","Coolheaded","Ball Lightning","Loop","Conserve Battery","Buffer","Darkness+1","Auto Shields+1","Genetic Algorithm+1","Reinforced Body","Conserve Battery+1","Defragment+1","Conserve Battery+1","Conserve Battery+1","Capacitor+1","Gash+1","Electrodynamics","Glacier","Mind Blast"],"special_seed":0,"relics":["Cracked Core","Girya","Bottled Flame","Pantograph","Strawberry","Tiny House","Pen Nib","Incense Burner","War Paint","DataDisk","Bag of Preparation","Astrolabe","Red Mask","Peace Pipe","Dodecahedron","Lantern"],"potions_floor_usage":[50,50],"damage_taken":[{"damage":0.0,"enemies":"Small Slimes","floor":1.0,"turns":2.0},{"damage":11.0,"enemies":"Jaw Worm","floor":4.0,"turns":2.0},{"damage":0.0,"enemies":"Cultist","floor":5.0,"turns":3.0},{"damage":31.0,"enemies":"Lagavulin","floor":7.0,"turns":6.0},{"damage":4.0,"enemies":"Blue Slaver","floor":8.0,"turns":4.0},{"damage":19.0,"enemies":"Gremlin Nob","floor":11.0,"turns":4.0},{"damage":13.0,"enemies":"3 Louse","floor":12.0,"turns":2.0},{"damage":16.0,"enemies":"Lagavulin","floor":13.0,"turns":7.0},{"damage":31.0,"enemies":"The Guardian","floor":16.0,"turns":10.0},{"damage":0.0,"enemies":"Chosen","floor":18.0,"turns":4.0},{"damage":27.0,"enemies":"2 Thieves","floor":21.0,"turns":4.0},{"damage":7.0,"enemies":"Snake Plant","floor":24.0,"turns":4.0},{"damage":0.0,"enemies":"Snecko","floor":30.0,"turns":4.0},{"damage":14.0,"enemies":"Book of Stabbing","floor":31.0,"turns":6.0},{"damage":0.0,"enemies":"Champ","floor":33.0,"turns":10.0},{"damage":13.0,"enemies":"Orb Walker","floor":35.0,"turns":3.0},{"damage":8.0,"enemies":"3 Darklings","floor":37.0,"turns":6.0},{"damage":14.0,"enemies":"Sphere and 2 Shapes","floor":38.0,"turns":6.0},{"damage":1.0,"enemies":"Maw","floor":39.0,"turns":8.0},{"damage":7.0,"enemies":"Nemesis","floor":40.0,"turns":7.0},{"damage":44.0,"enemies":"4 Shapes","floor":42.0,"turns":8.0},{"damage":40.0,"enemies":"2 Orb Walkers","floor":45.0,"turns":6.0},{"damage":3.0,"enemies":"Sphere and 2 Shapes","floor":47.0,"turns":7.0},{"damage":19,"enemies":"Donu and Deca","floor":50,"turns":10}],"seed_played":"7709380511913719155","potions_obtained":[{"floor":1.0,"key":"Weak Potion"},{"floor":5.0,"key":"Energy Potion"},{"floor":8.0,"key":"FearPotion"}],"is_trial":false,"path_per_floor":["M","?","$","M","M","R","E","M","T","R","E","M","E","?","R","B",null,"M","?","?","M","T","R","M","$","T","T","?","R","M","E","R","B",null,"M","?","M","M","M","E","R","M","T","R","E","?","M","$","R","B"],"character_chosen":"DEFECT","items_purchased":["Defragment","Incense Burner","Loop","Glacier","Mind Blast"],"campfire_rested":6,"item_purchase_floors":[3,25,25,48,48],"current_hp_per_floor":[75,80,80,69,69,69,38,34,34,58,39,26,17,17,43,37,92,92,92,92,65,65,65,58,58,58,58,58,85,85,71,71,92,92,79,79,71,57,56,49,76,32,32,59,19,19,16,16,43,49],"gold":39,"neow_bonus":"UPGRADE_CARD","is_prod":false,"is_daily":false,"chose_seed":false,"campfire_upgraded":2,"win_rate":0,"timestamp":1531263108,"path_taken":["M","?","$","?","M","R","E","M","T","R","E","M","E","?","R","BOSS","M","?","?","M","?","R","?","$","T","?","?","R","?","E","R","BOSS","M","?","M","M","?","E","R","M","T","R","E","?","M","$","R","BOSS"],"build_version":"2018-07-05","purchased_purges":0,"victory":true,"max_hp_per_floor":[75,80,80,80,80,80,80,80,80,80,80,80,87,87,87,87,92,92,92,92,92,92,92,92,92,92,92,92,92,92,92,92,92,92,92,92,92,92,92,92,92,92,92,92,92,92,92,92,92,92],"card_choices":[{"not_picked":["BootSequence","Rebound"],"picked":"Doom and Gloom","floor":1.0},{"not_picked":["Steam Power","White Noise"],"picked":"Conserve Battery","floor":4.0},{"not_picked":["Static Discharge","Steam Power"],"picked":"Go for the Eyes","floor":5.0},{"not_picked":["Heatsinks","Sweeping Beam","Fusion"],"picked":"SKIP","floor":7.0},{"not_picked":["Rebound","Redo"],"picked":"Ball Lightning","floor":8.0},{"not_picked":["Cold Snap","Multi-Cast"],"picked":"Defragment","floor":11.0},{"not_picked":["Fusion","Skim"],"picked":"Conserve Battery","floor":12.0},{"not_picked":["Rainbow","Streamline","Redo"],"picked":"SKIP","floor":13.0},{"not_picked":["Meteor Strike","Core Surge"],"picked":"All For One","floor":16.0},{"not_picked":["Rebound","FTL"],"picked":"Leap","floor":17.0},{"not_picked":["Conserve Battery","Compile Driver+1"],"picked":"Ball Lightning","floor":18.0},{"not_picked":["Chaos","Blizzard+1"],"picked":"Coolheaded","floor":21.0},{"not_picked":["Barrage","BootSequence"],"picked":"Ball Lightning","floor":24.0},{"not_picked":["Darkness+1","Barrage"],"picked":"Conserve Battery","floor":30.0},{"not_picked":["Genetic Algorithm","Sweeping Beam"],"picked":"Buffer","floor":31.0},{"not_picked":["Barrage+1","Steam+1"],"picked":"Reinforced Body","floor":35.0},{"not_picked":["Sweeping Beam","Barrage+1"],"picked":"Conserve Battery+1","floor":37.0},{"not_picked":["Streamline+1","Auto Shields+1"],"picked":"Defragment+1","floor":38.0},{"not_picked":["Rip and Tear","Gash"],"picked":"Conserve Battery+1","floor":39.0},{"not_picked":["Force Field+1","Beam Cell+1"],"picked":"Conserve Battery+1","floor":40.0},{"not_picked":["Steam Power","Compile Driver"],"picked":"Capacitor+1","floor":42.0},{"not_picked":["Force Field+1","Steam"],"picked":"Gash+1","floor":45.0},{"not_picked":["Blizzard","Stack"],"picked":"Electrodynamics","floor":47.0}],"player_experience":103509,"relics_obtained":[{"floor":7.0,"key":"Girya"},{"floor":9.0,"key":"Bottled Flame"},{"floor":11.0,"key":"Pantograph"},{"floor":13.0,"key":"Strawberry"},{"floor":22.0,"key":"Pen Nib"},{"floor":26.0,"key":"War Paint"},{"floor":27.0,"key":"DataDisk"},{"floor":31.0,"key":"Bag of Preparation"},{"floor":40.0,"key":"Peace Pipe"},{"floor":43.0,"key":"Dodecahedron"},{"floor":45.0,"key":"Lantern"}],"event_choices":[{"event_name":"Big Fish","player_choice":"Donut","floor":2.0,"damage_taken":0.0},{"event_name":"Golden Wing","player_choice":"Gained Gold","floor":14.0,"damage_taken":0.0},{"event_name":"Vampires","player_choice":"Ignored","floor":19.0,"damage_taken":0.0},{"event_name":"Drug Dealer","player_choice":"Ignored","floor":20.0,"damage_taken":0.0},{"event_name":"Nest","player_choice":"Stole From Cult","floor":28.0,"damage_taken":0.0},{"event_name":"Tomb of Lord Red Mask","player_choice":"Paid","floor":36.0,"damage_taken":0.0},{"event_name":"Mysterious Sphere","player_choice":"Ignore","floor":46.0,"damage_taken":0.0}],"boss_relics":[{"not_picked":["Runic Pyramid","Sozu"],"picked":"Tiny House"},{"not_picked":["Orrery","Lizard Tail"],"picked":"Astrolabe"}],"items_purged_floors":[],"is_endless":false,"potions_floor_spawned":[1,5,8,11,16,18,24,30,31,35,38,40,42,45],"ascension_level":1}