{"gold_per_floor":[112,132,132,150,150,150,161,176,176,196,207,109,109,122,122,218,218,192,192,206,49,49,49],"floor_reached":23,"playtime":1468,"items_purged":["Strike_R"],"score":268,"play_id":"c9f6520a-af32-475d-b408-5451689e8322","local_time":"20190707203511","is_ascension_mode":true,"campfire_choices":[{"data":"Anger","floor":6.0,"key":"SMITH"},{"floor":13.0,"key":"REST"},{"data":"Inflame","floor":15.0,"key":"SMITH"}],"neow_cost":"NONE","seed_source_timestamp":0,"circlet_count":0,"master_deck":["Strike_R","Strike_R","Defend_R","Defend_R","Defend_R","Defend_R","Bash","Flame Barrier","Armaments+1","Anger+1","Battle Trance","Reaper","Thunderclap+1","Inflame+1","Flex+1","Headbutt+1","Offering"],"special_seed":0,"relics":["Black Blood","Paper Frog","Molten Egg 2","Oddly Smooth Stone"],"potions_floor_usage":[18],"damage_taken":[{"damage":5.0,"enemies":"2 Louse","floor":1.0,"turns":4.0},{"damage":1.0,"enemies":"Cultist","floor":2.0,"turns":5.0},{"damage":8.0,"enemies":"Jaw Worm","floor":4.0,"turns":5.0},{"damage":6.0,"enemies":"Looter","floor":7.0,"turns":3.0},{"damage":0.0,"enemies":"Gremlin Gang","floor":8.0,"turns":4.0},{"damage":7.0,"enemies":"2 Fungi Beasts","floor":10.0,"turns":4.0},{"damage":0.0,"enemies":"Large Slime","floor":11.0,"turns":4.0},{"damage":13.0,"enemies":"Exordium Thugs","floor":14.0,"turns":5.0},{"damage":23.0,"enemies":"The Guardian","floor":16.0,"turns":12.0},{"damage":33,"enemies":"2 Thieves","floor":18,"turns":5},{"damage":26,"enemies":"Chosen","floor":20,"turns":5},{"damage":63,"enemies":"Book of Stabbing","floor":23,"turns":6}],"seed_played":"-5230902081210439744","potions_obtained":[{"floor":2.0,"key":"Weak Potion"},{"floor":4.0,"key":"AttackPotion"},{"floor":11.0,"key":"Strength Potion"},{"floor":14.0,"key":"EssenceOfSteel"},{"floor":16.0,"key":"EssenceOfSteel"},{"floor":20,"key":"SpeedPotion"}],"is_trial":false,"path_per_floor":["M","M","?","M","?","R","M","M","T","M","M","$","R","M","R","B",null,"M","$","M","$","?","E"],"character_chosen":"IRONCLAD","items_purchased":["Thunderclap+1","Oddly Smooth Stone"],"campfire_rested":1,"item_purchase_floors":[12,21],"current_hp_per_floor":[73,78,78,76,64,64,64,70,70,77,80,80,80,78,78,61,75,62,62,46,46,46,0],"gold":49,"neow_bonus":"REMOVE_CARD","is_prod":false,"is_daily":false,"chose_seed":false,"campfire_upgraded":2,"win_rate":0,"timestamp":1562502911,"path_taken":["M","M","?","?","?","R","M","M","T","M","M","$","R","M","R","BOSS","M","$","M","$","?","E"],"build_version":"2019-07-05","purchased_purges":1,"victory":false,"max_hp_per_floor":[80,80,80,80,80,80,80,80,80,80,80,80,80,80,80,80,80,80,80,80,80,80,80],"card_choices":[{"not_picked":["Wild Strike","Dual Wield"],"picked":"Flame Barrier","floor":1.0},{"not_picked":["Iron Wave","Body Slam"],"picked":"Armaments","floor":2.0},{"not_picked":["Thunderclap","Warcry"],"picked":"Anger","floor":4.0},{"not_picked":["Thunderclap","Metallicize"],"picked":"Battle Trance","floor":7.0},{"not_picked":["Twin Strike","Evolve"],"picked":"Reaper","floor":8.0},{"not_picked":["Entrench","Corruption","Armaments"],"picked":"SKIP","floor":10.0},{"not_picked":["Anger+1","Reckless Charge+1","Clash+1"],"picked":"SKIP","floor":11.0},{"not_picked":["Heavy Blade+1","Clash+1"],"picked":"Inflame","floor":14.0},{"not_picked":["Warcry","Reckless Charge+1"],"picked":"Flex+1","floor":18},{"not_picked":["Pummel+1","Heavy Blade+1"],"picked":"Headbutt+1","floor":20}],"player_experience":1023387,"relics_obtained":[{"floor":9.0,"key":"Molten Egg 2"}],"event_choices":[{"damage_healed":0.0,"max_hp_gain":0.0,"max_hp_loss":0.0,"gold_gain":0.0,"event_name":"Upgrade Shrine","player_choice":"Upgraded","floor":3.0,"gold_loss":0.0,"damage_taken":0.0,"cards_upgraded":["Armaments"]},{"damage_healed":0.0,"max_hp_gain":0.0,"max_hp_loss":0.0,"gold_gain":0.0,"event_name":"Scrap Ooze","player_choice":"Success","floor":5.0,"gold_loss":0.0,"damage_taken":12.0,"relics_obtained":["Paper Frog"]},{"damage_healed":0,"gold_gain":0,"cards_transformed":["Strike_R"],"player_choice":"Transformed","damage_taken":0,"max_hp_gain":0,"max_hp_loss":0,"event_name":"Transmorgrifier","floor":22,"gold_loss":0,"cards_obtained":["Offering"]}],"is_beta":false,"boss_relics":[{"not_picked":["Pandora\u0027s Box","Lizard Tail"],"picked":"Black Blood"}],"items_purged_floors":[12],"is_endless":false,"potions_floor_spawned":[2,4,11,14,16,20],"killed_by":"Book of Stabbing","ascension_level":9}