{"gold_per_floor":[114,114,264,16,36,72,72,72,153,153],"floor_reached":10,"playtime":219,"items_purged":[],"score":128,"play_id":"f61d73da-e1d1-4676-920a-69a6739763e8","local_time":"20190531160232","is_ascension_mode":true,"campfire_choices":[{"data":"Heavy Blade","floor":7,"key":"SMITH"}],"neow_cost":"NONE","seed_source_timestamp":10005344226500,"circlet_count":0,"master_deck":["AscendersBane","Strike_R","Strike_R","Strike_R","Strike_R","Strike_R","Defend_R","Defend_R","Defend_R","Defend_R","Bash","Pommel Strike","Doubt","Inflame","Heavy Blade+1","Heavy Blade"],"special_seed":0,"relics":["Burning Blood","Golden Idol","Membership Card","Ginger","Letter Opener","Ornamental Fan"],"potions_floor_usage":[],"damage_taken":[{"damage":3.0,"enemies":"Small Slimes","floor":1.0,"turns":7.0},{"damage":4,"enemies":"Jaw Worm","floor":5,"turns":5},{"damage":50,"enemies":"3 Sentries","floor":6,"turns":8},{"damage":40,"enemies":"Lagavulin","floor":10,"turns":5}],"seed_played":"5747514120231572700","potions_obtained":[],"is_trial":false,"path_per_floor":["M","?","?","$","M","E","R","T","T","E"],"character_chosen":"IRONCLAD","items_purchased":["Membership Card","Inflame"],"campfire_rested":0,"item_purchase_floors":[4,4],"current_hp_per_floor":[78,74,74,74,74,30,30,30,30,0],"gold":153,"neow_bonus":"TEN_PERCENT_HP_BONUS","is_prod":false,"is_daily":false,"chose_seed":false,"campfire_upgraded":1,"win_rate":0,"timestamp":1559314952,"path_taken":["M","?","?","$","M","E","R","?","T","E"],"build_version":"2019-01-23","purchased_purges":0,"victory":false,"max_hp_per_floor":[82,74,74,74,74,74,74,74,74,74],"card_choices":[{"not_picked":["Perfected Strike","Blood for Blood"],"picked":"Pommel Strike","floor":1.0},{"not_picked":["Thunderclap","Power Through"],"picked":"Heavy Blade","floor":5},{"not_picked":["Thunderclap","Bloodletting"],"picked":"Heavy Blade","floor":6}],"player_experience":1416256,"relics_obtained":[{"floor":6,"key":"Ginger"},{"floor":8,"key":"Letter Opener"},{"floor":9,"key":"Ornamental Fan"}],"event_choices":[{"damage_healed":0.0,"max_hp_gain":0.0,"max_hp_loss":8.0,"gold_gain":0.0,"event_name":"Golden Idol","player_choice":"Lose Max HP","floor":2.0,"gold_loss":0.0,"damage_taken":0.0,"relics_obtained":["Golden Idol"]},{"damage_healed":0,"gold_gain":150,"player_choice":"AGREE","damage_taken":0,"max_hp_gain":0,"max_hp_loss":0,"event_name":"Liars Game","floor":3,"gold_loss":0,"cards_obtained":["Doubt"]}],"is_beta":false,"boss_relics":[],"items_purged_floors":[],"is_endless":false,"potions_floor_spawned":[],"killed_by":"Lagavulin","ascension_level":20}