{"gold_per_floor":[116,116,116,116,116,116,86,121,192,210,32,52,65,75,75,150,150,161,161,72,72,122,122],"floor_reached":23,"playtime":725,"items_purged":[],"score":374,"play_id":"8e1830e3-7428-4234-81c2-0ee4deb9178e","local_time":"20190522202710","is_ascension_mode":true,"campfire_choices":[{"floor":6.0,"key":"REST"},{"floor":15,"key":"REST"}],"neow_cost":"NONE","seed_source_timestamp":2189456742330360,"circlet_count":0,"master_deck":["AscendersBane","Strike_B","Strike_B","Strike_B","Defend_B","Defend_B","Defend_B","Defend_B","Zap+1","Dualcast","Machine Learning","Cold Snap","Ball Lightning","Conserve Battery+1","Electrodynamics","Cold Snap","Seek+1","Go for the Eyes","Ball Lightning","Capacitor","Conserve Battery+1","Loop"],"special_seed":0,"relics":["Cracked Core","Question Card","Singing Bowl","Toxic Egg 2","Orrery"],"potions_floor_usage":[8,8,16,18],"damage_taken":[{"damage":1.0,"enemies":"2 Louse","floor":1.0,"turns":3.0},{"damage":35,"enemies":"3 Sentries","floor":8,"turns":12},{"damage":0,"enemies":"Small Slimes","floor":10,"turns":3},{"damage":0,"enemies":"Cultist","floor":12,"turns":4},{"damage":3,"enemies":"Large Slime","floor":13,"turns":3},{"damage":5,"enemies":"Exordium Thugs","floor":14,"turns":3},{"damage":27,"enemies":"The Guardian","floor":16,"turns":13},{"damage":24,"enemies":"Shell Parasite","floor":18,"turns":6},{"damage":54,"enemies":"Book of Stabbing","floor":23,"turns":5}],"seed_played":"-664497445935334972","potions_obtained":[{"floor":7.0,"key":"SteroidPotion"},{"floor":7.0,"key":"AttackPotion"},{"floor":12,"key":"SpeedPotion"},{"floor":14,"key":"LiquidBronze"},{"floor":16,"key":"Regen Potion"},{"floor":18,"key":"Swift Potion"}],"is_trial":false,"path_per_floor":["M","$","?","?","?","R","?","E","T","M","$","M","M","M","R","B",null,"M","?","$","$","?","E"],"character_chosen":"DEFECT","items_purchased":["Electrodynamics","Loop"],"campfire_rested":2,"item_purchase_floors":[11,20],"current_hp_per_floor":[63,63,45,45,45,66,66,31,31,31,31,33,30,27,49,22,64,54,54,54,54,54,0],"gold":122,"neow_bonus":"ONE_RANDOM_RARE_CARD","is_prod":false,"is_daily":false,"chose_seed":false,"campfire_upgraded":0,"win_rate":0,"timestamp":1558571230,"path_taken":["M","$","?","?","?","R","?","E","T","M","$","?","M","M","R","BOSS","M","?","?","$","?","E"],"build_version":"2019-01-23","purchased_purges":0,"victory":false,"max_hp_per_floor":[71,71,71,71,71,71,71,71,71,71,71,73,73,75,75,75,77,79,79,79,79,79,79],"card_choices":[{"not_picked":["Sweeping Beam","Barrage"],"picked":"Cold Snap","floor":1.0},{"not_picked":["Steam","Loop","Scrape"],"picked":"Ball Lightning","floor":8},{"not_picked":["Compile Driver","Auto Shields+1","Leap+1"],"picked":"Conserve Battery+1","floor":10},{"not_picked":["Fusion+1","Gash","Compile Driver","Rip and Tear"],"picked":"Singing Bowl","floor":12},{"not_picked":["Coolheaded+1","Steam+1","Skim+1"],"picked":"Cold Snap","floor":13},{"not_picked":["Go for the Eyes","Rebound","Hello World","Stack+1"],"picked":"Singing Bowl","floor":14},{"not_picked":["Creative AI","Thunder Strike","Reboot+1"],"picked":"Seek+1","floor":16},{"not_picked":["Double Energy+1","Streamline","Leap+1"],"picked":"Go for the Eyes","floor":17},{"not_picked":["Hello World","Redo+1","Tempest+1","Beam Cell"],"picked":"Singing Bowl","floor":17},{"not_picked":["Streamline","Gash","Coolheaded+1"],"picked":"Ball Lightning","floor":17},{"not_picked":["Storm","Redo+1","Leap+1"],"picked":"Capacitor","floor":17},{"not_picked":["Cold Snap","Ball Lightning","Multi-Cast+1"],"picked":"Conserve Battery+1","floor":17},{"not_picked":["Blizzard","Stack+1","Go for the Eyes","BootSequence+1"],"picked":"Singing Bowl","floor":18}],"player_experience":705826,"relics_obtained":[{"floor":8,"key":"Singing Bowl"},{"floor":9,"key":"Toxic Egg 2"}],"event_choices":[{"damage_healed":0.0,"max_hp_gain":0.0,"max_hp_loss":0.0,"gold_gain":0.0,"event_name":"Scrap Ooze","player_choice":"Success","floor":3.0,"gold_loss":0.0,"damage_taken":18.0,"relics_obtained":["Question Card"]},{"damage_healed":0.0,"max_hp_gain":0.0,"max_hp_loss":0.0,"gold_gain":0.0,"event_name":"Living Wall","player_choice":"Grow","floor":4.0,"gold_loss":0.0,"damage_taken":0.0,"cards_upgraded":["Zap"]},{"damage_healed":0.0,"max_hp_gain":0.0,"max_hp_loss":0.0,"gold_gain":0.0,"event_name":"Liars Game","player_choice":"Ignored","floor":5.0,"gold_loss":0.0,"damage_taken":0.0},{"damage_healed":0.0,"max_hp_gain":0.0,"max_hp_loss":0.0,"gold_gain":0.0,"event_name":"The Woman in Blue","player_choice":"Bought 2 Potions","floor":7.0,"gold_loss":0.0,"damage_taken":0.0},{"cards_removed":["Strike_B"],"damage_healed":0,"gold_gain":0,"player_choice":"Card Removal","damage_taken":0,"max_hp_gain":0,"max_hp_loss":0,"event_name":"Wheel of Change","floor":19,"gold_loss":0},{"damage_healed":0,"gold_gain":50,"player_choice":"Pray","damage_taken":0,"max_hp_gain":0,"max_hp_loss":0,"event_name":"Golden Shrine","floor":22,"gold_loss":0}],"is_beta":false,"boss_relics":[{"not_picked":["Cursed Key","FrozenCore"],"picked":"Orrery"}],"items_purged_floors":[],"is_endless":false,"potions_floor_spawned":[12,14,16,18],"killed_by":"Book of Stabbing","ascension_level":20}