{"gold_per_floor":[212,226,226,239,239,239,37,101,101,162,200,200,235,255,255,255],"floor_reached":16,"playtime":596,"items_purged":[],"score":203,"play_id":"3493f614-74c4-44f6-bfde-d136cbd147eb","local_time":"20190618003648","is_ascension_mode":true,"campfire_choices":[{"data":"Bash","floor":6,"key":"SMITH"},{"floor":15,"key":"REST"}],"neow_cost":"NONE","seed_source_timestamp":4450546649216614,"circlet_count":0,"master_deck":["AscendersBane","Strike_R","Strike_R","Strike_R","Strike_R","Strike_R","Defend_R","Defend_R","Defend_R","Defend_R","Bash+1","Anger+1","Uppercut","Whirlwind","HandOfGreed","Feel No Pain","Shockwave","Armaments"],"relics":["Burning Blood","Golden Idol","Nunchaku","The Courier"],"potions_floor_usage":[13,13],"damage_taken":[{"damage":8,"enemies":"2 Louse","floor":1,"turns":3},{"damage":7,"enemies":"Jaw Worm","floor":2,"turns":4},{"damage":11,"enemies":"Cultist","floor":4,"turns":4},{"damage":20,"enemies":"Gremlin Gang","floor":8,"turns":6},{"damage":27,"enemies":"Lots of Slimes","floor":10,"turns":8},{"damage":5,"enemies":"3 Louse","floor":11,"turns":4},{"damage":17,"enemies":"Lagavulin","floor":13,"turns":6},{"damage":9,"enemies":"Large Slime","floor":14,"turns":6},{"damage":38,"enemies":"Hexaghost","floor":16,"turns":7}],"seed_played":"-902378924114166455","potions_obtained":[{"floor":4,"key":"Strength Potion"},{"floor":8,"key":"SteroidPotion"}],"is_trial":false,"path_per_floor":["M","M","?","M","?","R","$","M","T","M","M","$","E","M","R","B"],"character_chosen":"IRONCLAD","items_purchased":["HandOfGreed"],"campfire_rested":1,"item_purchase_floors":[7],"current_hp_per_floor":[66,65,65,60,60,60,60,46,46,25,26,26,15,12,32,0],"gold":255,"neow_bonus":"HUNDRED_GOLD","is_prod":false,"is_daily":false,"chose_seed":false,"campfire_upgraded":1,"win_rate":0,"timestamp":1560832608,"path_taken":["M","M","?","M","?","R","$","?","T","M","?","$","E","M","R","BOSS"],"build_version":"2019-01-23","purchased_purges":0,"victory":false,"max_hp_per_floor":[75,75,68,68,68,68,68,68,68,68,68,68,68,68,68,68],"card_choices":[{"not_picked":["Havoc","Wild Strike"],"picked":"Anger","floor":1},{"not_picked":["Headbutt","Wild Strike"],"picked":"Uppercut","floor":2},{"not_picked":["True Grit","Carnage"],"picked":"Whirlwind","floor":4},{"not_picked":["Corruption","True Grit"],"picked":"Feel No Pain","floor":8},{"not_picked":["Clash","Heavy Blade","Pommel Strike"],"picked":"SKIP","floor":10},{"not_picked":["Twin Strike","Rage"],"picked":"Shockwave","floor":11},{"not_picked":["Sentinel","Brutality"],"picked":"Armaments","floor":13},{"not_picked":["Heavy Blade","Warcry","Power Through"],"picked":"SKIP","floor":14}],"player_experience":752700,"relics_obtained":[{"floor":9,"key":"Nunchaku"},{"floor":13,"key":"The Courier"}],"event_choices":[{"damage_healed":0,"gold_gain":0,"player_choice":"Lose Max HP","damage_taken":0,"relics_obtained":["Golden Idol"],"max_hp_gain":0,"max_hp_loss":7,"event_name":"Golden Idol","floor":3,"gold_loss":0},{"damage_healed":0,"gold_gain":0,"player_choice":"Upgraded","damage_taken":0,"max_hp_gain":0,"max_hp_loss":0,"event_name":"Upgrade Shrine","floor":5,"gold_loss":0,"cards_upgraded":["Anger"]}],"is_beta":false,"boss_relics":[],"items_purged_floors":[],"is_endless":false,"potions_floor_spawned":[4,8,10],"killed_by":"Hexaghost","ascension_level":19}