{"gold_per_floor":[144,94,169,169,218,218,267,267,342,391,391,91,91,140,140,465,465,514,563,478,527,527],"floor_reached":22,"playtime":844,"items_purged":[],"score":376,"play_id":"d1e50beb-6a6b-4917-8287-56e9ec96c48e","local_time":"20190201105329","daily_mods":["Insanity","Hoarder","Midas"],"is_ascension_mode":false,"campfire_choices":[{"floor":6,"key":"REST"},{"floor":8,"key":"REST"},{"floor":15,"key":"REST"}],"neow_cost":"","seed_source_timestamp":0,"circlet_count":0,"master_deck":["Dagger Spray","Outmaneuver","Poisoned Stab","Flying Knee","Crippling Poison","Underhanded Strike","Distraction","Underhanded Strike","Prepared","Flying Knee","Dodge and Roll","Deadly Poison","Flechettes","Outmaneuver","Dodge and Roll","Accuracy","Bouncing Flask","Dagger Spray","Underhanded Strike","Poisoned Stab","Sucker Punch","Flying Knee","Outmaneuver","Terror","Crippling Poison","Slice","Deflect","Dodge and Roll","Underhanded Strike","Deadly Poison","Prepared","Slice","Flying Knee","Acrobatics","Underhanded Strike","Quick Slash","Blade Dance","Endless Agony","Flechettes","Escape Plan","Bane","Cloak And Dagger","Accuracy","Acrobatics","Dodge and Roll","Backflip","Prepared","Outmaneuver","Endless Agony","Sucker Punch","Leg Sweep","Leg Sweep","Riddle With Holes","Riddle With Holes","Riddle With Holes","Catalyst+1","Catalyst","Catalyst","Terror","Terror","Terror","Calculated Gamble","Calculated Gamble","Calculated Gamble","Malaise","Malaise","Malaise","Cloak And Dagger+1","Cloak And Dagger+1","Cloak And Dagger+1"],"special_seed":17928,"relics":["Ring of the Snake","Golden Idol","Paper Crane","The Specimen","FaceOfCleric","Black Star","Dodecahedron"],"potions_floor_usage":[16,21],"damage_taken":[{"damage":0,"enemies":"2 Louse","floor":1,"turns":2},{"damage":10,"enemies":"Small Slimes","floor":5,"turns":2},{"damage":0,"enemies":"Cultist","floor":7,"turns":2},{"damage":0,"enemies":"2 Fungi Beasts","floor":10,"turns":3},{"damage":18,"enemies":"Large Slime","floor":14,"turns":5},{"damage":8,"enemies":"The Guardian","floor":16,"turns":7},{"damage":4,"enemies":"3 Byrds","floor":18,"turns":5},{"damage":10,"enemies":"Spheric Guardian","floor":19,"turns":3},{"damage":50,"enemies":"3 Cultists","floor":21,"turns":8},{"damage":12,"enemies":"Snake Plant","floor":22,"turns":1}],"seed_played":"4077721088213470918","potions_obtained":[{"floor":5,"key":"LiquidBronze"},{"floor":7,"key":"EssenceOfSteel"},{"floor":19,"key":"Explosive Potion"}],"is_trial":false,"path_per_floor":["M","?","?","?","M","R","M","R","T","M","?","$","?","M","R","B",null,"M","M","?","M","M"],"character_chosen":"THE_SILENT","items_purchased":["The Specimen"],"campfire_rested":3,"item_purchase_floors":[12],"current_hp_per_floor":[70,70,59,42,32,53,53,70,70,70,70,70,70,53,71,64,72,69,60,60,11,0],"gold":527,"neow_bonus":"","is_prod":false,"is_daily":true,"chose_seed":false,"campfire_upgraded":0,"win_rate":0,"timestamp":1549047209,"path_taken":["M","?","?","?","M","R","M","R","T","M","?","$","?","M","R","BOSS","M","M","?","M","M"],"build_version":"2019-01-23","purchased_purges":0,"victory":false,"max_hp_per_floor":[70,70,70,70,70,70,70,70,70,70,70,70,70,71,71,72,72,73,74,74,75,75],"card_choices":[{"not_picked":["Backflip","Sucker Punch"],"picked":"Leg Sweep","floor":1},{"not_picked":["Blade Dance","Flying Knee"],"picked":"Riddle With Holes","floor":5},{"not_picked":["Deflect","Bane"],"picked":"Catalyst","floor":7},{"not_picked":["Deadly Poison","Eviscerate"],"picked":"Terror","floor":10},{"not_picked":["Poisoned Stab","Eviscerate"],"picked":"Calculated Gamble","floor":14},{"not_picked":["Grand Finale","Night Terror"],"picked":"Malaise","floor":16},{"not_picked":["Slice+1","PiercingWail"],"picked":"Cloak And Dagger+1","floor":18},{"not_picked":["Dagger Throw","Prepared","Predator"],"picked":"SKIP","floor":19},{"not_picked":["Calculated Gamble","Dagger Throw","Bane"],"picked":"SKIP","floor":21}],"player_experience":180959,"relics_obtained":[{"floor":9,"key":"Paper Crane"}],"event_choices":[{"cards_removed":["Leg Sweep"],"damage_healed":0,"gold_gain":0,"player_choice":"Card Removal","damage_taken":0,"max_hp_gain":0,"max_hp_loss":0,"event_name":"The Cleric","floor":2,"gold_loss":50},{"damage_healed":0,"gold_gain":75,"player_choice":"Gather Gold","damage_taken":11,"max_hp_gain":0,"max_hp_loss":0,"event_name":"World of Goop","floor":3,"gold_loss":0},{"damage_healed":0,"gold_gain":0,"player_choice":"Take Damage","damage_taken":17,"relics_obtained":["Golden Idol"],"max_hp_gain":0,"max_hp_loss":0,"event_name":"Golden Idol","floor":4,"gold_loss":0},{"damage_healed":0,"gold_gain":0,"player_choice":"Grow","damage_taken":0,"max_hp_gain":0,"max_hp_loss":0,"event_name":"Living Wall","floor":11,"gold_loss":0,"cards_upgraded":["Catalyst"]},{"damage_healed":0,"gold_gain":0,"player_choice":"Trade","damage_taken":0,"relics_obtained":["FaceOfCleric"],"max_hp_gain":0,"max_hp_loss":0,"event_name":"FaceTrader","floor":13,"gold_loss":0},{"damage_healed":0,"gold_gain":0,"player_choice":"Obtained Relic","damage_taken":0,"relics_obtained":["Dodecahedron"],"max_hp_gain":0,"max_hp_loss":0,"event_name":"Addict","floor":20,"gold_loss":85}],"is_beta":false,"boss_relics":[{"not_picked":["Empty Cage","Ring of the Serpent"],"picked":"Black Star"}],"items_purged_floors":[],"is_endless":false,"potions_floor_spawned":[5,7,19],"killed_by":"Snake Plant","ascension_level":0}