{"gold_per_floor":[113,132,132,144,69,69,98,98,170,182,216,236,236,266,266,343,343,362,55,55,55],"floor_reached":21,"playtime":650,"items_purged":["Strike_B"],"score":394,"play_id":"4621746c-78fd-4780-92bd-4c43854bc5da","local_time":"20190702115644","is_ascension_mode":true,"campfire_choices":[{"floor":6.0,"key":"REST"},{"data":"Zap","floor":8.0,"key":"SMITH"},{"floor":13.0,"key":"REST"},{"floor":15.0,"key":"REST"}],"neow_cost":"NONE","seed_source_timestamp":177429543633200,"circlet_count":0,"master_deck":["AscendersBane","Strike_B","Strike_B","Defend_B","Defend_B","Defend_B","Defend_B","Zap+1","Dualcast","Ball Lightning","Ball Lightning","Steam","Self Repair","Echo Form","Ball Lightning","Stack+1","White Noise+1","Leap+1","Echo Form","Consume+1","Capacitor","Double Energy+1","Enlightenment+1"],"special_seed":0,"relics":["Cracked Core","Happy Flower","DataDisk","Question Card","Toxic Egg 2","Oddly Smooth Stone","Sozu"],"potions_floor_usage":[],"damage_taken":[{"damage":14.0,"enemies":"Small Slimes","floor":1.0,"turns":3.0},{"damage":6.0,"enemies":"Cultist","floor":2.0,"turns":3.0},{"damage":2.0,"enemies":"Jaw Worm","floor":4.0,"turns":2.0},{"damage":24.0,"enemies":"3 Sentries","floor":7.0,"turns":6.0},{"damage":13.0,"enemies":"Gremlin Gang","floor":10.0,"turns":4.0},{"damage":24.0,"enemies":"Lagavulin","floor":11.0,"turns":5.0},{"damage":7.0,"enemies":"Looter","floor":12.0,"turns":3.0},{"damage":25.0,"enemies":"3 Sentries","floor":14.0,"turns":6.0},{"damage":18.0,"enemies":"Slime Boss","floor":16.0,"turns":8.0},{"damage":40.0,"enemies":"3 Byrds","floor":18.0,"turns":4.0},{"damage":33,"enemies":"Shell Parasite","floor":21,"turns":3}],"seed_played":"7478232647596659504","potions_obtained":[{"floor":2.0,"key":"SpeedPotion"},{"floor":10.0,"key":"Regen Potion"},{"floor":11.0,"key":"SpeedPotion"},{"floor":16.0,"key":"SkillPotion"}],"is_trial":false,"path_per_floor":["M","M","?","M","$","R","E","R","T","M","E","M","R","E","R","B",null,"M","$","?","M"],"character_chosen":"DEFECT","items_purchased":["Self Repair","Capacitor","Double Energy+1","Enlightenment+1"],"campfire_rested":3,"item_purchase_floors":[5,19,19,19],"current_hp_per_floor":[50,44,37,35,35,56,39,39,39,33,37,37,58,47,68,57,68,42,42,22,0],"gold":55,"neow_bonus":"RANDOM_COMMON_RELIC","is_prod":false,"is_daily":false,"chose_seed":false,"campfire_upgraded":1,"win_rate":0,"timestamp":1562065004,"path_taken":["M","M","?","M","$","R","E","R","T","M","E","M","R","E","R","BOSS","M","$","?","M"],"build_version":"2019-07-01","purchased_purges":1,"victory":false,"max_hp_per_floor":[71,71,71,71,71,71,71,71,71,71,71,71,71,71,71,71,71,71,71,76,76],"card_choices":[{"not_picked":["Barrage","Leap"],"picked":"Ball Lightning","floor":1.0},{"not_picked":["Barrage","Beam Cell"],"picked":"Ball Lightning","floor":2.0},{"not_picked":["Sweeping Beam","Turbo"],"picked":"Steam","floor":4.0},{"not_picked":["Reinforced Body","Static Discharge"],"picked":"Echo Form","floor":7.0},{"not_picked":["Rebound","Aggregate","Compile Driver"],"picked":"Ball Lightning","floor":10.0},{"not_picked":["Turbo","Compile Driver","Auto Shields"],"picked":"Stack","floor":11.0},{"not_picked":["Auto Shields+1","Hologram+1","Conserve Battery+1"],"picked":"White Noise+1","floor":12.0},{"not_picked":["Rebound","Amplify+1","Conserve Battery+1"],"picked":"Leap+1","floor":14.0},{"not_picked":["Core Surge","Multi-Cast+1","Meteor Strike"],"picked":"Echo Form","floor":16.0},{"not_picked":["Beam Cell","Go for the Eyes","Rebound"],"picked":"Consume+1","floor":18.0}],"player_experience":1530175,"relics_obtained":[{"floor":7.0,"key":"DataDisk"},{"floor":9.0,"key":"Question Card"},{"floor":11.0,"key":"Toxic Egg 2"},{"floor":14.0,"key":"Oddly Smooth Stone"}],"event_choices":[{"cards_removed":["Strike_B"],"damage_healed":0.0,"max_hp_gain":0.0,"max_hp_loss":0.0,"gold_gain":0.0,"event_name":"Golden Wing","player_choice":"Card Removal","floor":3.0,"gold_loss":0.0,"damage_taken":7.0},{"damage_healed":0.0,"max_hp_gain":5.0,"max_hp_loss":0.0,"gold_gain":0.0,"event_name":"Forgotten Altar","player_choice":"Shed Blood","floor":20.0,"gold_loss":0.0,"damage_taken":25.0}],"is_beta":false,"boss_relics":[{"not_picked":["Cursed Key","FrozenCore"],"picked":"Sozu"}],"items_purged_floors":[19],"is_endless":false,"potions_floor_spawned":[2,10,11,16,18],"killed_by":"Shell Parasite","ascension_level":20}