{"gold_per_floor":[109,109,124,148,148,148,178,205,231,231,231,262,278,336,336,336],"floor_reached":16,"playtime":387,"items_purged":[],"score":207,"play_id":"687b180c-3b6f-4539-bc53-ca91e0f15879","local_time":"20190618004348","is_ascension_mode":true,"campfire_choices":[{"data":"Perfected Strike","floor":6.0,"key":"SMITH"},{"data":"Evolve","floor":10.0,"key":"SMITH"},{"data":"Cleave","floor":15,"key":"SMITH"}],"neow_cost":"NONE","seed_source_timestamp":4451156893011025,"circlet_count":0,"master_deck":["AscendersBane","Strike_R","Strike_R","Strike_R","Strike_R","Strike_R","Defend_R","Defend_R","Defend_R","Defend_R","Bash+1","Headbutt","Perfected Strike+1","Cleave+1","Evolve+1","Reaper","Dropkick","Shrug It Off+1"],"special_seed":0,"relics":["Burning Blood","Anchor","Toxic Egg 2","Odd Mushroom","Regal Pillow","Juzu Bracelet","Ancient Tea Set"],"potions_floor_usage":[14],"damage_taken":[{"damage":1.0,"enemies":"Cultist","floor":1.0,"turns":3.0},{"damage":2.0,"enemies":"2 Louse","floor":3.0,"turns":4.0},{"damage":8.0,"enemies":"Gremlin Nob","floor":7.0,"turns":3.0},{"damage":28.0,"enemies":"The Mushroom Lair","floor":8.0,"turns":4.0},{"damage":15,"enemies":"3 Sentries","floor":12,"turns":6},{"damage":10,"enemies":"Small Slimes","floor":13,"turns":3},{"damage":20,"enemies":"3 Sentries","floor":14,"turns":5},{"damage":38,"enemies":"Slime Boss","floor":16,"turns":3}],"seed_played":"345756161269001761","potions_obtained":[{"floor":3.0,"key":"GamblersBrew"},{"floor":7.0,"key":"SmokeBomb"},{"floor":8.0,"key":"Explosive Potion"}],"is_trial":false,"path_per_floor":["M","$","M","T","?","R","E","?","T","R","$","E","M","?","R","B"],"character_chosen":"IRONCLAD","items_purchased":[],"campfire_rested":0,"item_purchase_floors":[],"current_hp_per_floor":[73,73,75,75,75,75,73,51,51,51,51,42,44,38,38,0],"gold":336,"neow_bonus":"UPGRADE_CARD","is_prod":false,"is_daily":false,"chose_seed":false,"campfire_upgraded":3,"win_rate":0,"timestamp":1560833028,"path_taken":["M","$","M","?","?","R","E","?","T","R","$","E","M","?","R","BOSS"],"build_version":"2019-01-23","purchased_purges":0,"victory":false,"max_hp_per_floor":[75,75,75,75,75,75,75,75,75,75,75,75,75,75,75,75],"card_choices":[{"not_picked":["Heavy Blade","Blood for Blood"],"picked":"Headbutt","floor":1.0},{"not_picked":["Heavy Blade","Anger"],"picked":"Perfected Strike","floor":3.0},{"not_picked":["Clash","Power Through"],"picked":"Cleave","floor":7.0},{"not_picked":["Iron Wave","Second Wind+1"],"picked":"Evolve","floor":8.0},{"not_picked":["Inflame","Clash"],"picked":"Reaper","floor":12},{"not_picked":["Twin Strike","Battle Trance+1"],"picked":"Dropkick","floor":13},{"not_picked":["Iron Wave","Clothesline"],"picked":"Shrug It Off+1","floor":14}],"player_experience":753296,"relics_obtained":[{"floor":4.0,"key":"Anchor"},{"floor":7.0,"key":"Toxic Egg 2"},{"floor":8.0,"key":"Odd Mushroom"},{"floor":9.0,"key":"Regal Pillow"},{"floor":12,"key":"Juzu Bracelet"},{"floor":14,"key":"Ancient Tea Set"}],"event_choices":[{"damage_healed":0.0,"max_hp_gain":0.0,"max_hp_loss":0.0,"gold_gain":0.0,"event_name":"Shining Light","player_choice":"Ignored","floor":5.0,"gold_loss":0.0,"damage_taken":0.0},{"damage_healed":0.0,"max_hp_gain":0.0,"max_hp_loss":0.0,"gold_gain":0.0,"event_name":"Mushrooms","player_choice":"Fought Mushrooms","floor":8.0,"gold_loss":0.0,"damage_taken":0.0},{"damage_healed":0,"gold_gain":30,"player_choice":"Searched \u00273\u0027 times","damage_taken":0,"max_hp_gain":0,"max_hp_loss":0,"event_name":"Dead Adventurer","floor":14,"gold_loss":0}],"is_beta":false,"boss_relics":[],"items_purged_floors":[],"is_endless":false,"potions_floor_spawned":[3,7,8],"killed_by":"Slime Boss","ascension_level":19}