{"gold_per_floor":[118,128,141,40,40,67,87,262,335,29,29,29,39,56,56,153,153,172,97,97,97],"floor_reached":21,"playtime":775,"items_purged":["Strike_R","Doubt"],"score":260,"play_id":"e2f4c14f-5772-4b97-9e35-538c7c7a90c1","local_time":"20190710192307","is_ascension_mode":true,"campfire_choices":[{"data":"Sword Boomerang","floor":11,"key":"SMITH"},{"data":"True Grit","floor":15,"key":"SMITH"}],"neow_cost":"NONE","seed_source_timestamp":16202362695409,"circlet_count":0,"master_deck":["Strike_R","Strike_R","Strike_R","Strike_R","Defend_R","Defend_R","Defend_R","Defend_R","Bash","Uppercut+1","Sword Boomerang+1","Warcry","Flex","Evolve","True Grit+1","Offering","Battle Trance","Immolate"],"relics":["Burning Blood","Smiling Mask","Bird Faced Urn","Gremlin Horn","Potion Belt","Black Star"],"potions_floor_usage":[16,16,16,16,21],"damage_taken":[{"damage":6,"enemies":"Cultist","floor":1,"turns":4},{"damage":7,"enemies":"Jaw Worm","floor":2,"turns":3},{"damage":3,"enemies":"2 Louse","floor":3,"turns":3},{"damage":33,"enemies":"Lagavulin","floor":6,"turns":7},{"damage":13,"enemies":"Gremlin Gang","floor":7,"turns":5},{"damage":5,"enemies":"Lots of Slimes","floor":13,"turns":3},{"damage":12,"enemies":"Exordium Wildlife","floor":14,"turns":4},{"damage":35,"enemies":"Hexaghost","floor":16,"turns":16},{"damage":18,"enemies":"Chosen","floor":18,"turns":4},{"damage":33,"enemies":"2 Thieves","floor":19,"turns":5},{"damage":33,"enemies":"Snecko","floor":21,"turns":4}],"seed_played":"-2607988004309020529","potions_obtained":[{"floor":1,"key":"FearPotion"},{"floor":7,"key":"AttackPotion"},{"floor":13,"key":"SkillPotion"},{"floor":16,"key":"EssenceOfSteel"},{"floor":18,"key":"SteroidPotion"}],"is_trial":false,"path_per_floor":["M","M","M","$","?","E","M","?","T","$","R","$","M","M","R","B",null,"M","M","?","M"],"character_chosen":"IRONCLAD","items_purchased":["Weak Potion","Potion Belt","Strength Potion","Swift Potion"],"campfire_rested":0,"item_purchase_floors":[4,10,10,10],"current_hp_per_floor":[72,71,74,74,74,47,40,40,40,40,40,40,41,35,35,8,62,52,27,27,0],"gold":97,"neow_bonus":"RANDOM_COMMON_RELIC","is_prod":false,"is_daily":false,"chose_seed":false,"campfire_upgraded":2,"win_rate":0,"timestamp":1562757787,"path_taken":["M","?","M","$","?","E","M","?","T","$","R","$","M","M","R","BOSS","M","M","?","M"],"build_version":"2019-07-05","purchased_purges":2,"victory":false,"max_hp_per_floor":[80,80,80,80,80,80,80,80,80,80,80,80,80,80,80,80,80,80,80,80,80],"card_choices":[{"not_picked":["Pommel Strike","Blood for Blood"],"picked":"Uppercut","floor":1},{"not_picked":["Clothesline","Feel No Pain"],"picked":"Sword Boomerang","floor":2},{"not_picked":["Heavy Blade","Uppercut"],"picked":"Warcry","floor":3},{"not_picked":["Fiend Fire","Twin Strike"],"picked":"Flex","floor":6},{"not_picked":["Uppercut","Shockwave","Thunderclap"],"picked":"SKIP","floor":7},{"not_picked":["Twin Strike","Iron Wave"],"picked":"Evolve","floor":13},{"not_picked":["Headbutt","Carnage"],"picked":"True Grit","floor":14},{"not_picked":["Fiend Fire","Dark Embrace"],"picked":"Offering","floor":16},{"not_picked":["Rage","Sword Boomerang+1","Rupture"],"picked":"SKIP","floor":18},{"not_picked":["Havoc","Burning Pact"],"picked":"Battle Trance","floor":19}],"player_experience":1035127,"relics_obtained":[{"floor":6,"key":"Bird Faced Urn"},{"floor":9,"key":"Gremlin Horn"}],"event_choices":[{"damage_healed":0,"gold_gain":0,"player_choice":"Grow","damage_taken":0,"max_hp_gain":0,"max_hp_loss":0,"event_name":"Living Wall","floor":5,"gold_loss":0,"cards_upgraded":["Uppercut"]},{"damage_healed":0,"gold_gain":175,"player_choice":"AGREE","damage_taken":0,"max_hp_gain":0,"max_hp_loss":0,"event_name":"Liars Game","floor":8,"gold_loss":0,"cards_obtained":["Doubt"]},{"damage_healed":0,"gold_gain":0,"player_choice":"1 cards matched","damage_taken":0,"max_hp_gain":0,"max_hp_loss":0,"event_name":"Match and Keep!","floor":20,"gold_loss":0,"cards_obtained":["Immolate"]}],"is_beta":false,"boss_relics":[{"not_picked":["Pandora\u0027s Box","Runic Dome"],"picked":"Black Star"}],"items_purged_floors":[4,10],"is_endless":false,"potions_floor_spawned":[1,7,13,16,18],"killed_by":"Snecko","ascension_level":9}