{"gold_per_floor":[11,29,29,43,43,43,77,77,77,110,110,125,143,169,169,248,248,226,226,239,258,11,11],"floor_reached":23,"playtime":964,"items_purged":["Strike_R"],"score":422,"play_id":"c317597b-7623-4e22-b661-d49d365033b3","local_time":"20190605231238","is_ascension_mode":true,"campfire_choices":[{"data":"Bash","floor":6,"key":"SMITH"},{"floor":8,"key":"REST"},{"data":"Flame Barrier","floor":11,"key":"SMITH"},{"floor":15,"key":"REST"}],"neow_cost":"NO_GOLD","seed_source_timestamp":103326927747700,"circlet_count":0,"master_deck":["AscendersBane","Strike_R","Strike_R","Strike_R","Strike_R","Defend_R","Defend_R","Defend_R","Defend_R","Bash+1","Shrug It Off","Flame Barrier+1","Sword Boomerang","Corruption+1","Offering","Pommel Strike","Iron Wave","Juggernaut+1"],"relics":["Burning Blood","Pocketwatch","Regal Pillow","Frozen Egg 2","Gremlin Horn","Kunai","Philosopher\u0027s Stone","Lantern"],"potions_floor_usage":[7,10,12,14,21],"damage_taken":[{"damage":7,"enemies":"Cultist","floor":1,"turns":4},{"damage":2,"enemies":"Jaw Worm","floor":2,"turns":5},{"damage":11,"enemies":"2 Louse","floor":4,"turns":2},{"damage":50,"enemies":"Lagavulin","floor":7,"turns":9},{"damage":17,"enemies":"3 Sentries","floor":10,"turns":12},{"damage":8,"enemies":"Exordium Thugs","floor":12,"turns":4},{"damage":6,"enemies":"Looter","floor":13,"turns":4},{"damage":19,"enemies":"Gremlin Nob","floor":14,"turns":3},{"damage":15,"enemies":"The Guardian","floor":16,"turns":15},{"damage":18,"enemies":"2 Thieves","floor":18,"turns":4},{"damage":6,"enemies":"Chosen","floor":20,"turns":3},{"damage":27,"enemies":"3 Cultists","floor":21,"turns":6},{"damage":56,"enemies":"Slavers","floor":23,"turns":4}],"seed_played":"4731596149048946778","potions_obtained":[{"floor":5,"key":"FairyPotion"},{"floor":5,"key":"Strength Potion"},{"floor":7,"key":"SkillPotion"},{"floor":10,"key":"Energy Potion"},{"floor":13,"key":"FearPotion"},{"floor":20,"key":"Block Potion"},{"floor":21,"key":"Dexterity Potion"}],"is_trial":false,"path_per_floor":["M","M","?","M","?","R","E","R","T","E","R","M","M","E","R","B",null,"M","?","M","M","$","E"],"character_chosen":"IRONCLAD","items_purchased":["Lantern"],"campfire_rested":2,"item_purchase_floors":[22],"current_hp_per_floor":[67,71,71,66,66,66,22,59,59,48,48,46,46,33,70,61,72,60,60,60,39,39,0],"gold":11,"neow_bonus":"ONE_RARE_RELIC","is_prod":false,"is_daily":false,"chose_seed":false,"campfire_upgraded":2,"win_rate":0,"timestamp":1559772758,"path_taken":["M","M","?","M","?","R","E","R","T","E","R","?","M","E","R","BOSS","M","?","?","M","$","E"],"build_version":"2019-01-23","purchased_purges":1,"victory":false,"max_hp_per_floor":[75,75,75,75,75,75,75,75,75,75,75,75,75,75,75,75,75,75,75,75,75,75,75],"card_choices":[{"not_picked":["Armaments","Clash"],"picked":"Shrug It Off","floor":1},{"not_picked":["Clash","Fire Breathing"],"picked":"Flame Barrier","floor":2},{"not_picked":["Blood for Blood","Burning Pact","Rupture"],"picked":"SKIP","floor":4},{"not_picked":["Entrench","Perfected Strike"],"picked":"Sword Boomerang","floor":7},{"not_picked":["Shrug It Off","Sever Soul"],"picked":"Corruption+1","floor":10},{"not_picked":["Whirlwind","Clothesline"],"picked":"Offering","floor":12},{"not_picked":["Ghostly Armor","Rupture+1"],"picked":"Pommel Strike","floor":13},{"not_picked":["Perfected Strike","Bloodletting"],"picked":"Iron Wave","floor":14},{"not_picked":["Berserk+1","Exhume"],"picked":"Juggernaut+1","floor":16},{"not_picked":["Power Through","Searing Blow+1","Havoc"],"picked":"SKIP","floor":18},{"not_picked":["Sword Boomerang","Cleave","Iron Wave"],"picked":"SKIP","floor":20},{"not_picked":["Anger+1","Perfected Strike","Second Wind"],"picked":"SKIP","floor":21}],"player_experience":1432391,"relics_obtained":[{"floor":7,"key":"Regal Pillow"},{"floor":9,"key":"Frozen Egg 2"},{"floor":10,"key":"Gremlin Horn"},{"floor":14,"key":"Kunai"}],"event_choices":[{"damage_healed":0,"gold_gain":0,"player_choice":"Ignored","damage_taken":0,"max_hp_gain":0,"max_hp_loss":0,"event_name":"Liars Game","floor":3,"gold_loss":0},{"damage_healed":0,"gold_gain":0,"player_choice":"Got Potions","damage_taken":0,"max_hp_gain":0,"max_hp_loss":0,"event_name":"Lab","floor":5,"gold_loss":0},{"damage_healed":0,"gold_gain":0,"player_choice":"Ignored","damage_taken":0,"max_hp_gain":0,"max_hp_loss":0,"event_name":"N\u0027loth","floor":19,"gold_loss":0}],"is_beta":false,"boss_relics":[{"not_picked":["Runic Dome","Runic Cube"],"picked":"Philosopher\u0027s Stone"}],"items_purged_floors":[22],"is_endless":false,"potions_floor_spawned":[7,10,13,20,21],"killed_by":"Slavers","ascension_level":20}