{"gold_per_floor":[117,134,134,22,22,22,48,48,73,83,83,111,88,118,118,216,216,234,197,197,92,108,108,120,120,120,154,172,172,185,212,212,314,314,330,230,230,230,249,249,282,282,282,314,331,341,216,242,242,242],"floor_reached":51,"playtime":2706,"items_purged":["Strike_B","Defend_B","Writhe"],"score":990,"play_id":"5b055d85-d0db-456a-a91b-76c3abb214b4","local_time":"20190708010034","is_ascension_mode":true,"campfire_choices":[{"data":"Zap","floor":6,"key":"SMITH"},{"data":"Consume","floor":8,"key":"SMITH"},{"data":"Sunder","floor":11,"key":"SMITH"},{"data":"Seek","floor":15,"key":"SMITH"},{"data":"Capacitor","floor":23,"key":"SMITH"},{"data":"Defragment","floor":25,"key":"SMITH"},{"data":"Blizzard","floor":29,"key":"SMITH"},{"data":"Loop","floor":32,"key":"SMITH"},{"floor":40,"key":"RECALL"},{"data":"Self Repair","floor":42,"key":"SMITH"},{"data":"Dualcast","floor":49,"key":"SMITH"}],"neow_cost":"NONE","seed_source_timestamp":95826207262124,"circlet_count":0,"master_deck":["Defend_B","Defend_B+1","Defend_B","Zap+1","Dualcast+1","Coolheaded+1","Sunder+1","Consume+1","Ball Lightning","Seek+1","Cold Snap","Self Repair+1","Electrodynamics","Capacitor+1","Glacier","Blizzard+1","Defragment+1","Loop+1","Capacitor+1","Chill+1","Core Surge"],"relics":["Cracked Core","Oddly Smooth Stone","Blood Vial","Vajra","Potion Belt","Cursed Key","Shuriken","Bag of Preparation","Empty Cage","Regal Pillow","Mercury Hourglass","Bottled Lightning"],"potions_floor_usage":[30,31],"damage_taken":[{"damage":0,"enemies":"Small Slimes","floor":1,"turns":2},{"damage":6,"enemies":"Jaw Worm","floor":2,"turns":4},{"damage":0,"enemies":"2 Louse","floor":10,"turns":2},{"damage":13,"enemies":"Lagavulin","floor":12,"turns":6},{"damage":18,"enemies":"3 Sentries","floor":14,"turns":6},{"damage":19,"enemies":"Hexaghost","floor":16,"turns":11},{"damage":11,"enemies":"Shell Parasite","floor":18,"turns":5},{"damage":6,"enemies":"Chosen","floor":22,"turns":5},{"damage":4,"enemies":"Snecko","floor":24,"turns":4},{"damage":17,"enemies":"Gremlin Leader","floor":27,"turns":6},{"damage":6,"enemies":"Shelled Parasite and Fungi","floor":28,"turns":8},{"damage":14,"enemies":"Snake Plant","floor":30,"turns":6},{"damage":21,"enemies":"Slavers","floor":31,"turns":5},{"damage":0,"enemies":"Automaton","floor":33,"turns":9},{"damage":0,"enemies":"Orb Walker","floor":35,"turns":6},{"damage":0,"enemies":"3 Darklings","floor":39,"turns":2},{"damage":2,"enemies":"Reptomancer","floor":41,"turns":5},{"damage":0,"enemies":"Nemesis","floor":44,"turns":9},{"damage":0,"enemies":"Jaw Worm Horde","floor":45,"turns":3},{"damage":0,"enemies":"Sphere and 2 Shapes","floor":46,"turns":6},{"damage":2,"enemies":"Giant Head","floor":48,"turns":9},{"damage":14,"enemies":"Time Eater","floor":50,"turns":14}],"seed_played":"-2237705368444381962","potions_obtained":[{"floor":2,"key":"SpeedPotion"},{"floor":14,"key":"Fire Potion"},{"floor":18,"key":"PowerPotion"},{"floor":22,"key":"FocusPotion"},{"floor":24,"key":"SneckoOil"},{"floor":39,"key":"AttackPotion"},{"floor":44,"key":"SneckoOil"}],"is_trial":false,"path_per_floor":["M","M","?","$","?","R","T","R","T","M","R","E","$","E","R","B",null,"M","$","?","$","M","R","M","R","T","E","M","R","M","E","R","B",null,"M","$","?","?","M","R","E","R","T","E","M","M","$","E","R","B",null],"character_chosen":"DEFECT","items_purchased":["Consume","Cold Snap","Capacitor","Glacier","Blizzard"],"campfire_rested":0,"item_purchase_floors":[4,13,19,21,21],"current_hp_per_floor":[82,76,81,81,64,64,64,64,64,66,66,55,55,39,39,29,87,83,83,83,83,86,86,87,87,87,77,80,80,75,56,56,65,87,87,87,87,87,87,87,87,87,87,87,87,87,87,87,87,83],"gold":242,"neow_bonus":"TEN_PERCENT_HP_BONUS","is_prod":false,"is_daily":false,"chose_seed":false,"campfire_upgraded":10,"win_rate":0,"timestamp":1562540434,"path_taken":["M","M","?","$","?","R","?","R","T","M","R","E","?","E","R","BOSS","M","$","?","$","M","R","M","R","T","E","M","R","M","E","R","BOSS","M","$","?","?","M","R","E","R","T","E","M","M","$","E","R","BOSS"],"build_version":"2019-07-05","purchased_purges":3,"victory":true,"max_hp_per_floor":[82,82,87,87,87,87,87,87,87,87,87,87,87,87,87,87,87,87,87,87,87,87,87,87,87,87,87,87,87,87,87,87,87,87,87,87,87,87,87,87,87,87,87,87,87,87,87,87,87,87],"card_choices":[{"not_picked":["Go for the Eyes","Fusion"],"picked":"Coolheaded","floor":1},{"not_picked":["Steam Power","Conserve Battery"],"picked":"Sunder","floor":2},{"not_picked":["Leap","Reinforced Body"],"picked":"Ball Lightning","floor":10},{"not_picked":["Streamline","Reprogram"],"picked":"Seek","floor":12},{"not_picked":["Beam Cell","Reprogram"],"picked":"Self Repair","floor":14},{"not_picked":["Amplify","Rainbow"],"picked":"Electrodynamics","floor":16},{"not_picked":["Beam Cell+1","Stack","Steam"],"picked":"SKIP","floor":18},{"not_picked":["Turbo","Recycle","Barrage+1"],"picked":"SKIP","floor":22},{"not_picked":["Chaos","Glacier+1"],"picked":"Defragment","floor":24},{"not_picked":["Sweeping Beam","Streamline","Gash"],"picked":"SKIP","floor":27},{"not_picked":["Barrage","Tempest","Steam+1"],"picked":"SKIP","floor":28},{"not_picked":["Barrage","Tempest","Steam+1"],"picked":"SKIP","floor":28},{"not_picked":["Tempest","Double Energy"],"picked":"Loop","floor":30},{"not_picked":["Sunder+1","Ball Lightning"],"picked":"Capacitor+1","floor":31},{"not_picked":["Thunder Strike","Fission"],"picked":"Core Surge","floor":33},{"not_picked":["Ball Lightning","Turbo+1"],"picked":"Chill+1","floor":35},{"not_picked":["Gash","Hello World+1","Steam+1"],"picked":"SKIP","floor":39},{"not_picked":["Double Energy+1","Hologram"],"picked":"Core Surge","floor":41},{"not_picked":["Rebound","Skim+1","Multi-Cast"],"picked":"SKIP","floor":44},{"not_picked":["Steam Power+1","BootSequence+1","Coolheaded+1"],"picked":"SKIP","floor":45},{"not_picked":["Static Discharge+1","Streamline+1","Skim"],"picked":"SKIP","floor":46},{"not_picked":["Undo","Compile Driver+1","Turbo"],"picked":"SKIP","floor":48}],"player_experience":27413,"relics_obtained":[{"floor":7,"key":"Oddly Smooth Stone"},{"floor":9,"key":"Blood Vial"},{"floor":12,"key":"Vajra"},{"floor":14,"key":"Potion Belt"},{"floor":27,"key":"Shuriken"},{"floor":31,"key":"Bag of Preparation"},{"floor":41,"key":"Regal Pillow"},{"floor":44,"key":"Mercury Hourglass"},{"floor":48,"key":"Bottled Lightning"}],"event_choices":[{"damage_healed":0,"gold_gain":0,"player_choice":"Donut","damage_taken":0,"max_hp_gain":5,"max_hp_loss":0,"event_name":"Big Fish","floor":3,"gold_loss":0},{"damage_healed":0,"gold_gain":0,"player_choice":"Entered Light","damage_taken":17,"max_hp_gain":0,"max_hp_loss":0,"event_name":"Shining Light","floor":5,"gold_loss":0,"cards_upgraded":["Coolheaded","Defend_B"]},{"cards_removed":["Strike_B"],"damage_healed":0,"gold_gain":0,"player_choice":"Elegance","damage_taken":0,"max_hp_gain":0,"max_hp_loss":0,"event_name":"Back to Basics","floor":20,"gold_loss":0},{"damage_healed":0,"gold_gain":0,"player_choice":"Memory 1","damage_taken":0,"max_hp_gain":0,"max_hp_loss":0,"event_name":"SensoryStone","floor":37,"gold_loss":0},{"cards_removed":["Core Surge"],"damage_healed":0,"gold_gain":0,"player_choice":"Removed Attack","damage_taken":0,"max_hp_gain":0,"max_hp_loss":0,"event_name":"Falling","floor":38,"gold_loss":0}],"is_beta":false,"boss_relics":[{"not_picked":["FrozenCore","Tiny House"],"picked":"Cursed Key"},{"not_picked":["Busted Crown","Coffee Dripper"],"picked":"Empty Cage"}],"items_purged_floors":[4,36,47],"is_endless":false,"potions_floor_spawned":[2,14,18,22,24,39,44,45],"ascension_level":4}