{"gold_per_floor":[117,132,207,217,233,233,259,259,259,259,277,38,38,65,65,144,144,163,163,41,41],"floor_reached":21,"playtime":517,"items_purged":["Strike_R","Pain"],"score":374,"play_id":"95d577d7-8372-408b-9632-ca538a15fc55","local_time":"20190531141145","is_ascension_mode":true,"campfire_choices":[{"data":"Bludgeon","floor":6.0,"key":"SMITH"},{"data":"Bash","floor":8.0,"key":"SMITH"},{"data":"Uppercut","floor":10.0,"key":"SMITH"},{"floor":15.0,"key":"REST"}],"neow_cost":"TEN_PERCENT_HP_LOSS","seed_source_timestamp":2867467837700,"circlet_count":0,"master_deck":["AscendersBane","Strike_R","Strike_R","Strike_R","Strike_R","Defend_R","Defend_R","Defend_R","Defend_R","Bash+1","Bludgeon+1","Clothesline","Combust","Seeing Red","Uppercut+1","Dropkick","Flame Barrier","Spot Weakness","Limit Break","Shrug It Off"],"special_seed":0,"relics":["Burning Blood","The Courier","WingedGreaves","ClockworkSouvenir","WarpedTongs","Calipers","Sozu"],"potions_floor_usage":[21],"damage_taken":[{"damage":9.0,"enemies":"2 Louse","floor":1.0,"turns":3.0},{"damage":0.0,"enemies":"Jaw Worm","floor":2.0,"turns":3.0},{"damage":0.0,"enemies":"Cultist","floor":4.0,"turns":3.0},{"damage":10.0,"enemies":"2 Fungi Beasts","floor":5.0,"turns":5.0},{"damage":35.0,"enemies":"3 Sentries","floor":7.0,"turns":8.0},{"damage":5.0,"enemies":"Blue Slaver","floor":11.0,"turns":3.0},{"damage":28.0,"enemies":"Lagavulin","floor":14.0,"turns":5.0},{"damage":14.0,"enemies":"Hexaghost","floor":16.0,"turns":8.0},{"damage":20.0,"enemies":"Spheric Guardian","floor":18.0,"turns":4.0},{"damage":27,"enemies":"3 Byrds","floor":21,"turns":2}],"seed_played":"-3405854353653346267","potions_obtained":[{"floor":4.0,"key":"Strength Potion"},{"floor":11.0,"key":"LiquidBronze"},{"floor":14.0,"key":"SpeedPotion"},{"floor":16.0,"key":"PowerPotion"}],"is_trial":false,"path_per_floor":["M","M","?","M","M","R","E","R","T","R","M","$","?","E","R","B",null,"M","?","$","M"],"character_chosen":"IRONCLAD","items_purchased":["ClockworkSouvenir","Shrug It Off"],"campfire_rested":1,"item_purchase_floors":[12,20],"current_hp_per_floor":[65,68,57,63,59,59,30,30,30,30,31,31,31,9,29,21,56,42,23,23,0],"gold":41,"neow_bonus":"THREE_RARE_CARDS","is_prod":false,"is_daily":false,"chose_seed":false,"campfire_upgraded":3,"win_rate":0,"timestamp":1559308305,"path_taken":["M","M","?","M","M","R","E","R","T","R","M","$","?","E","R","BOSS","M","?","$","M"],"build_version":"2019-01-23","purchased_purges":2,"victory":false,"max_hp_per_floor":[68,68,68,68,68,68,68,68,68,68,68,68,68,68,68,68,68,68,73,73,73],"card_choices":[{"not_picked":["Barricade","Juggernaut"],"picked":"Bludgeon","floor":0.0},{"not_picked":["Heavy Blade","Havoc"],"picked":"Clothesline","floor":1.0},{"not_picked":["Armaments","Anger"],"picked":"Combust","floor":2.0},{"not_picked":["Spot Weakness","Sword Boomerang"],"picked":"Seeing Red","floor":4.0},{"not_picked":["Second Wind","Armaments"],"picked":"Uppercut","floor":5.0},{"not_picked":["Clothesline","Armaments"],"picked":"Dropkick","floor":7.0},{"not_picked":["Battle Trance","Sword Boomerang"],"picked":"Flame Barrier","floor":11.0},{"not_picked":["Headbutt","Evolve"],"picked":"Spot Weakness","floor":14.0},{"not_picked":["Brutality","Barricade"],"picked":"Limit Break","floor":16.0},{"not_picked":["Infernal Blade","Rage","Combust"],"picked":"SKIP","floor":18.0}],"player_experience":1414575,"relics_obtained":[{"floor":7.0,"key":"The Courier"},{"floor":9.0,"key":"WingedGreaves"},{"floor":14.0,"key":"Calipers"}],"event_choices":[{"damage_healed":0.0,"max_hp_gain":0.0,"max_hp_loss":0.0,"gold_gain":75.0,"event_name":"World of Goop","player_choice":"Gather Gold","floor":3.0,"gold_loss":0.0,"damage_taken":11.0},{"damage_healed":0.0,"max_hp_gain":0.0,"max_hp_loss":0.0,"gold_gain":0.0,"event_name":"Accursed Blacksmith","player_choice":"Rummage","floor":13.0,"gold_loss":0.0,"damage_taken":0.0,"relics_obtained":["WarpedTongs"],"cards_obtained":["Pain"]},{"damage_healed":0.0,"max_hp_gain":5.0,"max_hp_loss":0.0,"gold_gain":0.0,"event_name":"Forgotten Altar","player_choice":"Shed Blood","floor":19.0,"gold_loss":0.0,"damage_taken":24.0}],"is_beta":false,"boss_relics":[{"not_picked":["Astrolabe","Eternal Feather"],"picked":"Sozu"}],"items_purged_floors":[12,20],"is_endless":false,"potions_floor_spawned":[4,11,14,16],"killed_by":"3 Byrds","ascension_level":20}