{"gold_per_floor":[19,19,32,42,42,42,58,84,84,103,103,30,60,78,78,78],"floor_reached":16,"playtime":566,"items_purged":[],"score":146,"play_id":"c4a182d0-6879-49f4-8941-36be26d4ed1e","local_time":"20180812222057","is_ascension_mode":true,"campfire_choices":[{"data":"Neutralize","floor":6.0,"key":"SMITH"},{"floor":11,"key":"REST"},{"data":"Leg Sweep","floor":15,"key":"SMITH"}],"neow_cost":"NO_GOLD","seed_source_timestamp":3116245243731800,"circlet_count":0,"master_deck":["Defend_G","Defend_G","Defend_G","Defend_G","Strike_G","Strike_G","Strike_G","Strike_G","Strike_G","Survivor","Neutralize+1","Blade Dance","Dodge and Roll","Leg Sweep+1","Flying Knee","Backflip","Dagger Spray","Leg Sweep","Infinite Blades"],"special_seed":0,"relics":["Ring of the Snake","Peace Pipe","Darkstone Periapt","Meat on the Bone"],"potions_floor_usage":[8,13,16],"damage_taken":[{"damage":0.0,"enemies":"2 Louse","floor":1.0,"turns":2.0},{"damage":0.0,"enemies":"Jaw Worm","floor":3.0,"turns":5.0},{"damage":0.0,"enemies":"Cultist","floor":4.0,"turns":3.0},{"damage":8.0,"enemies":"2 Fungi Beasts","floor":7.0,"turns":5.0},{"damage":40,"enemies":"Gremlin Nob","floor":8,"turns":6},{"damage":15,"enemies":"3 Louse","floor":10,"turns":6},{"damage":22,"enemies":"Lagavulin","floor":13,"turns":10},{"damage":1,"enemies":"Blue Slaver","floor":14,"turns":5},{"damage":32,"enemies":"Slime Boss","floor":16,"turns":8}],"seed_played":"-5383191128679730841","potions_obtained":[{"floor":3.0,"key":"Energy Potion"},{"floor":10,"key":"Poison Potion"},{"floor":13,"key":"PowerPotion"}],"is_trial":false,"path_per_floor":["M","?","M","M","?","R","M","E","T","M","R","$","E","M","R"],"character_chosen":"THE_SILENT","items_purchased":["Leg Sweep"],"campfire_rested":1,"item_purchase_floors":[12],"current_hp_per_floor":[77,77,77,77,77,77,69,29,29,14,39,39,17,28,28,0],"gold":78,"neow_bonus":"TWENTY_PERCENT_HP_BONUS","is_prod":false,"is_daily":false,"chose_seed":false,"campfire_upgraded":2,"win_rate":0,"timestamp":1534126857,"path_taken":["M","?","M","M","?","R","M","E","T","M","R","$","E","M","R","BOSS"],"build_version":"2018-08-09","purchased_purges":0,"victory":false,"max_hp_per_floor":[84,84,84,84,84,84,84,84,84,84,84,84,84,84,84,84],"card_choices":[{"not_picked":["Accuracy","Outmaneuver"],"picked":"Blade Dance","floor":1.0},{"not_picked":["Reflex","Acrobatics"],"picked":"Dodge and Roll","floor":3.0},{"not_picked":["Bouncing Flask","Outmaneuver"],"picked":"Leg Sweep","floor":4.0},{"not_picked":["Deflect","Outmaneuver"],"picked":"Flying Knee","floor":7.0},{"not_picked":["Tools of the Trade","Underhanded Strike"],"picked":"Backflip","floor":8},{"not_picked":["Sucker Punch","Calculated Gamble"],"picked":"Dagger Spray","floor":10},{"not_picked":["Deflect","Tactician","Deadly Poison"],"picked":"SKIP","floor":13},{"not_picked":["Poisoned Stab","Bane"],"picked":"Infinite Blades","floor":14}],"player_experience":254871,"relics_obtained":[{"floor":8,"key":"Peace Pipe"},{"floor":9,"key":"Darkstone Periapt"},{"floor":13,"key":"Meat on the Bone"}],"event_choices":[{"event_name":"Liars Game","player_choice":"disagreed","floor":2.0,"damage_taken":0.0},{"event_name":"Bonfire Elementals","player_choice":"BASIC","floor":5.0,"damage_taken":0.0}],"is_beta":false,"boss_relics":[],"items_purged_floors":[],"is_endless":false,"potions_floor_spawned":[3,10,13],"killed_by":"Slime Boss","ascension_level":6}