{"gold_per_floor":[111,36,48,63,82,82,107,107,107,70,97,111,111,130,130,201,201,211,225,225,241,241],"floor_reached":22,"playtime":807,"items_purged":["Strike_R"],"score":396,"play_id":"ddc96096-8a5e-4e89-a103-bfeff36380d8","local_time":"20190313165455","is_ascension_mode":true,"campfire_choices":[{"data":"Bash","floor":6.0,"key":"SMITH"},{"data":"Hemokinesis","floor":8.0,"key":"SMITH"},{"data":"Pommel Strike","floor":13.0,"key":"SMITH"},{"data":"Iron Wave","floor":15.0,"key":"SMITH"}],"neow_cost":"NONE","seed_source_timestamp":193565330816800,"circlet_count":0,"master_deck":["AscendersBane","Strike_R","Strike_R","Strike_R","Defend_R","Defend_R","Defend_R","Defend_R","Bash+1","Hemokinesis+1","Pommel Strike+1","Iron Wave+1","Dropkick","Dropkick","Impervious","Dual Wield+1","Dropkick"],"special_seed":0,"relics":["Burning Blood","Bird Faced Urn","Incense Burner","Calipers","Black Star"],"potions_floor_usage":[22],"damage_taken":[{"damage":15.0,"enemies":"Small Slimes","floor":1.0,"turns":4.0},{"damage":7.0,"enemies":"Jaw Worm","floor":3.0,"turns":5.0},{"damage":2.0,"enemies":"Cultist","floor":4.0,"turns":4.0},{"damage":0.0,"enemies":"Gremlin Gang","floor":5.0,"turns":3.0},{"damage":14.0,"enemies":"Gremlin Nob","floor":7.0,"turns":3.0},{"damage":27.0,"enemies":"Lagavulin","floor":11.0,"turns":4.0},{"damage":4.0,"enemies":"Exordium Thugs","floor":12.0,"turns":4.0},{"damage":4.0,"enemies":"Looter","floor":14.0,"turns":4.0},{"damage":29.0,"enemies":"Slime Boss","floor":16.0,"turns":9.0},{"damage":31.0,"enemies":"Spheric Guardian","floor":18.0,"turns":6.0},{"damage":2.0,"enemies":"Chosen","floor":19.0,"turns":5.0},{"damage":22.0,"enemies":"Shelled Parasite and Fungi","floor":21.0,"turns":5.0},{"damage":28,"enemies":"Cultist and Chosen","floor":22,"turns":3}],"seed_played":"-2171673973610616868","potions_obtained":[{"floor":1.0,"key":"EssenceOfSteel"},{"floor":4.0,"key":"Explosive Potion"},{"floor":7.0,"key":"Strength Potion"},{"floor":16.0,"key":"Ancient Potion"},{"floor":18.0,"key":"Swift Potion"}],"is_trial":false,"path_per_floor":["M","$","M","M","M","R","E","R","T","?","E","M","R","M","R","B",null,"M","M","?","M","M"],"character_chosen":"IRONCLAD","items_purchased":[],"campfire_rested":0,"item_purchase_floors":[],"current_hp_per_floor":[59,59,58,62,68,68,60,60,60,60,39,41,41,43,43,20,61,36,40,40,24,0],"gold":241,"neow_bonus":"TRANSFORM_CARD","is_prod":false,"is_daily":false,"chose_seed":false,"campfire_upgraded":4,"win_rate":0,"timestamp":1552496095,"path_taken":["M","$","M","M","M","R","E","R","T","?","E","M","R","M","R","BOSS","M","M","?","M","?"],"build_version":"2019-01-23","purchased_purges":1,"victory":false,"max_hp_per_floor":[75,75,75,75,75,75,75,75,75,75,75,75,75,75,75,75,75,75,75,75,75,75],"card_choices":[{"not_picked":["Disarm","Body Slam"],"picked":"Pommel Strike","floor":1.0},{"not_picked":["Anger","Pommel Strike"],"picked":"Iron Wave","floor":3.0},{"not_picked":["Twin Strike","Headbutt"],"picked":"Dropkick","floor":4.0},{"not_picked":["Havoc","Second Wind","Perfected Strike"],"picked":"SKIP","floor":5.0},{"not_picked":["Twin Strike","Dual Wield"],"picked":"Dropkick","floor":7.0},{"not_picked":["Headbutt","Barricade","Wild Strike"],"picked":"SKIP","floor":11.0},{"not_picked":["Cleave","Warcry","Seeing Red"],"picked":"SKIP","floor":12.0},{"not_picked":["Shrug It Off","Bloodletting","Headbutt"],"picked":"SKIP","floor":14.0},{"not_picked":["Barricade","Feed"],"picked":"Impervious","floor":16.0},{"not_picked":["Entrench","Armaments","Rampage"],"picked":"SKIP","floor":18.0},{"not_picked":["Havoc+1","Entrench"],"picked":"Dual Wield+1","floor":19.0},{"not_picked":["Clothesline","Armaments","Anger"],"picked":"SKIP","floor":21.0}],"player_experience":1276874,"relics_obtained":[{"floor":7.0,"key":"Bird Faced Urn"},{"floor":9.0,"key":"Incense Burner"},{"floor":11.0,"key":"Calipers"}],"event_choices":[{"damage_healed":0.0,"max_hp_gain":0.0,"max_hp_loss":0.0,"gold_gain":0.0,"event_name":"World of Goop","player_choice":"Left Gold","floor":10.0,"gold_loss":37.0,"damage_taken":0.0},{"damage_healed":0.0,"max_hp_gain":0.0,"max_hp_loss":0.0,"gold_gain":0.0,"event_name":"Duplicator","player_choice":"Copied","floor":20.0,"gold_loss":0.0,"damage_taken":0.0,"cards_obtained":["Dropkick"]}],"is_beta":false,"boss_relics":[{"not_picked":["Runic Dome","Ectoplasm"],"picked":"Black Star"}],"items_purged_floors":[2],"is_endless":false,"potions_floor_spawned":[1,4,7,16,18],"killed_by":"Cultist and Chosen","ascension_level":20}