{"path_per_floor":["M","$","?","?","M","M","R","M","T","M","M","?","?","M","R","B",null,"M","M","?","?","M","M","R","M","T"],"character_chosen":"IRONCLAD","items_purchased":["Twin Strike","Shrug It Off","Thunderclap"],"gold_per_floor":[212,93,193,158,171,181,181,200,200,220,238,238,238,258,258,354,354,371,389,304,304,322,333,333,344,344],"floor_reached":27,"campfire_rested":2,"playtime":2159,"current_hp_per_floor":[68,68,68,80,80,80,80,80,80,66,70,58,78,74,80,65,80,66,41,41,41,22,18,41,8,8],"items_purged":[],"gold":344,"play_id":"8cfca82f-1756-4339-abe2-33960c5c1b0e","is_prod":false,"is_daily":false,"is_ascension_mode":false,"campfire_upgraded":1,"path_taken":["M","$","?","?","?","M","R","M","T","M","M","?","?","M","R","BOSS","M","M","?","?","M","M","R","?","T","M"],"build_version":"2018-01-25-PROD3","purchased_purges":0,"victory":false,"master_deck":["Strike_R","Strike_R","Strike_R","Strike_R","Strike_R","Defend_R","Defend_R","Defend_R","Defend_R","Bash","Battle Trance","Twin Strike","Shrug It Off+1","Thunderclap","Anger","Fire Breathing","Bludgeon","Infernal Blade","Clash","Clothesline","Double Tap","Intimidate+1","Shrug It Off","Normality","Rampage+1","Flex","Thunderclap+1"],"max_hp_per_floor":[80,80,80,80,80,80,80,80,80,80,80,80,80,80,80,80,80,80,80,80,77,77,77,77,77,77],"relics":["Burning Blood","Pen Nib","Gremlin Horn","Lizard Tail","Orichalcum","Girya"],"card_choices":[{"not_picked":["Burning Pact","Headbutt"],"picked":"Battle Trance"},{"not_picked":["Headbutt","Second Wind"],"picked":"Anger"},{"not_picked":["Cleave","Perfected Strike"],"picked":"Fire Breathing"},{"not_picked":["Rage","Sever Soul"],"picked":"Bludgeon"},{"not_picked":["Flex","Iron Wave"],"picked":"Infernal Blade"},{"not_picked":["True Grit","Battle Trance"],"picked":"Clash"},{"not_picked":["Perfected Strike","Body Slam"],"picked":"Clothesline"},{"not_picked":["Reaper","Fiend Fire"],"picked":"Double Tap"},{"not_picked":["Iron Wave","Flex"],"picked":"Intimidate"},{"not_picked":["Hemokinesis","Twin Strike"],"picked":"Shrug It Off"},{"not_picked":["Rupture","Sword Boomerang"],"picked":"Rampage"},{"not_picked":["Intimidate","Whirlwind"],"picked":"Flex"},{"not_picked":["Clash","Flex"],"picked":"Thunderclap"}],"player_experience":5667,"potions_floor_usage":[16,16,25],"damage_taken":[{"damage":18,"enemies":"Blue Slaver","floor":1,"turns":7},{"damage":1,"enemies":"Cultist","floor":5,"turns":6},{"damage":0,"enemies":"2 Louse","floor":6,"turns":3},{"damage":4,"enemies":"2 Fungi Beasts","floor":8,"turns":4},{"damage":20,"enemies":"Exordium Wildlife","floor":10,"turns":9},{"damage":2,"enemies":"Exordium Thugs","floor":11,"turns":3},{"damage":10,"enemies":"Looter","floor":14,"turns":2},{"damage":31,"enemies":"Slime Boss","floor":16,"turns":7},{"damage":20,"enemies":"Spheric Guardian","floor":18,"turns":4},{"damage":31,"enemies":"Shell Parasite","floor":19,"turns":6},{"damage":65,"enemies":"Centurion and Healer","floor":22,"turns":13},{"damage":10,"enemies":"Snecko","floor":23,"turns":4},{"damage":39,"enemies":"3 Cultists","floor":25,"turns":8},{"damage":18,"enemies":"Chosen and Byrds","floor":27,"turns":2}],"event_choices":[{"event_name":"Golden Shrine","player_choice":"Pray","floor":3,"damage_taken":0},{"event_name":"The Cleric","player_choice":"Healed","floor":4,"damage_taken":0},{"event_name":"Scrap Ooze","player_choice":"success","floor":12,"damage_taken":12},{"event_name":"Mushrooms","player_choice":"Healed and dodged fight","floor":13,"damage_taken":0},{"event_name":"Addict","player_choice":"Obtained Relic","floor":20,"damage_taken":0},{"event_name":"Transmorgrifier","player_choice":"Transform","floor":21,"damage_taken":0}],"boss_relics":[{"not_picked":["Astrolabe","Cursed Key"],"picked":"Lizard Tail"}],"potions_floor_spawned":[1,6,11,22,23],"seed_played":"1561933622404216317","killed_by":"Chosen and Byrds","ascension_level":0,"is_trial":false}