{"gold_per_floor":[109,127,141,70,86,121,121,152,177,177,133,133],"floor_reached":12,"playtime":318,"items_purged":[],"score":176,"play_id":"684426e3-acd7-4f64-8ec4-35c361ef4be0","local_time":"20190705150624","is_ascension_mode":true,"campfire_choices":[{"data":"Neutralize","floor":7,"key":"SMITH"},{"floor":10,"key":"REST"}],"neow_cost":"NONE","seed_source_timestamp":5971497558026527,"circlet_count":0,"master_deck":["AscendersBane","Strike_G","Strike_G","Strike_G","Strike_G","Strike_G","Defend_G","Defend_G","Defend_G","Defend_G","Defend_G","Survivor","Neutralize+1","Quick Slash","Dagger Spray","Dagger Spray","Well Laid Plans","Noxious Fumes"],"relics":["Ring of the Snake","NeowsBlessing","Lantern","Bag of Preparation","Centennial Puzzle"],"potions_floor_usage":[6,8,8],"damage_taken":[{"damage":0,"enemies":"Jaw Worm","floor":1,"turns":1},{"damage":0,"enemies":"2 Louse","floor":2,"turns":1},{"damage":0,"enemies":"Small Slimes","floor":3,"turns":1},{"damage":3,"enemies":"Blue Slaver","floor":5,"turns":5},{"damage":30,"enemies":"3 Sentries","floor":6,"turns":6},{"damage":22,"enemies":"Gremlin Nob","floor":8,"turns":4},{"damage":33,"enemies":"Lagavulin","floor":12,"turns":8}],"seed_played":"1978933148483155662","potions_obtained":[{"floor":2,"key":"Dexterity Potion"},{"floor":5,"key":"Fire Potion"},{"floor":6,"key":"GamblersBrew"}],"is_trial":false,"path_per_floor":["M","M","M","?","M","E","R","E","T","R","$","E"],"character_chosen":"THE_SILENT","items_purchased":["Noxious Fumes"],"campfire_rested":1,"item_purchase_floors":[11],"current_hp_per_floor":[59,59,59,59,56,26,26,4,4,23,23,0],"gold":133,"neow_bonus":"THREE_ENEMY_KILL","is_prod":false,"is_daily":false,"chose_seed":false,"campfire_upgraded":1,"win_rate":0,"timestamp":1562353584,"path_taken":["M","M","M","?","M","E","R","E","T","R","$","E"],"build_version":"2019-07-01","purchased_purges":0,"victory":false,"max_hp_per_floor":[66,66,66,66,66,66,66,66,66,66,66,66],"card_choices":[{"not_picked":["Outmaneuver","Acrobatics"],"picked":"Quick Slash","floor":1},{"not_picked":["Blade Dance","Noxious Fumes"],"picked":"Dagger Spray","floor":2},{"not_picked":["Acrobatics","Venomology"],"picked":"Dagger Spray","floor":3},{"not_picked":["Blur","Prepared","Accuracy"],"picked":"SKIP","floor":5},{"not_picked":["Cloak And Dagger","Backflip","Underhanded Strike"],"picked":"SKIP","floor":6},{"not_picked":["Dagger Spray","Eviscerate"],"picked":"Well Laid Plans","floor":8}],"player_experience":875613,"relics_obtained":[{"floor":6,"key":"Lantern"},{"floor":8,"key":"Bag of Preparation"},{"floor":9,"key":"Centennial Puzzle"}],"event_choices":[{"damage_healed":0,"gold_gain":0,"player_choice":"Left Gold","damage_taken":0,"max_hp_gain":0,"max_hp_loss":0,"event_name":"World of Goop","floor":4,"gold_loss":71}],"is_beta":false,"boss_relics":[],"items_purged_floors":[],"is_endless":false,"potions_floor_spawned":[2,5,6],"killed_by":"Lagavulin","ascension_level":20}