{"gold_per_floor":[118,132,150,160,160,160,177,212,212,247,247],"floor_reached":11,"playtime":492,"items_purged":[],"score":85,"play_id":"6d332e04-89b6-41bc-85d9-a591ec582b84","local_time":"20180702160725","is_ascension_mode":false,"campfire_choices":[{"floor":6,"key":"REST"}],"neow_cost":"NONE","seed_source_timestamp":5460167559455160,"circlet_count":0,"master_deck":["Strike_B","Strike_B","Strike_B","Strike_B","Defend_B+1","Defend_B","Defend_B","Defend_B","Zap+1","Dualcast","Storm","Capacitor","Conserve Battery","Go for the Eyes","Loop","Genetic Algorithm"],"relics":["Cracked Core","Bag of Marbles","Bird Faced Urn","Pen Nib","War Paint"],"potions_floor_usage":[],"damage_taken":[{"damage":0,"enemies":"2 Louse","floor":1,"turns":3},{"damage":1,"enemies":"Jaw Worm","floor":2,"turns":4},{"damage":0,"enemies":"Cultist","floor":3,"turns":4},{"damage":22,"enemies":"Looter","floor":4,"turns":4},{"damage":9,"enemies":"Blue Slaver","floor":7,"turns":4},{"damage":33,"enemies":"Gremlin Nob","floor":8,"turns":5},{"damage":29,"enemies":"Lagavulin","floor":10,"turns":6},{"damage":18,"enemies":"Lots of Slimes","floor":11,"turns":4}],"seed_played":"-6556807558226261494","potions_obtained":[{"floor":1,"key":"LiquidBronze"},{"floor":4,"key":"FairyPotion"},{"floor":8,"key":"Energy Potion"}],"is_trial":false,"path_per_floor":["M","M","M","M","?","R","M","E","T","E"],"character_chosen":"DEFECT","items_purchased":[],"campfire_rested":1,"item_purchase_floors":[],"current_hp_per_floor":[75,74,74,52,52,74,65,32,32,9,0],"gold":247,"neow_bonus":"RANDOM_COMMON_RELIC","is_prod":false,"is_daily":false,"chose_seed":false,"campfire_upgraded":0,"win_rate":0,"timestamp":1530562045,"path_taken":["M","M","M","M","?","R","M","E","T","E","M"],"build_version":"2018-06-28","purchased_purges":0,"victory":false,"max_hp_per_floor":[75,75,75,75,75,75,75,75,75,75,75],"card_choices":[{"not_picked":["Scrape","Consume","Lockon"],"picked":"SKIP","floor":1},{"not_picked":["Stack","Streamline"],"picked":"Storm","floor":2},{"not_picked":["Conserve Battery","Tempest"],"picked":"Capacitor","floor":3},{"not_picked":["Steam Power","Barrage"],"picked":"Conserve Battery","floor":4},{"not_picked":["Coolheaded","Hologram"],"picked":"Go for the Eyes","floor":7},{"not_picked":["Hologram","Static Discharge"],"picked":"Loop","floor":8},{"not_picked":["Amplify","Hello World"],"picked":"Genetic Algorithm","floor":10}],"player_experience":43669,"relics_obtained":[{"floor":8,"key":"Bird Faced Urn"},{"floor":9,"key":"Pen Nib"},{"floor":10,"key":"War Paint"}],"event_choices":[{"event_name":"Liars Game","player_choice":"disagreed","floor":5,"damage_taken":0}],"boss_relics":[],"items_purged_floors":[],"is_endless":false,"potions_floor_spawned":[1,4,8,10],"killed_by":"Lots of Slimes","ascension_level":0}