{"gold_per_floor":[110,185,198,38,52,52,52,78,103,115,115,76,87,102,102,102],"floor_reached":16,"playtime":414,"items_purged":[],"score":204,"play_id":"f92a2d82-4ac6-495f-bf95-c3efb0f04adc","local_time":"20190615204145","is_ascension_mode":true,"campfire_choices":[{"data":"Blade Dance","floor":6,"key":"SMITH"},{"data":"Accuracy","floor":15,"key":"SMITH"}],"neow_cost":"NONE","seed_source_timestamp":4263861721636434,"circlet_count":0,"master_deck":["AscendersBane","Defend_G","Defend_G","Defend_G","Defend_G","Defend_G","Strike_G","Strike_G","Strike_G","Strike_G","Strike_G","Survivor","Neutralize+1","Flying Knee","Blade Dance+1","Backstab","Cloak And Dagger","Noxious Fumes","Noxious Fumes","Accuracy+1","Dash"],"relics":["Ring of the Snake","Blood Vial","Regal Pillow","Centennial Puzzle"],"potions_floor_usage":[8,16],"damage_taken":[{"damage":0,"enemies":"Cultist","floor":1,"turns":4},{"damage":4,"enemies":"2 Louse","floor":3,"turns":5},{"damage":11,"enemies":"Jaw Worm","floor":5,"turns":6},{"damage":26,"enemies":"Gremlin Nob","floor":8,"turns":4},{"damage":1,"enemies":"Red Slaver","floor":10,"turns":3},{"damage":1,"enemies":"Lots of Slimes","floor":13,"turns":5},{"damage":1,"enemies":"Looter","floor":14,"turns":3},{"damage":40,"enemies":"Hexaghost","floor":16,"turns":11}],"seed_played":"-3693931248316042214","potions_obtained":[{"floor":1,"key":"AttackPotion"},{"floor":10,"key":"LiquidBronze"},{"floor":14,"key":"GamblersBrew"}],"is_trial":false,"path_per_floor":["M","?","M","$","M","R","?","E","T","M","?","$","M","M","R","B"],"character_chosen":"THE_SILENT","items_purchased":["Blood Vial","Noxious Fumes"],"campfire_rested":0,"item_purchase_floors":[4,12],"current_hp_per_floor":[59,48,44,44,35,35,57,33,33,34,34,34,35,36,36,0],"gold":102,"neow_bonus":"UPGRADE_CARD","is_prod":false,"is_daily":false,"chose_seed":false,"campfire_upgraded":2,"win_rate":0,"timestamp":1560645705,"path_taken":["M","?","M","$","M","R","?","E","T","M","?","?","M","M","R","BOSS"],"build_version":"2019-01-23","purchased_purges":0,"victory":false,"max_hp_per_floor":[66,66,66,66,66,66,66,66,66,66,66,66,66,66,66,66],"card_choices":[{"not_picked":["Finisher","Endless Agony"],"picked":"Flying Knee","floor":1},{"not_picked":["Deflect","Backflip"],"picked":"Blade Dance","floor":3},{"not_picked":["Slice","Bane"],"picked":"Backstab","floor":5},{"not_picked":["Deadly Poison","Accuracy"],"picked":"Cloak And Dagger","floor":8},{"not_picked":["Bane","Dagger Spray"],"picked":"Noxious Fumes","floor":10},{"not_picked":["Dodge and Roll","Die Die Die"],"picked":"Accuracy","floor":13},{"not_picked":["Flechettes","PiercingWail"],"picked":"Dash","floor":14}],"player_experience":742006,"relics_obtained":[{"floor":8,"key":"Regal Pillow"},{"floor":9,"key":"Centennial Puzzle"}],"event_choices":[{"damage_healed":0,"gold_gain":75,"player_choice":"Gather Gold","damage_taken":11,"max_hp_gain":0,"max_hp_loss":0,"event_name":"World of Goop","floor":2,"gold_loss":0},{"damage_healed":22,"gold_gain":0,"player_choice":"Banana","damage_taken":0,"max_hp_gain":0,"max_hp_loss":0,"event_name":"Big Fish","floor":7,"gold_loss":0},{"damage_healed":0,"gold_gain":0,"player_choice":"Ignored","damage_taken":0,"max_hp_gain":0,"max_hp_loss":0,"event_name":"Liars Game","floor":11,"gold_loss":0}],"is_beta":false,"boss_relics":[],"items_purged_floors":[],"is_endless":false,"potions_floor_spawned":[1,10,14],"killed_by":"Hexaghost","ascension_level":20}