{"gold_per_floor":[109,109,109,30,41,73,84,84,84,116,116,132,78,78,78,78],"floor_reached":16,"playtime":673,"items_purged":[],"score":200,"play_id":"b6afff45-1ddb-4c89-be1a-0a4e747044f4","local_time":"20180831141544","is_ascension_mode":true,"campfire_choices":[{"data":"Zap","floor":8.0,"key":"SMITH"},{"data":"1","floor":11,"key":"LIFT"},{"data":"2","floor":15,"key":"LIFT"}],"neow_cost":"NONE","seed_source_timestamp":4728174299738429,"circlet_count":0,"master_deck":["Strike_B","Strike_B","Strike_B","Defend_B","Defend_B","Defend_B","Zap+1","Dualcast","AscendersBane","Glacier","Conserve Battery","Self Repair","Sweeping Beam","FTL","Sunder","Steam","Sweeping Beam","Go for the Eyes"],"special_seed":0,"relics":["Cracked Core","Letter Opener","Girya","DataDisk"],"potions_floor_usage":[],"damage_taken":[{"damage":8.0,"enemies":"Small Slimes","floor":1.0,"turns":7.0},{"damage":3.0,"enemies":"2 Louse","floor":5.0,"turns":3.0},{"damage":30.0,"enemies":"3 Sentries","floor":6.0,"turns":9.0},{"damage":1.0,"enemies":"Cultist","floor":7.0,"turns":4.0},{"damage":11,"enemies":"Lagavulin","floor":10,"turns":9},{"damage":0,"enemies":"Large Slime","floor":12,"turns":4},{"damage":52,"enemies":"Hexaghost","floor":16,"turns":10}],"seed_played":"1105903264221897819","potions_obtained":[{"floor":7.0,"key":"Explosive Potion"},{"floor":10,"key":"Energy Potion"}],"is_trial":false,"path_per_floor":["M","?","?","$","M","E","M","R","T","E","R","M","$","?","R"],"character_chosen":"DEFECT","items_purchased":["Self Repair","Go for the Eyes"],"campfire_rested":0,"item_purchase_floors":[4,13],"current_hp_per_floor":[56,61,61,61,65,42,48,48,48,44,44,51,51,51,51,0],"gold":78,"neow_bonus":"THREE_CARDS","is_prod":false,"is_daily":false,"chose_seed":false,"campfire_upgraded":1,"win_rate":0,"timestamp":1535739344,"path_taken":["M","?","?","?","?","E","M","R","T","E","R","M","$","?","R","BOSS"],"build_version":"2018-08-30","purchased_purges":0,"victory":false,"max_hp_per_floor":[71,76,76,76,76,76,76,76,76,76,76,76,76,76,76,76],"card_choices":[{"not_picked":["Coolheaded","Melter"],"picked":"Glacier","floor":0.0},{"not_picked":["Gash","Leap"],"picked":"Conserve Battery","floor":1.0},{"not_picked":["Darkness","Barrage"],"picked":"Sweeping Beam","floor":5.0},{"not_picked":["Leap","Blizzard"],"picked":"FTL","floor":6.0},{"not_picked":["Leap","Hyperbeam"],"picked":"Sunder","floor":7.0},{"not_picked":["Lockon","Force Field"],"picked":"Steam","floor":10},{"not_picked":["Barrage","Undo"],"picked":"Sweeping Beam","floor":12}],"player_experience":295069,"relics_obtained":[{"floor":6.0,"key":"Letter Opener"},{"floor":9.0,"key":"Girya"},{"floor":10,"key":"DataDisk"}],"event_choices":[{"event_name":"Big Fish","player_choice":"Donut","floor":2.0,"damage_taken":0.0},{"event_name":"Purifier","player_choice":"One Purge","floor":3.0,"damage_taken":0.0},{"event_name":"Wheel of Change","player_choice":"Card Removal","floor":14,"damage_taken":0}],"is_beta":false,"boss_relics":[],"items_purged_floors":[],"is_endless":false,"potions_floor_spawned":[7,10,12],"killed_by":"Hexaghost","ascension_level":17}