{"gold_per_floor":[359,284,384,399,299,299,333,333,360,388,406,423,298,311,311,411,411,429,441,453,62,80,80,113,131,131,131],"floor_reached":27,"playtime":773,"items_purged":["Strike_R","Defend_R","Strike_R","Defend_R"],"score":257,"play_id":"f483ae2b-d711-46fe-9c17-51e1f9068f1e","local_time":"20190709165732","is_ascension_mode":true,"campfire_choices":[{"data":"Bash","floor":6,"key":"SMITH"},{"data":"Strike_R","floor":8,"key":"SMITH"},{"floor":15,"key":"REST"},{"floor":23,"key":"REST"}],"neow_cost":"TEN_PERCENT_HP_LOSS","seed_source_timestamp":6323243880260272,"circlet_count":0,"master_deck":["Strike_R","Strike_R","Strike_R+1","Defend_R","Defend_R","Bash+1","Double Tap"],"relics":["Burning Blood","Pear","Vajra","Molten Egg 2","Sozu","Shuriken","Pantograph","Question Card"],"potions_floor_usage":[16,16,25,27],"damage_taken":[{"damage":1,"enemies":"Jaw Worm","floor":1,"turns":3},{"damage":6,"enemies":"Cultist","floor":4,"turns":3},{"damage":54,"enemies":"Lagavulin","floor":7,"turns":9},{"damage":27,"enemies":"3 Sentries","floor":10,"turns":8},{"damage":2,"enemies":"Small Slimes","floor":11,"turns":3},{"damage":3,"enemies":"2 Fungi Beasts","floor":12,"turns":4},{"damage":7,"enemies":"Large Slime","floor":14,"turns":6},{"damage":30,"enemies":"Slime Boss","floor":16,"turns":5},{"damage":33,"enemies":"Shell Parasite","floor":18,"turns":6},{"damage":5,"enemies":"Spheric Guardian","floor":19,"turns":3},{"damage":15,"enemies":"Snake Plant","floor":20,"turns":4},{"damage":21,"enemies":"3 Cultists","floor":22,"turns":4},{"damage":53,"enemies":"Gremlin Leader","floor":24,"turns":6},{"damage":6,"enemies":"Snecko","floor":25,"turns":4},{"damage":9,"enemies":"Book of Stabbing","floor":27,"turns":2}],"seed_played":"-7244454933956283775","potions_obtained":[{"floor":1,"key":"SteroidPotion"},{"floor":11,"key":"LiquidBronze"},{"floor":14,"key":"SteroidPotion"},{"floor":16,"key":"Weak Potion"}],"is_trial":false,"path_per_floor":["M","$","?","M","$","R","E","R","T","E","M","M","$","M","R","B",null,"M","M","M","$","M","R","E","M","T","E"],"character_chosen":"IRONCLAD","items_purchased":["Shuriken"],"campfire_rested":2,"item_purchase_floors":[21],"current_hp_per_floor":[72,72,72,72,72,72,34,34,34,13,17,20,20,19,43,19,82,55,56,47,47,32,56,9,9,9,0],"gold":131,"neow_bonus":"TWO_FIFTY_GOLD","is_prod":false,"is_daily":false,"chose_seed":false,"campfire_upgraded":2,"win_rate":0,"timestamp":1562705852,"path_taken":["M","$","?","M","$","R","E","R","T","E","M","M","$","M","R","BOSS","M","M","M","$","M","R","E","M","T","E"],"build_version":"2019-07-05","purchased_purges":4,"victory":false,"max_hp_per_floor":[72,72,72,72,72,72,82,82,82,82,82,82,82,82,82,82,82,82,82,82,82,82,82,82,82,82,82],"card_choices":[{"not_picked":["Combust","Havoc","Intimidate"],"picked":"SKIP","floor":1},{"not_picked":["Warcry","Rampage","Heavy Blade"],"picked":"SKIP","floor":4},{"not_picked":["Pummel","Heavy Blade","Uppercut"],"picked":"SKIP","floor":7},{"not_picked":["Blood for Blood","Wild Strike","Hemokinesis"],"picked":"SKIP","floor":10},{"not_picked":["Warcry","Sword Boomerang+1","Sentinel"],"picked":"SKIP","floor":11},{"not_picked":["Clash+1","Body Slam+1","Anger+1"],"picked":"SKIP","floor":12},{"not_picked":["Dark Embrace","Pommel Strike+1","True Grit"],"picked":"SKIP","floor":14},{"not_picked":["Dark Embrace","Reaper+1"],"picked":"Double Tap","floor":16},{"not_picked":["Dual Wield","Clothesline+1","Iron Wave+1"],"picked":"SKIP","floor":18},{"not_picked":["Dual Wield","Clothesline+1","Iron Wave+1"],"picked":"SKIP","floor":18},{"not_picked":["Twin Strike+1","Burning Pact","Uppercut+1"],"picked":"SKIP","floor":19},{"not_picked":["Shrug It Off","Heavy Blade+1","Ghostly Armor+1"],"picked":"SKIP","floor":20},{"not_picked":["Headbutt+1","Pommel Strike+1","Ghostly Armor"],"picked":"SKIP","floor":22},{"not_picked":["Body Slam+1","Flame Barrier","Bloodletting"],"picked":"SKIP","floor":24},{"not_picked":["Whirlwind+1","Headbutt+1","Disarm"],"picked":"SKIP","floor":25}],"player_experience":934744,"relics_obtained":[{"floor":7,"key":"Pear"},{"floor":9,"key":"Vajra"},{"floor":10,"key":"Molten Egg 2"},{"floor":24,"key":"Pantograph"},{"floor":26,"key":"Question Card"}],"event_choices":[{"damage_healed":0,"gold_gain":100,"player_choice":"Pray","damage_taken":0,"max_hp_gain":0,"max_hp_loss":0,"event_name":"Golden Shrine","floor":3,"gold_loss":0}],"is_beta":false,"boss_relics":[{"not_picked":["White Beast Statue","Cursed Key"],"picked":"Sozu"}],"items_purged_floors":[2,5,13,21],"is_endless":false,"potions_floor_spawned":[1,11,14,16,24,25],"killed_by":"Book of Stabbing","ascension_level":1}