{"gold_per_floor":[115,125,137,137,156,181,181,213,213,223,223,250,300,314,314,314],"floor_reached":16,"playtime":1182,"items_purged":[],"score":244,"play_id":"e3019267-a2ad-4cc6-8f35-caa3fcbff919","local_time":"20190627153554","is_ascension_mode":true,"campfire_choices":[{"floor":7.0,"key":"REST"},{"floor":11.0,"key":"REST"},{"data":"Evolve","floor":15.0,"key":"SMITH"}],"neow_cost":"NONE","seed_source_timestamp":5281023298765665,"circlet_count":0,"master_deck":["AscendersBane","Strike_R","Strike_R","Strike_R","Strike_R","Strike_R","Defend_R","Defend_R","Defend_R","Defend_R","Bash","Fiend Fire","Cleave","Disarm","Dark Embrace","True Grit","Power Through","Evolve+1","Burning Pact+1"],"special_seed":0,"relics":["Burning Blood","Mummified Hand","Pantograph","Shuriken","Toxic Egg 2"],"potions_floor_usage":[16,16],"damage_taken":[{"damage":7.0,"enemies":"Cultist","floor":1.0,"turns":4.0},{"damage":0.0,"enemies":"Small Slimes","floor":2.0,"turns":3.0},{"damage":2.0,"enemies":"2 Louse","floor":3.0,"turns":3.0},{"damage":15.0,"enemies":"Blue Slaver","floor":5.0,"turns":4.0},{"damage":55.0,"enemies":"Gremlin Nob","floor":6.0,"turns":5.0},{"damage":26.0,"enemies":"Lagavulin","floor":8.0,"turns":6.0},{"damage":19.0,"enemies":"Large Slime","floor":10.0,"turns":7.0},{"damage":20.0,"enemies":"3 Sentries","floor":12.0,"turns":10.0},{"damage":13.0,"enemies":"Lots of Slimes","floor":14.0,"turns":5.0},{"damage":42,"enemies":"The Guardian","floor":16,"turns":32}],"seed_played":"-6210400948520436510","potions_obtained":[{"floor":5.0,"key":"PowerPotion"},{"floor":6.0,"key":"Poison Potion"},{"floor":12.0,"key":"SkillPotion"},{"floor":14.0,"key":"SpeedPotion"}],"is_trial":false,"path_per_floor":["M","M","M","?","M","E","R","E","T","M","R","E","?","M","R","B"],"character_chosen":"IRONCLAD","items_purchased":[],"campfire_rested":2,"item_purchase_floors":[],"current_hp_per_floor":[67,73,75,80,71,22,46,26,26,13,37,23,23,16,16,0],"gold":314,"neow_bonus":"ONE_RANDOM_RARE_CARD","is_prod":false,"is_daily":false,"chose_seed":false,"campfire_upgraded":1,"win_rate":0,"timestamp":1561664154,"path_taken":["M","?","?","?","M","E","R","E","T","M","R","E","?","?","R","BOSS"],"build_version":"2019-01-23","purchased_purges":0,"victory":false,"max_hp_per_floor":[75,75,75,80,80,80,80,80,80,80,80,80,80,80,80,80],"card_choices":[{"not_picked":["Heavy Blade","Havoc","Armaments"],"picked":"SKIP","floor":1.0},{"not_picked":["Bloodletting","Anger"],"picked":"Cleave","floor":2.0},{"not_picked":["Iron Wave","Thunderclap"],"picked":"Disarm","floor":3.0},{"not_picked":["Sentinel","Clash"],"picked":"Dark Embrace","floor":5.0},{"not_picked":["Searing Blow","Ghostly Armor","Perfected Strike"],"picked":"SKIP","floor":6.0},{"not_picked":["Ghostly Armor","Havoc"],"picked":"True Grit","floor":8.0},{"not_picked":["Blood for Blood","Iron Wave"],"picked":"Power Through","floor":10.0},{"not_picked":["Cleave","Uppercut"],"picked":"Evolve","floor":12.0},{"not_picked":["Thunderclap","Flex+1"],"picked":"Burning Pact+1","floor":14.0}],"player_experience":794541,"relics_obtained":[{"floor":6.0,"key":"Mummified Hand"},{"floor":8.0,"key":"Pantograph"},{"floor":9.0,"key":"Shuriken"},{"floor":12.0,"key":"Toxic Egg 2"}],"event_choices":[{"damage_healed":0.0,"max_hp_gain":5.0,"max_hp_loss":0.0,"gold_gain":0.0,"event_name":"Big Fish","player_choice":"Donut","floor":4.0,"gold_loss":0.0,"damage_taken":0.0},{"damage_healed":0.0,"max_hp_gain":0.0,"max_hp_loss":0.0,"gold_gain":50.0,"event_name":"Golden Shrine","player_choice":"Pray","floor":13.0,"gold_loss":0.0,"damage_taken":0.0}],"is_beta":false,"boss_relics":[],"items_purged_floors":[],"is_endless":false,"potions_floor_spawned":[5,6,12,14],"killed_by":"The Guardian","ascension_level":20}