{"gold_per_floor":[111,111,130,130,150,150,179,179,259,259,274,274,289,308,308,413,413,426,124,135,135,135,135,164,164,164,164,164,177,177,177],"floor_reached":31,"playtime":1197,"items_purged":["Strike_G"],"score":316,"play_id":"b4061ecc-f7a0-470e-b545-146de0890e9f","local_time":"20180808224601","is_ascension_mode":true,"campfire_choices":[{"data":"Neutralize","floor":6,"key":"SMITH"},{"data":"Blade Dance","floor":10,"key":"SMITH"},{"floor":12,"key":"REST"},{"data":"Caltrops","floor":15,"key":"SMITH"},{"data":"Blur","floor":23,"key":"SMITH"},{"floor":25,"key":"REST"}],"neow_cost":"NONE","seed_source_timestamp":2771682857864577,"circlet_count":0,"master_deck":["Defend_G","Defend_G+1","Defend_G","Defend_G","Strike_G","Strike_G","Survivor+1","Neutralize+1","Blade Dance+1","Poisoned Stab","Crippling Poison","Dagger Spray+1","Quick Slash","Caltrops+1","Blade Dance","Tools of the Trade","Flying Knee+1","Dash+1","PiercingWail","Blur+1","Dagger Spray+1","Adrenaline","Writhe","Accuracy+1"],"relics":["Ring of the Snake","Boot","Matryoshka","Astrolabe","Regal Pillow","Nilry\u0027s Codex","Vajra","Strawberry","Ancient Tea Set","Molten Egg 2"],"potions_floor_usage":[7,7,18,24,31],"damage_taken":[{"damage":0,"enemies":"Cultist","floor":1,"turns":3},{"damage":10,"enemies":"Jaw Worm","floor":3,"turns":6},{"damage":0,"enemies":"Small Slimes","floor":5,"turns":2},{"damage":21,"enemies":"Gremlin Nob","floor":7,"turns":5},{"damage":15,"enemies":"Exordium Wildlife","floor":11,"turns":6},{"damage":0,"enemies":"3 Louse","floor":13,"turns":2},{"damage":0,"enemies":"Exordium Thugs","floor":14,"turns":4},{"damage":32,"enemies":"The Guardian","floor":16,"turns":13},{"damage":8,"enemies":"3 Byrds","floor":18,"turns":1},{"damage":0,"enemies":"Shell Parasite","floor":20,"turns":6},{"damage":37,"enemies":"Book of Stabbing","floor":24,"turns":7},{"damage":9,"enemies":"Chosen and Byrds","floor":29,"turns":4},{"damage":60,"enemies":"Slaver and Parasite","floor":31,"turns":10}],"seed_played":"-1587967948585793934","potions_obtained":[{"floor":1,"key":"Energy Potion"},{"floor":5,"key":"Swift Potion"},{"floor":13,"key":"GamblersBrew"},{"floor":16,"key":"GamblersBrew"},{"floor":29,"key":"Explosive Potion"}],"is_trial":false,"path_per_floor":["M","$","M","?","M","R","E","?","T","R","M","R","M","M","R","B",null,"M","$","M","?","?","R","E","R","T","?","?","M","?"],"character_chosen":"THE_SILENT","items_purchased":["Regal Pillow","Blur"],"campfire_rested":2,"item_purchase_floors":[19,19],"current_hp_per_floor":[77,77,67,52,52,52,31,31,31,31,16,39,39,39,39,7,60,52,52,52,77,61,61,24,62,69,69,69,60,60,0],"gold":177,"neow_bonus":"TEN_PERCENT_HP_BONUS","is_prod":false,"is_daily":false,"chose_seed":false,"campfire_upgraded":4,"win_rate":0,"timestamp":1533782761,"path_taken":["M","?","?","?","M","R","E","?","T","R","M","R","M","M","R","BOSS","M","$","?","?","?","R","E","R","T","?","?","?","?","M"],"build_version":"2018-08-02","purchased_purges":1,"victory":false,"max_hp_per_floor":[77,77,77,77,77,77,77,77,77,77,77,77,77,77,77,77,77,77,77,77,77,77,77,77,77,84,84,84,84,84,84],"card_choices":[{"not_picked":["All Out Attack","Bane"],"picked":"Blade Dance","floor":1},{"not_picked":["Deflect","Acrobatics"],"picked":"Poisoned Stab","floor":3},{"not_picked":["Sucker Punch","Riddle With Holes"],"picked":"Crippling Poison","floor":5},{"not_picked":["Cloak And Dagger","Setup"],"picked":"Dagger Spray","floor":7},{"not_picked":["Blade Dance","Venomology"],"picked":"Quick Slash","floor":11},{"not_picked":["Finisher","Prepared"],"picked":"Caltrops","floor":13},{"not_picked":["Heel Hook","Escape Plan"],"picked":"Blade Dance","floor":14},{"not_picked":["Bullet Time","Night Terror"],"picked":"Tools of the Trade","floor":16},{"not_picked":["Bane","Deflect"],"picked":"PiercingWail","floor":18},{"not_picked":["Slice+1","Blade Dance"],"picked":"Dagger Spray+1","floor":20},{"not_picked":["Sucker Punch+1","Dagger Throw"],"picked":"Adrenaline","floor":24},{"not_picked":["Bane+1","Acrobatics+1"],"picked":"Accuracy+1","floor":29}],"player_experience":234763,"relics_obtained":[{"floor":7,"key":"Boot"},{"floor":9,"key":"Matryoshka"},{"floor":22,"key":"Nilry\u0027s Codex"},{"floor":24,"key":"Vajra"},{"floor":26,"key":"Strawberry"},{"floor":26,"key":"Ancient Tea Set"}],"event_choices":[{"event_name":"Shining Light","player_choice":"Entered Light","floor":4,"damage_taken":0},{"event_name":"Living Wall","player_choice":"Grow","floor":8,"damage_taken":0},{"event_name":"Bonfire Elementals","player_choice":"UNCOMMON","floor":21,"damage_taken":0},{"event_name":"Cursed Tome","player_choice":"Obtained Book","floor":22,"damage_taken":0},{"event_name":"Ghosts","player_choice":"Ignored","floor":27,"damage_taken":0},{"event_name":"The Mausoleum","player_choice":"Yes","floor":28,"damage_taken":0},{"event_name":"Vampires","player_choice":"Ignored","floor":30,"damage_taken":0}],"is_beta":false,"boss_relics":[{"not_picked":["Runic Dome","Velvet Choker"],"picked":"Astrolabe"}],"items_purged_floors":[19],"is_endless":false,"potions_floor_spawned":[1,5,13,16,29],"killed_by":"Slaver and Parasite","ascension_level":5}