{"gold_per_floor":[116,41,56,74,90,125,125,151,205,205,205,221,237,237,237,339,339,349,49,62,62,62,62,62,72,151,151,168,184,184,212,212,310,310,322,322,322,342,19,19,19,19,19,38,38,51,70,84,84,84],"floor_reached":51,"playtime":2492,"items_purged":["Strike_G"],"score":738,"play_id":"47421199-b3e3-43bf-b70f-2332c0befd64","local_time":"20190113193416","is_ascension_mode":true,"campfire_choices":[{"floor":7.0,"key":"REST"},{"floor":10.0,"key":"REST"},{"data":"After Image","floor":15.0,"key":"SMITH"},{"floor":23.0,"key":"REST"},{"floor":27.0,"key":"REST"},{"floor":32.0,"key":"REST"},{"floor":40,"key":"REST"},{"floor":49,"key":"REST"}],"neow_cost":"NONE","seed_source_timestamp":0,"circlet_count":0,"master_deck":["Survivor","Neutralize+1","After Image+1","Deadly Poison","Bouncing Flask","Backflip","Cloak And Dagger","Prepared","Corpse Explosion","Underhanded Strike","Dodge and Roll","Dodge and Roll","Bouncing Flask","Infinite Blades","Malaise","Infinite Blades+1","Skewer","Finisher+1","Leg Sweep+1","Storm of Steel","Cloak And Dagger+1","Madness","Madness","Apotheosis","Shame","Caltrops"],"special_seed":0,"relics":["Ring of the Snake","Ninja Scroll","Shuriken","Orichalcum","The Specimen","Nloth\u0027s Gift","Question Card","Pen Nib","Cursed Key","Strawberry","Bottled Tornado"],"potions_floor_usage":[41,47,50,50,50],"damage_taken":[{"damage":1.0,"enemies":"Cultist","floor":1.0,"turns":5.0},{"damage":0.0,"enemies":"Small Slimes","floor":3.0,"turns":3.0},{"damage":0.0,"enemies":"2 Louse","floor":4.0,"turns":4.0},{"damage":4.0,"enemies":"Red Slaver","floor":5.0,"turns":5.0},{"damage":19.0,"enemies":"3 Sentries","floor":6.0,"turns":14.0},{"damage":24.0,"enemies":"Lagavulin","floor":8.0,"turns":7.0},{"damage":0.0,"enemies":"2 Fungi Beasts","floor":12.0,"turns":3.0},{"damage":0.0,"enemies":"Blue Slaver","floor":13.0,"turns":4.0},{"damage":9.0,"enemies":"Hexaghost","floor":16.0,"turns":11.0},{"damage":9.0,"enemies":"Shell Parasite","floor":18.0,"turns":4.0},{"damage":4.0,"enemies":"Chosen","floor":20.0,"turns":4.0},{"damage":8.0,"enemies":"3 Cultists","floor":25.0,"turns":5.0},{"damage":5.0,"enemies":"Snake Plant","floor":28.0,"turns":5.0},{"damage":18.0,"enemies":"Cultist and Chosen","floor":29.0,"turns":6.0},{"damage":6.0,"enemies":"Book of Stabbing","floor":31.0,"turns":6.0},{"damage":50.0,"enemies":"Collector","floor":33.0,"turns":9.0},{"damage":2,"enemies":"3 Shapes","floor":35,"turns":4},{"damage":1,"enemies":"Orb Walker","floor":38,"turns":4},{"damage":0,"enemies":"4 Shapes","floor":41,"turns":1},{"damage":7,"enemies":"Spire Growth","floor":44,"turns":5},{"damage":0,"enemies":"3 Darklings","floor":46,"turns":3},{"damage":21,"enemies":"Maw","floor":47,"turns":6},{"damage":8,"enemies":"Sphere and 2 Shapes","floor":48,"turns":5},{"damage":53,"enemies":"Awakened One","floor":50,"turns":10}],"seed_played":"-6400090305549332251","potions_obtained":[{"floor":1.0,"key":"Explosive Potion"},{"floor":3.0,"key":"PowerPotion"},{"floor":4.0,"key":"Fire Potion"},{"floor":28.0,"key":"SmokeBomb"},{"floor":33.0,"key":"Strength Potion"},{"floor":37,"key":"GhostInAJar"},{"floor":44,"key":"Poison Potion"},{"floor":47,"key":"Ancient Potion"}],"is_trial":false,"path_per_floor":["M","$","M","M","M","E","R","E","T","R","?","M","M","?","R","B",null,"M","$","M","?","$","R","?","M","T","R","M","M","?","E","R","B",null,"M","?","?","M","$","R","M","?","T","M","?","M","M","M","R","B",null],"character_chosen":"THE_SILENT","items_purchased":["The Specimen","Apotheosis","Strawberry"],"campfire_rested":7,"item_purchase_floors":[19,39,39],"current_hp_per_floor":[69,69,69,69,65,46,67,43,43,64,50,50,50,70,70,61,70,61,61,57,44,44,66,66,58,58,75,70,52,52,46,68,18,75,73,64,64,63,70,82,82,82,82,75,75,75,54,46,70,17],"gold":84,"neow_bonus":"ONE_RANDOM_RARE_CARD","is_prod":false,"is_daily":false,"chose_seed":false,"campfire_upgraded":1,"win_rate":0,"timestamp":1547436856,"path_taken":["M","?","M","?","M","E","R","E","T","R","?","M","M","?","R","BOSS","M","$","?","?","$","R","?","M","T","R","?","M","?","E","R","BOSS","M","?","?","?","$","R","?","?","T","M","?","?","M","M","R","BOSS"],"build_version":"2019-01-10","purchased_purges":1,"victory":true,"max_hp_per_floor":[70,70,70,70,70,70,70,70,70,70,70,70,70,70,70,70,70,70,70,70,75,75,75,75,75,75,75,75,75,75,75,75,75,75,75,75,75,75,82,82,82,82,82,82,82,82,82,82,82,82],"card_choices":[{"not_picked":["Terror","Blade Dance"],"picked":"Deadly Poison","floor":1.0},{"not_picked":["Outmaneuver","Acrobatics"],"picked":"Bouncing Flask","floor":3.0},{"not_picked":["Tactician","Underhanded Strike"],"picked":"Backflip","floor":4.0},{"not_picked":["Backflip","Grand Finale","Cloak And Dagger"],"picked":"SKIP","floor":5.0},{"not_picked":["Dagger Throw","Sucker Punch"],"picked":"Blur","floor":6.0},{"not_picked":["Sucker Punch","Finisher"],"picked":"Cloak And Dagger","floor":8.0},{"not_picked":["Flechettes","Sucker Punch"],"picked":"Prepared","floor":12.0},{"not_picked":["Dagger Throw","Cloak And Dagger","Underhanded Strike"],"picked":"SKIP","floor":13.0},{"not_picked":["Grand Finale","Phantasmal Killer"],"picked":"Corpse Explosion","floor":16.0},{"not_picked":["Blur","Prepared"],"picked":"Infinite Blades+1","floor":18.0},{"not_picked":["Dodge and Roll+1","Dagger Throw+1"],"picked":"Skewer","floor":20.0},{"not_picked":["Quick Slash+1","Calculated Gamble","Slice+1"],"picked":"SKIP","floor":25.0},{"not_picked":["Dagger Spray","Slice","Backflip","Deflect"],"picked":"SKIP","floor":28.0},{"not_picked":["Distraction","Deadly Poison","Sucker Punch"],"picked":"Finisher+1","floor":29.0},{"not_picked":["PiercingWail+1","Die Die Die","Burst"],"picked":"Leg Sweep+1","floor":31.0},{"not_picked":["Die Die Die","Wraith Form v2","Bullet Time"],"picked":"Storm of Steel","floor":33.0},{"not_picked":["Corpse Explosion","Blade Dance+1","Infinite Blades+1"],"picked":"Cloak And Dagger+1","floor":35},{"not_picked":["Outmaneuver","Slice+1","Dodge and Roll+1","Skewer"],"picked":"SKIP","floor":38},{"not_picked":["Prepared","Flying Knee","Outmaneuver","Quick Slash+1"],"picked":"SKIP","floor":44},{"not_picked":["Heel Hook","Infinite Blades+1","Grand Finale","Endless Agony"],"picked":"SKIP","floor":46},{"not_picked":["Poisoned Stab","All Out Attack","Deflect+1","Backflip"],"picked":"SKIP","floor":47},{"not_picked":["Poisoned Stab+1","Calculated Gamble+1","Prepared+1","Cloak And Dagger"],"picked":"SKIP","floor":48}],"player_experience":128012,"relics_obtained":[{"floor":6.0,"key":"Ninja Scroll"},{"floor":8.0,"key":"Shuriken"},{"floor":9.0,"key":"Orichalcum"},{"floor":26.0,"key":"Question Card"},{"floor":31.0,"key":"Pen Nib"},{"floor":43,"key":"Bottled Tornado"}],"event_choices":[{"damage_healed":0.0,"max_hp_gain":0.0,"max_hp_loss":0.0,"gold_gain":0.0,"event_name":"Shining Light","player_choice":"Entered Light","floor":11.0,"gold_loss":0.0,"damage_taken":14.0,"cards_upgraded":["Neutralize","Defend_G"]},{"cards_removed":["Blur"],"damage_healed":20.0,"max_hp_gain":0.0,"max_hp_loss":0.0,"gold_gain":0.0,"event_name":"Bonfire Elementals","player_choice":"Offered Uncommon","floor":14.0,"gold_loss":0.0,"damage_taken":0.0},{"damage_healed":0.0,"max_hp_gain":5.0,"max_hp_loss":0.0,"gold_gain":0.0,"event_name":"Forgotten Altar","player_choice":"Shed Blood","floor":21.0,"gold_loss":0.0,"damage_taken":18.0},{"damage_healed":0.0,"max_hp_gain":0.0,"max_hp_loss":0.0,"gold_gain":0.0,"event_name":"N\u0027loth","player_choice":"Traded Relic","floor":24.0,"relics_lost":["Pandora\u0027s Box"],"gold_loss":0.0,"damage_taken":0.0,"relics_obtained":["Nloth\u0027s Gift"]},{"cards_removed":["Endless Agony"],"damage_healed":0.0,"max_hp_gain":0.0,"max_hp_loss":0.0,"gold_gain":0.0,"event_name":"Back to Basics","player_choice":"Elegance","floor":30.0,"gold_loss":0.0,"damage_taken":0.0},{"damage_healed":0,"gold_gain":0,"player_choice":"Embrace Madness","damage_taken":9,"max_hp_gain":0,"max_hp_loss":0,"event_name":"Winding Halls","floor":36,"gold_loss":0,"cards_obtained":["Madness","Madness"]},{"damage_healed":0,"gold_gain":0,"player_choice":"Got Potions","damage_taken":0,"max_hp_gain":0,"max_hp_loss":0,"event_name":"Lab","floor":37,"gold_loss":0},{"cards_removed":["Flechettes"],"damage_healed":0,"gold_gain":0,"player_choice":"Removed Attack","damage_taken":0,"max_hp_gain":0,"max_hp_loss":0,"event_name":"Falling","floor":42,"gold_loss":0},{"damage_healed":0,"gold_gain":0,"cards_transformed":["Unload"],"player_choice":"Transformed","damage_taken":0,"max_hp_gain":0,"max_hp_loss":0,"event_name":"Transmorgrifier","floor":45,"gold_loss":0,"cards_obtained":["Caltrops"]}],"is_beta":false,"boss_relics":[{"not_picked":["Ectoplasm","Runic Pyramid"],"picked":"Pandora\u0027s Box"},{"not_picked":["Calling Bell","Orrery"],"picked":"Cursed Key"}],"items_purged_floors":[2],"is_endless":false,"potions_floor_spawned":[1,3,4,6,28,29,33,44,47,48],"ascension_level":1}