{"gold_per_floor":[117,117,130,55,74,100,100,132,132,143,143,143,156,191,191,191],"floor_reached":16,"playtime":446,"items_purged":["Strike_B"],"score":240,"play_id":"a7c29a06-66fb-403e-b480-d9e283740067","local_time":"20190708101830","is_ascension_mode":true,"campfire_choices":[{"data":"Hyperbeam","floor":7,"key":"SMITH"},{"floor":11,"key":"REST"},{"floor":15,"key":"REST"}],"neow_cost":"NONE","seed_source_timestamp":2106446412282600,"circlet_count":0,"master_deck":["AscendersBane","Strike_B","Strike_B","Strike_B","Defend_B","Defend_B","Defend_B","Defend_B","Zap","Dualcast","Hyperbeam+1","Beam Cell","Go for the Eyes","Steam","Gash","Hyperbeam","Leap","Gash"],"relics":["Cracked Core","Blood Vial","Shuriken","Pen Nib","FaceOfCleric","Smiling Mask"],"potions_floor_usage":[14,16],"damage_taken":[{"damage":1,"enemies":"Cultist","floor":1,"turns":3},{"damage":0,"enemies":"Small Slimes","floor":3,"turns":2},{"damage":2,"enemies":"Jaw Worm","floor":5,"turns":2},{"damage":33,"enemies":"Lagavulin","floor":6,"turns":8},{"damage":19,"enemies":"3 Sentries","floor":8,"turns":4},{"damage":12,"enemies":"3 Louse","floor":10,"turns":3},{"damage":3,"enemies":"Red Slaver","floor":13,"turns":2},{"damage":16,"enemies":"Lagavulin","floor":14,"turns":6},{"damage":32,"enemies":"The Guardian","floor":16,"turns":5}],"seed_played":"7633449558603575435","potions_obtained":[{"floor":5,"key":"Dexterity Potion"},{"floor":13,"key":"Swift Potion"},{"floor":14,"key":"PowerPotion"}],"is_trial":false,"path_per_floor":["M","?","M","$","M","E","R","E","T","M","R","?","M","E","R","B"],"character_chosen":"DEFECT","items_purchased":[],"campfire_rested":2,"item_purchase_floors":[],"current_hp_per_floor":[63,63,63,63,61,28,28,11,11,1,22,22,22,9,30,0],"gold":191,"neow_bonus":"ONE_RANDOM_RARE_CARD","is_prod":false,"is_daily":false,"chose_seed":false,"campfire_upgraded":1,"win_rate":0,"timestamp":1562606310,"path_taken":["M","?","M","$","?","E","R","E","T","M","R","?","?","E","R","BOSS"],"build_version":"2019-07-05","purchased_purges":1,"victory":false,"max_hp_per_floor":[71,71,71,71,71,71,71,71,71,71,71,71,72,73,73,73],"card_choices":[{"not_picked":["Go for the Eyes","Tempest"],"picked":"Beam Cell","floor":1},{"not_picked":["Heatsinks","Skim"],"picked":"Go for the Eyes","floor":3},{"not_picked":["Coolheaded","Compile Driver"],"picked":"Steam","floor":5},{"not_picked":["Self Repair","Auto Shields"],"picked":"Gash","floor":6},{"not_picked":["Leap","Glacier"],"picked":"Hyperbeam","floor":8},{"not_picked":["Scrape","Rebound"],"picked":"Leap","floor":10},{"not_picked":["Skim","Auto Shields"],"picked":"Gash","floor":13},{"not_picked":["Coolheaded","Stack","Heatsinks"],"picked":"SKIP","floor":14}],"player_experience":1242197,"relics_obtained":[{"floor":6,"key":"Blood Vial"},{"floor":8,"key":"Shuriken"},{"floor":9,"key":"Pen Nib"},{"floor":14,"key":"Smiling Mask"}],"event_choices":[{"damage_healed":0,"gold_gain":0,"player_choice":"0 cards matched","damage_taken":0,"max_hp_gain":0,"max_hp_loss":0,"event_name":"Match and Keep!","floor":2,"gold_loss":0,"cards_obtained":[]},{"damage_healed":0,"gold_gain":0,"player_choice":"Trade","damage_taken":0,"relics_obtained":["FaceOfCleric"],"max_hp_gain":0,"max_hp_loss":0,"event_name":"FaceTrader","floor":12,"gold_loss":0}],"is_beta":false,"boss_relics":[],"items_purged_floors":[4],"is_endless":false,"potions_floor_spawned":[5,13,14],"killed_by":"The Guardian","ascension_level":20}