{"gold_per_floor":[112,130,147,69,89,119,119,119,169,169,169,190,223,247,247,376,376,365,95,95,108,108,149,149],"floor_reached":24,"playtime":1351,"items_purged":[],"score":224,"play_id":"8481749d-f926-4fab-b790-bc3d7ed95004","local_time":"20180708132812","is_ascension_mode":false,"campfire_choices":[{"floor":7.0,"key":"REST"},{"data":"Deadly Poison","floor":10.0,"key":"SMITH"},{"floor":15,"key":"REST"}],"neow_cost":"","seed_source_timestamp":60377672741283,"circlet_count":0,"master_deck":["Defend_G","Defend_G","Defend_G","Defend_G","Defend_G","Strike_G","Strike_G","Strike_G","Strike_G","Survivor","Neutralize","Backflip","Backflip","Crippling Poison","Well Laid Plans","Deadly Poison+1","Calculated Gamble","Flying Knee","Flying Knee","Tactician","Malaise+1","Noxious Fumes","Backflip","Noxious Fumes"],"special_seed":0,"relics":["Ring of the Snake","Ornamental Fan","Oddly Smooth Stone","Golden Idol","Anchor","Pen Nib","Eternal Feather","Strange Spoon","Strawberry"],"potions_floor_usage":[],"damage_taken":[{"damage":0.0,"enemies":"Small Slimes","floor":1.0,"turns":4.0},{"damage":5.0,"enemies":"Jaw Worm","floor":2.0,"turns":6.0},{"damage":0.0,"enemies":"2 Louse","floor":3.0,"turns":3.0},{"damage":8.0,"enemies":"Exordium Thugs","floor":5.0,"turns":5.0},{"damage":10.0,"enemies":"3 Sentries","floor":6.0,"turns":13.0},{"damage":0.0,"enemies":"Blue Slaver","floor":12.0,"turns":4.0},{"damage":17.0,"enemies":"Gremlin Nob","floor":13.0,"turns":4.0},{"damage":15,"enemies":"Hexaghost","floor":16,"turns":10},{"damage":11,"enemies":"2 Thieves","floor":18,"turns":4},{"damage":0,"enemies":"Shell Parasite","floor":21,"turns":7},{"damage":52,"enemies":"Slavers","floor":23,"turns":6},{"damage":19,"enemies":"Cultist and Chosen","floor":24,"turns":4}],"seed_played":"5746615119110622690","potions_obtained":[{"floor":5.0,"key":"Weak Potion"},{"floor":6.0,"key":"Fire Potion"},{"floor":12.0,"key":"Poison Potion"},{"floor":13,"key":"Block Potion"}],"is_trial":false,"path_per_floor":["M","M","M","$","M","E","R","?","T","R","?","M","E","T","R","B",null,"M","$","?","M","$","E"],"character_chosen":"THE_SILENT","items_purchased":["Well Laid Plans","Noxious Fumes","Strange Spoon"],"campfire_rested":2,"item_purchase_floors":[4,19,19],"current_hp_per_floor":[70,65,65,65,57,47,68,68,68,68,51,51,34,34,55,40,70,59,59,59,59,59,14,0],"gold":149,"neow_bonus":"","is_prod":false,"is_daily":false,"chose_seed":false,"campfire_upgraded":1,"win_rate":0,"timestamp":1531070892,"path_taken":["M","M","M","$","M","E","R","?","T","R","?","M","E","?","R","BOSS","M","$","?","M","$","E","M"],"build_version":"2018-07-05","purchased_purges":0,"victory":false,"max_hp_per_floor":[70,70,70,70,70,70,70,70,70,70,70,70,70,70,70,70,70,70,70,70,70,70,77,77],"card_choices":[{"not_picked":["PiercingWail","Sucker Punch"],"picked":"Backflip","floor":1.0},{"not_picked":["Cloak And Dagger","Distraction"],"picked":"Backflip","floor":2.0},{"not_picked":["Dagger Throw","Blur"],"picked":"Crippling Poison","floor":3.0},{"not_picked":["Choke","Escape Plan"],"picked":"Deadly Poison","floor":5.0},{"not_picked":["Backstab","Terror"],"picked":"Calculated Gamble","floor":6.0},{"not_picked":["Deflect","Quick Slash"],"picked":"Flying Knee","floor":12.0},{"not_picked":["Escape Plan","Adrenaline","Caltrops"],"picked":"SKIP","floor":13},{"not_picked":["Die Die Die","A Thousand Cuts"],"picked":"Tactician","floor":16},{"not_picked":["Infinite Blades","Predator+1"],"picked":"Malaise+1","floor":18},{"not_picked":["Outmaneuver+1","Blur+1"],"picked":"Noxious Fumes","floor":21},{"not_picked":["Masterful Stab","Underhanded Strike","Expertise"],"picked":"SKIP","floor":23}],"player_experience":90972,"relics_obtained":[{"floor":6.0,"key":"Ornamental Fan"},{"floor":9.0,"key":"Oddly Smooth Stone"},{"floor":13,"key":"Anchor"},{"floor":14,"key":"Pen Nib"},{"floor":23,"key":"Strawberry"}],"event_choices":[{"event_name":"Living Wall","player_choice":"Change","floor":8.0,"damage_taken":0.0},{"event_name":"Golden Idol","player_choice":"Take Damage","floor":11.0,"damage_taken":0.0},{"event_name":"The Library","player_choice":"Read","floor":20,"damage_taken":0}],"boss_relics":[{"not_picked":["Empty Cage","Runic Dome"],"picked":"Eternal Feather"}],"items_purged_floors":[],"is_endless":false,"potions_floor_spawned":[5,6,12,13,18,21],"killed_by":"Cultist and Chosen","ascension_level":0}