{"gold_per_floor":[117,117,136,286,46,46,79,79,103,115,130,205,205,216,216,216],"floor_reached":16,"playtime":406,"items_purged":[],"score":200,"play_id":"ba987e5e-ce0d-4114-a1db-59cc3dc0aeea","local_time":"20190422202943","is_ascension_mode":true,"campfire_choices":[{"floor":6,"key":"REST"},{"data":"Neutralize","floor":8,"key":"SMITH"},{"data":"Sucker Punch","floor":13,"key":"SMITH"},{"data":"Heel Hook","floor":15,"key":"SMITH"}],"neow_cost":"NONE","seed_source_timestamp":10563075747027752,"circlet_count":0,"master_deck":["AscendersBane","Defend_G","Defend_G","Defend_G","Defend_G","Defend_G","Strike_G","Strike_G","Strike_G","Strike_G","Survivor","Neutralize+1","Riddle With Holes","Doubt","Predator","Sucker Punch+1","Heel Hook+1","Flying Knee"],"relics":["Ring of the Snake","Art of War","PreservedInsect","Strawberry","Bronze Scales"],"potions_floor_usage":[16],"damage_taken":[{"damage":14,"enemies":"Jaw Worm","floor":1,"turns":8},{"damage":0,"enemies":"2 Louse","floor":3,"turns":3},{"damage":20,"enemies":"3 Sentries","floor":7,"turns":7},{"damage":0,"enemies":"Small Slimes","floor":10,"turns":2},{"damage":1,"enemies":"Exordium Wildlife","floor":11,"turns":3},{"damage":0,"enemies":"2 Fungi Beasts","floor":14,"turns":3},{"damage":33,"enemies":"Hexaghost","floor":16,"turns":11}],"seed_played":"8938841049820639573","potions_obtained":[{"floor":1,"key":"SpeedPotion"},{"floor":7,"key":"SkillPotion"},{"floor":10,"key":"GhostInAJar"}],"is_trial":false,"path_per_floor":["M","?","M","?","$","R","E","R","T","M","M","?","R","M","R","B"],"character_chosen":"THE_SILENT","items_purchased":["PreservedInsect","Predator"],"campfire_rested":1,"item_purchase_floors":[5,5],"current_hp_per_floor":[45,38,38,38,38,57,44,44,44,44,43,32,32,32,32,0],"gold":216,"neow_bonus":"RANDOM_COMMON_RELIC","is_prod":false,"is_daily":false,"chose_seed":false,"campfire_upgraded":3,"win_rate":0,"timestamp":1555979383,"path_taken":["M","?","M","?","$","R","E","R","T","M","M","?","R","M","R","BOSS"],"build_version":"2019-01-23","purchased_purges":0,"victory":false,"max_hp_per_floor":[66,66,66,66,66,66,73,73,73,73,73,73,73,73,73,73],"card_choices":[{"not_picked":["Reflex","Underhanded Strike","Eviscerate"],"picked":"SKIP","floor":1},{"not_picked":["Deflect","Slice"],"picked":"Riddle With Holes","floor":3},{"not_picked":["Venomology","Masterful Stab"],"picked":"Sucker Punch","floor":7},{"not_picked":["Slice","Catalyst","Acrobatics"],"picked":"SKIP","floor":10},{"not_picked":["PiercingWail","Slice"],"picked":"Heel Hook","floor":11},{"not_picked":["Eviscerate","Poisoned Stab"],"picked":"Flying Knee","floor":14}],"player_experience":656452,"relics_obtained":[{"floor":7,"key":"Strawberry"},{"floor":9,"key":"Bronze Scales"}],"event_choices":[{"cards_removed":["Strike_G"],"damage_healed":0,"gold_gain":0,"player_choice":"Card Removal","damage_taken":7,"max_hp_gain":0,"max_hp_loss":0,"event_name":"Golden Wing","floor":2,"gold_loss":0},{"damage_healed":0,"gold_gain":150,"player_choice":"AGREE","damage_taken":0,"max_hp_gain":0,"max_hp_loss":0,"event_name":"Liars Game","floor":4,"gold_loss":0,"cards_obtained":["Doubt"]},{"damage_healed":0,"gold_gain":75,"player_choice":"Gather Gold","damage_taken":11,"max_hp_gain":0,"max_hp_loss":0,"event_name":"World of Goop","floor":12,"gold_loss":0}],"is_beta":false,"boss_relics":[],"items_purged_floors":[],"is_endless":false,"potions_floor_spawned":[1,7,10],"killed_by":"Hexaghost","ascension_level":20}