{"gold_per_floor":[116,116,36,36,56,56,91,116,128,175,187,217,242,287,299,311],"floor_reached":16,"playtime":697,"items_purged":[],"score":315,"play_id":"6a716acf-2178-4ef3-b189-a542ddb897c1","local_time":"20190707201542","is_ascension_mode":true,"campfire_choices":[{"data":"Dagger Spray","floor":6.0,"key":"SMITH"},{"data":"Footwork","floor":11.0,"key":"SMITH"},{"floor":15,"key":"REST"}],"neow_cost":"NONE","seed_source_timestamp":6162310061391030,"circlet_count":0,"master_deck":["AscendersBane","Strike_G","Strike_G","Strike_G","Strike_G","Defend_G","Defend_G","Defend_G","Defend_G","Defend_G","Survivor","Neutralize","Dagger Spray+1","Well Laid Plans","Crippling Poison","Dash","Cloak And Dagger","Footwork+1","Dodge and Roll","PiercingWail","Dagger Spray"],"special_seed":0,"relics":["Ring of the Snake","NeowsBlessing","MawBank","Pear","Mango","Blood Vial"],"potions_floor_usage":[13,14,16],"damage_taken":[{"damage":0.0,"enemies":"Jaw Worm","floor":1.0,"turns":1.0},{"damage":0.0,"enemies":"Cultist","floor":5.0,"turns":1.0},{"damage":0.0,"enemies":"Lagavulin","floor":7.0,"turns":1.0},{"damage":2.0,"enemies":"Small Slimes","floor":8.0,"turns":3.0},{"damage":34.0,"enemies":"Gremlin Nob","floor":10.0,"turns":6.0},{"damage":12.0,"enemies":"Exordium Thugs","floor":12.0,"turns":7.0},{"damage":0,"enemies":"Exordium Wildlife","floor":13,"turns":4},{"damage":31,"enemies":"Lagavulin","floor":14,"turns":13},{"damage":40,"enemies":"Slime Boss","floor":16,"turns":12}],"seed_played":"1044777787408786527","potions_obtained":[{"floor":7.0,"key":"Poison Potion"},{"floor":8.0,"key":"Weak Potion"},{"floor":10.0,"key":"Strength Potion"},{"floor":12.0,"key":"Energy Potion"},{"floor":13,"key":"SpeedPotion"}],"is_trial":false,"path_per_floor":["M","?","$","?","M","R","E","M","T","E","R","M","M","E","R","B"],"character_chosen":"THE_SILENT","items_purchased":["Well Laid Plans"],"campfire_rested":1,"item_purchase_floors":[3],"current_hp_per_floor":[59,59,59,59,59,59,59,57,67,47,47,35,35,4,31,0],"gold":311,"neow_bonus":"THREE_ENEMY_KILL","is_prod":false,"is_daily":false,"chose_seed":false,"campfire_upgraded":2,"win_rate":0,"timestamp":1562544942,"path_taken":["M","?","$","?","M","R","E","?","T","E","R","M","M","E","R","BOSS"],"build_version":"2019-07-05","purchased_purges":0,"victory":false,"max_hp_per_floor":[66,66,66,66,66,66,66,66,76,90,90,90,90,90,90,90],"card_choices":[{"not_picked":["Cloak And Dagger","Dagger Throw"],"picked":"Dagger Spray","floor":1.0},{"not_picked":["Infinite Blades","Dagger Throw"],"picked":"Crippling Poison","floor":5.0},{"not_picked":["Backstab","Quick Slash"],"picked":"Dash","floor":7.0},{"not_picked":["Blade Dance","Bane"],"picked":"Cloak And Dagger","floor":8.0},{"not_picked":["Poisoned Stab","Backflip"],"picked":"Footwork","floor":10.0},{"not_picked":["Tools of the Trade","Quick Slash"],"picked":"Dodge and Roll","floor":12.0},{"not_picked":["Deflect","Well Laid Plans"],"picked":"PiercingWail","floor":13},{"not_picked":["Underhanded Strike","Quick Slash"],"picked":"Dagger Spray","floor":14}],"player_experience":908776,"relics_obtained":[{"floor":7.0,"key":"MawBank"},{"floor":9.0,"key":"Pear"},{"floor":10.0,"key":"Mango"},{"floor":14,"key":"Blood Vial"}],"event_choices":[{"damage_healed":0.0,"max_hp_gain":0.0,"max_hp_loss":0.0,"gold_gain":0.0,"event_name":"Liars Game","player_choice":"Ignored","floor":2.0,"gold_loss":0.0,"damage_taken":0.0},{"cards_removed":["Strike_G"],"damage_healed":0.0,"max_hp_gain":0.0,"max_hp_loss":0.0,"gold_gain":0.0,"event_name":"Purifier","player_choice":"Purged","floor":4.0,"gold_loss":0.0,"damage_taken":0.0}],"is_beta":false,"boss_relics":[],"items_purged_floors":[],"is_endless":false,"potions_floor_spawned":[7,8,10,12,13],"killed_by":"Slime Boss","ascension_level":20}