{"gold_per_floor":[109,122,122,141,141,173,173,204,204,222,248,248,248,248,248,248],"floor_reached":16,"playtime":407,"items_purged":[],"score":230,"play_id":"db6fa226-cf1e-4e98-b579-b8c7e0f48b6d","local_time":"20190618175207","is_ascension_mode":true,"campfire_choices":[{"floor":7,"key":"REST"},{"floor":13,"key":"REST"},{"data":"Bash","floor":15,"key":"SMITH"}],"neow_cost":"TEN_PERCENT_HP_LOSS","seed_source_timestamp":4512837787294226,"circlet_count":0,"master_deck":["AscendersBane","Strike_R","Strike_R+1","Strike_R","Strike_R","Strike_R","Defend_R+1","Defend_R","Defend_R","Defend_R","Bash+1","Dropkick+1","Infernal Blade+1","Rampage+1","Thunderclap","Cleave"],"relics":["Burning Blood","Ice Cream","War Paint","Ornamental Fan","Art of War","Regal Pillow"],"potions_floor_usage":[6,10],"damage_taken":[{"damage":9,"enemies":"Jaw Worm","floor":1,"turns":6},{"damage":10,"enemies":"Small Slimes","floor":2,"turns":3},{"damage":7,"enemies":"2 Louse","floor":4,"turns":4},{"damage":15,"enemies":"3 Sentries","floor":6,"turns":6},{"damage":33,"enemies":"Gremlin Nob","floor":8,"turns":4},{"damage":11,"enemies":"Exordium Thugs","floor":10,"turns":3},{"damage":12,"enemies":"3 Sentries","floor":11,"turns":6},{"damage":69,"enemies":"Slime Boss","floor":16,"turns":6}],"seed_played":"2943529406936889391","potions_obtained":[{"floor":4,"key":"SkillPotion"},{"floor":8,"key":"Weak Potion"},{"floor":11,"key":"Ancient Potion"}],"is_trial":false,"path_per_floor":["M","M","?","M","?","E","R","E","T","M","E","?","R","?","R","B"],"character_chosen":"IRONCLAD","items_purchased":[],"campfire_rested":2,"item_purchase_floors":[],"current_hp_per_floor":[65,61,66,65,43,34,55,28,28,23,17,17,53,53,53,0],"gold":248,"neow_bonus":"ONE_RARE_RELIC","is_prod":false,"is_daily":false,"chose_seed":false,"campfire_upgraded":1,"win_rate":0,"timestamp":1560894727,"path_taken":["M","M","?","M","?","E","R","E","T","M","E","?","R","?","R","BOSS"],"build_version":"2019-01-23","purchased_purges":0,"victory":false,"max_hp_per_floor":[68,68,73,73,73,73,73,73,73,73,73,73,73,73,73,73],"card_choices":[{"not_picked":["Armaments","Thunderclap"],"picked":"Dropkick","floor":1},{"not_picked":["True Grit","Armaments","Flex"],"picked":"SKIP","floor":2},{"not_picked":["Anger","Havoc"],"picked":"Infernal Blade","floor":4},{"not_picked":["Headbutt","True Grit"],"picked":"Rampage","floor":6},{"not_picked":["Wild Strike","Flex"],"picked":"Thunderclap","floor":8},{"not_picked":["Headbutt","Clash"],"picked":"Cleave","floor":10},{"not_picked":["Intimidate","Flex","Dual Wield"],"picked":"SKIP","floor":11}],"player_experience":757028,"relics_obtained":[{"floor":6,"key":"War Paint"},{"floor":8,"key":"Ornamental Fan"},{"floor":9,"key":"Art of War"},{"floor":11,"key":"Regal Pillow"}],"event_choices":[{"damage_healed":0,"gold_gain":0,"player_choice":"Donut","damage_taken":0,"max_hp_gain":5,"max_hp_loss":0,"event_name":"Big Fish","floor":3,"gold_loss":0},{"damage_healed":0,"gold_gain":0,"player_choice":"Entered Light","damage_taken":22,"max_hp_gain":0,"max_hp_loss":0,"event_name":"Shining Light","floor":5,"gold_loss":0,"cards_upgraded":["Dropkick","Strike_R"]},{"damage_healed":0,"gold_gain":0,"player_choice":"Grow","damage_taken":0,"max_hp_gain":0,"max_hp_loss":0,"event_name":"Living Wall","floor":12,"gold_loss":0,"cards_upgraded":["Rampage"]},{"damage_healed":0,"gold_gain":0,"player_choice":"Ignored","damage_taken":0,"max_hp_gain":0,"max_hp_loss":0,"event_name":"Liars Game","floor":14,"gold_loss":0}],"is_beta":false,"boss_relics":[],"items_purged_floors":[],"is_endless":false,"potions_floor_spawned":[4,8,11],"killed_by":"Slime Boss","ascension_level":19}