{"gold_per_floor":[213,213,213,213,31,72,96,115,142,65,90,11,11,26,26,26],"floor_reached":16,"playtime":353,"items_purged":[],"score":140,"play_id":"d349b64d-6ca7-4b10-98ae-d78bcf62b9c0","local_time":"20181217215523","is_ascension_mode":true,"campfire_choices":[{"floor":13,"key":"REST"},{"data":"Rampage","floor":15,"key":"SMITH"}],"neow_cost":"NONE","seed_source_timestamp":1410014949887663,"circlet_count":0,"master_deck":["Strike_R","Strike_R","Strike_R","Strike_R","Strike_R","Defend_R","Defend_R","Defend_R","Defend_R","Bash","Inflame","Headbutt","Iron Wave","Perfected Strike","Wild Strike","Whirlwind","Rampage+1"],"relics":["Burning Blood","Golden Idol","Self Forming Clay","Oddly Smooth Stone","Ginger","Boot"],"potions_floor_usage":[16,16,16],"damage_taken":[{"damage":10,"enemies":"2 Louse","floor":1,"turns":3},{"damage":46,"enemies":"Lagavulin","floor":6,"turns":9},{"damage":6,"enemies":"Jaw Worm","floor":7,"turns":4},{"damage":0,"enemies":"Cultist","floor":8,"turns":3},{"damage":0,"enemies":"3 Louse","floor":11,"turns":1},{"damage":14,"enemies":"2 Fungi Beasts","floor":14,"turns":3},{"damage":41,"enemies":"Hexaghost","floor":16,"turns":9}],"seed_played":"296643935939429565","potions_obtained":[{"floor":1,"key":"EssenceOfSteel"},{"floor":7,"key":"EssenceOfSteel"},{"floor":14,"key":"Energy Potion"}],"is_trial":false,"path_per_floor":["M","?","?","T","$","E","M","M","T","$","M","$","R","M","R","B"],"character_chosen":"IRONCLAD","items_purchased":["Oddly Smooth Stone","Headbutt","Whirlwind","Rampage"],"campfire_rested":1,"item_purchase_floors":[5,5,10,12],"current_hp_per_floor":[68,73,52,52,52,12,12,18,18,18,24,24,49,41,41,0],"gold":26,"neow_bonus":"HUNDRED_GOLD","is_prod":false,"is_daily":false,"chose_seed":false,"campfire_upgraded":1,"win_rate":0,"timestamp":1545101723,"path_taken":["M","?","?","?","$","E","?","M","T","$","M","?","R","M","R","BOSS"],"build_version":"2018-12-13","purchased_purges":0,"victory":false,"max_hp_per_floor":[80,85,85,85,85,85,85,85,85,85,85,85,85,85,85,85],"card_choices":[{"not_picked":["Seeing Red","Cleave"],"picked":"Inflame","floor":1},{"not_picked":["Offering","Perfected Strike"],"picked":"Iron Wave","floor":6},{"not_picked":["Cleave","Havoc"],"picked":"Perfected Strike","floor":7},{"not_picked":["Anger","Havoc"],"picked":"Wild Strike","floor":8},{"not_picked":["Feel No Pain","Warcry","Seeing Red"],"picked":"SKIP","floor":11},{"not_picked":["Body Slam","Cleave","Sentinel"],"picked":"SKIP","floor":14}],"player_experience":520838,"relics_obtained":[{"floor":4,"key":"Self Forming Clay"},{"floor":6,"key":"Ginger"},{"floor":9,"key":"Boot"}],"event_choices":[{"damage_healed":0,"gold_gain":0,"player_choice":"Donut","damage_taken":0,"max_hp_gain":5,"max_hp_loss":0,"event_name":"Big Fish","floor":2,"gold_loss":0},{"damage_healed":0,"gold_gain":0,"player_choice":"Take Damage","damage_taken":21,"relics_obtained":["Golden Idol"],"max_hp_gain":0,"max_hp_loss":0,"event_name":"Golden Idol","floor":3,"gold_loss":0}],"is_beta":false,"boss_relics":[],"items_purged_floors":[],"is_endless":false,"potions_floor_spawned":[1,7,14],"killed_by":"Hexaghost","ascension_level":8}