{"path_per_floor":["M","M","$","?","M","R","?","R","T","?","M","E","$","M","R","B",null,"M","?","?","$","M","R","M","R","T","M","$","?","?","M","R","B",null,"M","?","M","?","M","R","E","M","T","$"],"character_chosen":"THE_SILENT","items_purchased":["Calculated Gamble","Poisoned Stab"],"gold_per_floor":[109,127,52,52,64,64,64,64,90,90,107,136,32,42,42,141,141,157,157,157,57,76,76,89,89,166,180,55,55,55,68,68,166,166,181,181,198,198,214,214,245,264,264,114],"floor_reached":45,"campfire_rested":5,"playtime":2343,"current_hp_per_floor":[68,66,66,66,66,66,66,66,66,71,56,37,37,30,52,14,75,37,37,37,37,30,52,44,66,66,41,41,41,41,38,60,38,75,53,44,30,30,14,36,14,14,14,14],"items_purged":["Strike_G","Decay","Survivor","Injury"],"gold":114,"score":393,"play_id":"007670b1-2d48-44e1-8ffd-5b9afd80c8eb","is_prod":false,"is_daily":false,"is_ascension_mode":false,"campfire_upgraded":2,"path_taken":["M","M","?","?","M","R","?","R","T","?","?","E","?","M","R","BOSS","M","?","?","$","M","R","M","R","T","M","?","?","?","M","R","BOSS","M","?","M","?","M","R","E","M","T","$","M"],"build_version":"2018-02-12-PROD1","purchased_purges":5,"victory":false,"master_deck":["Defend_G+1","Defend_G+1","Defend_G+1","Strike_G+1","Strike_G+1","Neutralize+1","Glass Knife+1","Bouncing Flask+1","Prepared","Sucker Punch","Footwork","Calculated Gamble","Poisoned Stab","Bane","Adrenaline","Calculated Gamble+1","Envenom+1","Unload+1","Footwork+1","Backflip","Leg Sweep","Noxious Fumes+1","Underhanded Strike","Wraith Form","Flying Knee+1","Madness","Madness","Distraction+1","Night Terror"],"max_hp_per_floor":[70,70,70,70,70,70,70,70,70,75,75,75,75,75,75,75,75,75,75,75,75,75,75,75,75,75,75,75,75,75,75,75,75,75,75,75,75,75,75,75,75,75,75,75],"relics":["Ring of the Snake","Prayer Wheel","Sundial","Astrolabe","Mummified Hand","Snecko Eye","Bottled Flame","Frozen Eye"],"card_choices":[{"not_picked":["Outmaneuver","Deadly Poison"],"picked":"Bouncing Flask"},{"not_picked":["Sucker Punch","Underhanded Strike"],"picked":"Prepared"},{"not_picked":["Storm of Steel","Dodge and Roll"],"picked":"Sucker Punch"},{"not_picked":["Riddle With Holes","Choke"],"picked":"Footwork"},{"not_picked":["Wraith Form","Bouncing Flask"],"picked":"Bane"},{"not_picked":["Envenom","Die Die Die"],"picked":"Adrenaline"},{"not_picked":["Deadly Poison","Bouncing Flask"],"picked":"Footwork"},{"not_picked":["Infinite Blades","Prepared"],"picked":"Backflip"},{"not_picked":["Escape Plan","Terror"],"picked":"Leg Sweep"},{"not_picked":["Terror","Deflect"],"picked":"Noxious Fumes"},{"not_picked":["Deflect","Accuracy"],"picked":"Underhanded Strike"},{"not_picked":["Glass Knife","Night Terror"],"picked":"Wraith Form"},{"not_picked":["Backflip","Heel Hook"],"picked":"Flying Knee"},{"not_picked":["Sucker Punch","Backflip"],"picked":"Distraction"},{"not_picked":["Cloak And Dagger","Blur"],"picked":"Night Terror"}],"player_experience":79323,"potions_floor_usage":[16,18,33,35,39,45],"damage_taken":[{"damage":2,"enemies":"Blue Slaver","floor":1,"turns":3},{"damage":2,"enemies":"Jaw Worm","floor":2,"turns":3},{"damage":0,"enemies":"2 Louse","floor":5,"turns":3},{"damage":15,"enemies":"Large Slime","floor":11,"turns":6},{"damage":19,"enemies":"Lagavulin","floor":12,"turns":7},{"damage":7,"enemies":"Red Slaver","floor":14,"turns":4},{"damage":38,"enemies":"The Guardian","floor":16,"turns":11},{"damage":47,"enemies":"2 Thieves","floor":18,"turns":5},{"damage":7,"enemies":"Chosen","floor":22,"turns":4},{"damage":8,"enemies":"Snecko","floor":24,"turns":5},{"damage":25,"enemies":"3 Cultists","floor":27,"turns":8},{"damage":3,"enemies":"Snake Plant","floor":31,"turns":4},{"damage":22,"enemies":"Champ","floor":33,"turns":12},{"damage":22,"enemies":"Orb Walker","floor":35,"turns":4},{"damage":14,"enemies":"3 Darklings","floor":37,"turns":5},{"damage":16,"enemies":"Sphere and 2 Shapes","floor":39,"turns":6},{"damage":22,"enemies":"Giant Head","floor":41,"turns":9},{"damage":0,"enemies":"Maw","floor":42,"turns":5},{"damage":15,"enemies":"4 Shapes","floor":45,"turns":2}],"event_choices":[{"event_name":"Match and Keep!","player_choice":"0 cards matched","floor":4,"damage_taken":0},{"event_name":"Wheel of Change","player_choice":"Curse","floor":7,"damage_taken":0},{"event_name":"Big Fish","player_choice":"Donut","floor":10,"damage_taken":0},{"event_name":"Back to Basics","player_choice":"Simplicity","floor":19,"damage_taken":0},{"event_name":"Vampires","player_choice":"Ignored","floor":20,"damage_taken":0},{"event_name":"Addict","player_choice":"Ignored","floor":29,"damage_taken":0},{"event_name":"Accursed Blacksmith","player_choice":"Forge","floor":30,"damage_taken":0},{"event_name":"Winding Halls","player_choice":"Embrace Madness","floor":36,"damage_taken":0}],"boss_relics":[{"not_picked":["Philosopher\u0027s Stone","The Specimen"],"picked":"Astrolabe"},{"not_picked":["Cursed Key","Orrery"],"picked":"Snecko Eye"}],"potions_floor_spawned":[1,12,16,18,27,31,35,37],"seed_played":"-7804390455612048181","killed_by":"4 Shapes","ascension_level":0,"is_trial":false}