{"gold_per_floor":[14,27,27,46,46,84,96,147,215,227,255,281,334,113,113,113],"floor_reached":16,"playtime":377,"items_purged":["Strike_B"],"score":240,"play_id":"a73f3be7-3224-4699-9c81-fe872a9fc3ae","local_time":"20190526223057","is_ascension_mode":true,"campfire_choices":[{"floor":7.0,"key":"REST"},{"floor":10.0,"key":"REST"},{"floor":15,"key":"REST"}],"neow_cost":"NO_GOLD","seed_source_timestamp":101200892584000,"circlet_count":0,"master_deck":["AscendersBane","Strike_B","Strike_B","Defend_B","Defend_B","Defend_B","Zap","Dualcast","Tempest","Defragment","Streamline","Static Discharge","Conserve Battery","Glacier","Cold Snap"],"special_seed":0,"relics":["Cracked Core","Golden Idol","MawBank","Anchor","Tiny Chest","Potion Belt","Happy Flower"],"potions_floor_usage":[13],"damage_taken":[{"damage":8.0,"enemies":"Small Slimes","floor":1.0,"turns":3.0},{"damage":2.0,"enemies":"Jaw Worm","floor":2.0,"turns":3.0},{"damage":0.0,"enemies":"2 Louse","floor":4.0,"turns":2.0},{"damage":33.0,"enemies":"3 Sentries","floor":6.0,"turns":7.0},{"damage":32.0,"enemies":"Gremlin Nob","floor":8.0,"turns":4.0},{"damage":11.0,"enemies":"Looter","floor":11.0,"turns":3.0},{"damage":5.0,"enemies":"Gremlin Gang","floor":12.0,"turns":5.0},{"damage":7,"enemies":"3 Sentries","floor":13,"turns":7},{"damage":36,"enemies":"The Guardian","floor":16,"turns":2}],"seed_played":"-5017608644598583131","potions_obtained":[{"floor":1.0,"key":"Block Potion"},{"floor":6.0,"key":"Dexterity Potion"},{"floor":8.0,"key":"Strength Potion"},{"floor":12.0,"key":"AttackPotion"}],"is_trial":false,"path_per_floor":["M","M","?","M","?","E","R","E","T","R","M","M","E","$","R","B"],"character_chosen":"DEFECT","items_purchased":["Happy Flower"],"campfire_rested":3,"item_purchase_floors":[14],"current_hp_per_floor":[56,54,54,54,54,21,40,8,8,27,16,11,4,4,23,0],"gold":113,"neow_bonus":"REMOVE_TWO","is_prod":false,"is_daily":false,"chose_seed":false,"campfire_upgraded":0,"win_rate":0,"timestamp":1558906257,"path_taken":["M","M","?","M","?","E","R","E","T","R","M","M","E","$","R","BOSS"],"build_version":"2019-01-23","purchased_purges":1,"victory":false,"max_hp_per_floor":[71,71,71,71,64,64,64,64,64,64,64,64,64,64,64,64],"card_choices":[{"not_picked":["Skim","Turbo"],"picked":"Tempest","floor":1.0},{"not_picked":["Force Field","Cold Snap"],"picked":"Defragment","floor":2.0},{"not_picked":["Sweeping Beam","Leap"],"picked":"Streamline","floor":4.0},{"not_picked":["Consume","Buffer"],"picked":"Static Discharge","floor":6.0},{"not_picked":["Streamline","Barrage"],"picked":"Conserve Battery","floor":8.0},{"not_picked":["Auto Shields","Consume"],"picked":"Glacier","floor":11.0},{"not_picked":["Streamline","Leap"],"picked":"Cold Snap","floor":12.0},{"not_picked":["Skim","Beam Cell","Rip and Tear"],"picked":"SKIP","floor":13}],"player_experience":1408195,"relics_obtained":[{"floor":6.0,"key":"MawBank"},{"floor":8.0,"key":"Anchor"},{"floor":9.0,"key":"Tiny Chest"},{"floor":13,"key":"Potion Belt"}],"event_choices":[{"damage_healed":0.0,"max_hp_gain":0.0,"max_hp_loss":0.0,"gold_gain":0.0,"event_name":"Liars Game","player_choice":"Ignored","floor":3.0,"gold_loss":0.0,"damage_taken":0.0},{"damage_healed":0.0,"max_hp_gain":0.0,"max_hp_loss":7.0,"gold_gain":0.0,"event_name":"Golden Idol","player_choice":"Lose Max HP","floor":5.0,"gold_loss":0.0,"damage_taken":0.0,"relics_obtained":["Golden Idol"]}],"is_beta":false,"boss_relics":[],"items_purged_floors":[14],"is_endless":false,"potions_floor_spawned":[1,6,8,12],"killed_by":"The Guardian","ascension_level":20}