{"gold_per_floor":[112,130,56,75,75,132,132,161,185,219,219,290,290,315,315,434,434,434,66,66,66,66,66,66,66,66,66,66,66,66,66,66,66,66,66,66,66,66,66,66,43,43,43,43,43,43,43,43,43,43],"floor_reached":51,"playtime":2194,"items_purged":["Strike_R"],"score":866,"play_id":"88c18cef-cdda-440f-ad8e-1ca43ecfafa1","local_time":"20181211154528","is_ascension_mode":true,"campfire_choices":[{"data":"Armaments","floor":7,"key":"SMITH"},{"floor":13,"key":"REST"},{"data":"Limit Break","floor":15,"key":"SMITH"},{"floor":23,"key":"REST"},{"floor":32,"key":"REST"},{"floor":40,"key":"REST"},{"floor":42,"key":"REST"},{"data":"Barricade","floor":46,"key":"SMITH"},{"floor":49,"key":"REST"}],"neow_cost":"NONE","seed_source_timestamp":867632498649055,"circlet_count":0,"master_deck":["Strike_R","Strike_R+1","Strike_R","Defend_R","Defend_R","Defend_R","Defend_R","Bash","Metallicize","Armaments+1","Perfected Strike+1","Inflame","Feed","Shrug It Off","Spot Weakness","Shrug It Off","Limit Break+1","Demon Form+1","Pommel Strike+1","Wild Strike","Rampage","Wild Strike","Perfected Strike","Disarm","Flex+1","Twin Strike","Searing Blow","Barricade+1","Uppercut+1","Perfected Strike+1","Inflame+1","Twin Strike","Heavy Blade+1"],"special_seed":0,"relics":["Burning Blood","Tiny Chest","Happy Flower","Vajra","Ancient Tea Set","Golden Idol","Pen Nib","Ectoplasm","Medical Kit","MutagenicStrength","Gambling Chip","Blue Candle","Black Star","Pear","MawBank","Singing Bowl","Bronze Scales"],"potions_floor_usage":[6,12,16,25,25,33,33,33,39,50],"damage_taken":[{"damage":2.0,"enemies":"Jaw Worm","floor":1.0,"turns":6.0},{"damage":1,"enemies":"2 Louse","floor":2,"turns":5},{"damage":5,"enemies":"Small Slimes","floor":4,"turns":4},{"damage":11,"enemies":"3 Sentries","floor":6,"turns":8},{"damage":23,"enemies":"Gremlin Nob","floor":8,"turns":4},{"damage":9,"enemies":"Lagavulin","floor":10,"turns":6},{"damage":12,"enemies":"3 Sentries","floor":12,"turns":11},{"damage":0,"enemies":"Blue Slaver","floor":14,"turns":5},{"damage":9,"enemies":"Slime Boss","floor":16,"turns":7},{"damage":16,"enemies":"Spheric Guardian","floor":18,"turns":5},{"damage":12,"enemies":"Shell Parasite","floor":20,"turns":4},{"damage":23,"enemies":"Sentry and Sphere","floor":21,"turns":6},{"damage":25,"enemies":"Snecko","floor":22,"turns":4},{"damage":25,"enemies":"Gremlin Leader","floor":25,"turns":7},{"damage":8,"enemies":"Snake Plant","floor":28,"turns":2},{"damage":13,"enemies":"Chosen and Byrds","floor":30,"turns":6},{"damage":27,"enemies":"Centurion and Healer","floor":31,"turns":5},{"damage":49,"enemies":"Automaton","floor":33,"turns":9},{"damage":13,"enemies":"3 Shapes","floor":35,"turns":11},{"damage":8,"enemies":"Orb Walker","floor":36,"turns":2},{"damage":15,"enemies":"Jaw Worm Horde","floor":37,"turns":3},{"damage":16,"enemies":"Maw","floor":38,"turns":5},{"damage":39,"enemies":"Writhing Mass","floor":39,"turns":8},{"damage":27,"enemies":"Reptomancer","floor":44,"turns":5},{"damage":18,"enemies":"Sphere and 2 Shapes","floor":45,"turns":10},{"damage":24,"enemies":"Spire Growth","floor":48,"turns":4},{"damage":86,"enemies":"Donu and Deca","floor":50,"turns":9}],"seed_played":"-3435980555131701740","potions_obtained":[{"floor":2,"key":"PowerPotion"},{"floor":8,"key":"Energy Potion"},{"floor":10,"key":"BloodPotion"},{"floor":14,"key":"Block Potion"},{"floor":18,"key":"Block Potion"},{"floor":20,"key":"EssenceOfSteel"},{"floor":25,"key":"Poison Potion"},{"floor":31,"key":"Energy Potion"},{"floor":36,"key":"SkillPotion"},{"floor":38,"key":"GamblersBrew"},{"floor":44,"key":"Energy Potion"},{"floor":45,"key":"FairyPotion"}],"is_trial":false,"path_per_floor":["M","M","$","M","?","E","R","E","T","E","?","?","R","M","R","B",null,"M","$","M","M","M","R","?","E","T","$","M","?","M","M","R","B",null,"M","M","M","M","M","R","$","R","T","E","M","R","T","M","R","B",null],"character_chosen":"IRONCLAD","items_purchased":["Inflame","Wild Strike","Medical Kit","Rampage","Twin Strike"],"campfire_rested":6,"item_purchase_floors":[3,19,19,19,41],"current_hp_per_floor":[80,80,80,80,64,62,62,45,45,42,22,27,52,61,61,58,89,82,82,76,59,43,71,71,52,52,52,50,50,43,22,50,10,98,94,92,86,76,43,74,74,104,114,95,86,86,86,70,106,29],"gold":43,"neow_bonus":"TRANSFORM_CARD","is_prod":false,"is_daily":false,"chose_seed":false,"campfire_upgraded":3,"win_rate":0,"timestamp":1544561128,"path_taken":["M","M","$","M","?","E","R","E","T","E","?","?","R","M","R","BOSS","M","$","M","M","M","R","?","E","T","$","M","?","M","M","R","BOSS","M","M","?","?","M","R","$","R","T","E","M","R","?","M","R","BOSS"],"build_version":"2018-12-06","purchased_purges":1,"victory":true,"max_hp_per_floor":[80,80,80,80,80,83,83,83,83,83,83,86,86,89,89,89,89,92,92,92,92,95,95,95,95,95,95,95,95,95,95,95,98,98,101,101,104,104,104,104,104,104,114,116,119,119,119,121,121,124],"card_choices":[{"not_picked":["Anger","Flex"],"picked":"Armaments","floor":1.0},{"not_picked":["Anger","Flame Barrier"],"picked":"Perfected Strike","floor":2},{"not_picked":["Anger","Cleave"],"picked":"Feed","floor":4},{"not_picked":["Inflame","Body Slam"],"picked":"Shrug It Off","floor":6},{"not_picked":["Corruption","Hemokinesis","Seeing Red"],"picked":"SKIP","floor":8},{"not_picked":["Sentinel","Shockwave"],"picked":"Spot Weakness","floor":10},{"not_picked":["Sentinel","Body Slam"],"picked":"Shrug It Off","floor":12},{"not_picked":["Clash","Perfected Strike"],"picked":"Limit Break","floor":14},{"not_picked":["Offering","Juggernaut"],"picked":"Demon Form","floor":16},{"not_picked":["Pummel+1","Evolve"],"picked":"Pommel Strike+1","floor":18},{"not_picked":["Clothesline","Havoc"],"picked":"Wild Strike","floor":20},{"not_picked":["Cleave","Havoc"],"picked":"Perfected Strike","floor":21},{"not_picked":["Blood for Blood","Wild Strike"],"picked":"Disarm","floor":22},{"not_picked":["Anger","Clothesline","True Grit"],"picked":"SKIP","floor":25},{"not_picked":["Carnage","Fiend Fire"],"picked":"Flex+1","floor":28},{"not_picked":["Sword Boomerang+1","Clash"],"picked":"Twin Strike","floor":30},{"not_picked":["Bloodletting","Clash+1"],"picked":"Searing Blow","floor":31},{"not_picked":["Juggernaut","Immolate"],"picked":"Barricade","floor":33},{"not_picked":["Corruption","Feel No Pain","Clash"],"picked":"SKIP","floor":35},{"not_picked":["Iron Wave","Entrench+1"],"picked":"Uppercut+1","floor":36},{"not_picked":["Inflame","Blood for Blood"],"picked":"Perfected Strike+1","floor":37},{"not_picked":["Disarm+1","Warcry+1"],"picked":"Inflame+1","floor":38},{"not_picked":["Flame Barrier+1","Uppercut+1","Dual Wield+1"],"picked":"SKIP","floor":39},{"not_picked":["Dual Wield","Anger+1","Reckless Charge"],"picked":"Singing Bowl","floor":44},{"not_picked":["Uppercut+1","Shrug It Off+1"],"picked":"Heavy Blade+1","floor":45},{"not_picked":["Sword Boomerang","Demon Form","Wild Strike"],"picked":"Singing Bowl","floor":48}],"player_experience":495254,"relics_obtained":[{"floor":6,"key":"Tiny Chest"},{"floor":8,"key":"Happy Flower"},{"floor":9,"key":"Vajra"},{"floor":10,"key":"Ancient Tea Set"},{"floor":12,"key":"Pen Nib"},{"floor":25,"key":"Gambling Chip"},{"floor":26,"key":"Blue Candle"},{"floor":43,"key":"Pear"},{"floor":44,"key":"MawBank"},{"floor":44,"key":"Singing Bowl"},{"floor":47,"key":"Bronze Scales"}],"event_choices":[{"damage_healed":0,"gold_gain":0,"player_choice":"Entered Light","damage_taken":16,"max_hp_gain":0,"max_hp_loss":0,"event_name":"Shining Light","floor":5,"gold_loss":0,"cards_upgraded":["Strike_R","Perfected Strike"]},{"damage_healed":0,"gold_gain":0,"player_choice":"Take Damage","damage_taken":20,"relics_obtained":["Golden Idol"],"max_hp_gain":0,"max_hp_loss":0,"event_name":"Golden Idol","floor":11,"gold_loss":0},{"damage_healed":0,"gold_gain":0,"player_choice":"Searched \u00271\u0027 times","damage_taken":0,"max_hp_gain":0,"max_hp_loss":0,"event_name":"Dead Adventurer","floor":12,"gold_loss":0},{"damage_healed":0,"gold_gain":0,"player_choice":"Inject Mutagens","damage_taken":0,"relics_obtained":["MutagenicStrength"],"max_hp_gain":0,"max_hp_loss":0,"event_name":"Drug Dealer","floor":24,"gold_loss":0},{"damage_healed":0,"gold_gain":0,"player_choice":"Upgraded","damage_taken":0,"max_hp_gain":0,"max_hp_loss":0,"event_name":"Upgrade Shrine","floor":29,"gold_loss":0,"cards_upgraded":["Demon Form"]}],"is_beta":false,"boss_relics":[{"not_picked":["Orrery","Empty Cage"],"picked":"Ectoplasm"},{"not_picked":["Runic Pyramid","Busted Crown"],"picked":"Black Star"}],"items_purged_floors":[19],"is_endless":false,"potions_floor_spawned":[2,8,10,14,18,20,25,31,36,38,44,45],"ascension_level":2}