{"gold_per_floor":[115,115,127,138,156,182,182,216,242,242,292,326,326,353,353,429,429,440,74,89,103,103],"floor_reached":22,"playtime":925,"items_purged":["Strike_G"],"score":428,"play_id":"d4014a4e-e954-4a8a-9974-d7e510e90772","local_time":"20190704142100","is_ascension_mode":true,"campfire_choices":[{"floor":7,"key":"REST"},{"floor":10,"key":"REST"},{"floor":13,"key":"REST"},{"data":"Bouncing Flask","floor":15,"key":"SMITH"}],"neow_cost":"NONE","seed_source_timestamp":5881780844881225,"circlet_count":0,"master_deck":["AscendersBane","Strike_G","Strike_G","Strike_G","Strike_G","Defend_G","Defend_G","Defend_G","Defend_G","Defend_G","Survivor","Neutralize+1","Doppelganger","Slice","Flying Knee","Bouncing Flask+1","Well Laid Plans","Corpse Explosion","Cloak And Dagger","Quick Slash","Wraith Form v2","Dagger Spray","Dash","Storm of Steel","Dodge and Roll","HandOfGreed","Noxious Fumes","Backflip"],"relics":["Ring of the Serpent","Ninja Scroll","Dream Catcher","Snake Skull","PreservedInsect","Omamori"],"potions_floor_usage":[8,18,22,22],"damage_taken":[{"damage":0,"enemies":"Jaw Worm","floor":1,"turns":5},{"damage":0,"enemies":"Cultist","floor":3,"turns":4},{"damage":0,"enemies":"Small Slimes","floor":4,"turns":4},{"damage":4,"enemies":"Blue Slaver","floor":5,"turns":5},{"damage":48,"enemies":"3 Sentries","floor":6,"turns":11},{"damage":8,"enemies":"Gremlin Nob","floor":8,"turns":3},{"damage":22,"enemies":"Lagavulin","floor":12,"turns":7},{"damage":2,"enemies":"3 Sentries","floor":14,"turns":4},{"damage":21,"enemies":"Hexaghost","floor":16,"turns":9},{"damage":20,"enemies":"2 Thieves","floor":18,"turns":3},{"damage":33,"enemies":"Shell Parasite","floor":20,"turns":8},{"damage":7,"enemies":"Chosen and Byrds","floor":21,"turns":7},{"damage":7,"enemies":"Centurion and Healer","floor":22,"turns":1}],"seed_played":"4558673538461275221","potions_obtained":[{"floor":1,"key":"FearPotion"},{"floor":6,"key":"Explosive Potion"},{"floor":16,"key":"Regen Potion"},{"floor":21,"key":"SneckoOil"}],"is_trial":false,"path_per_floor":["M","?","M","M","M","E","R","E","T","R","?","E","R","E","R","B",null,"M","$","M","M","M"],"character_chosen":"THE_SILENT","items_purchased":["HandOfGreed","Noxious Fumes"],"campfire_rested":3,"item_purchase_floors":[19,19],"current_hp_per_floor":[59,59,59,59,55,7,26,18,18,37,37,15,34,32,32,11,52,44,44,11,4,0],"gold":103,"neow_bonus":"ONE_RANDOM_RARE_CARD","is_prod":false,"is_daily":false,"chose_seed":false,"campfire_upgraded":1,"win_rate":0,"timestamp":1562264460,"path_taken":["M","?","M","?","M","E","R","E","T","R","?","E","R","E","R","BOSS","M","$","M","?","M"],"build_version":"2019-07-01","purchased_purges":1,"victory":false,"max_hp_per_floor":[66,66,66,66,66,66,66,66,66,66,66,66,66,66,66,66,66,66,66,66,66,66],"card_choices":[{"not_picked":["Catalyst","Infinite Blades"],"picked":"Slice","floor":1},{"not_picked":["Acrobatics","Prepared"],"picked":"Flying Knee","floor":3},{"not_picked":["Heel Hook","Blade Dance"],"picked":"Bouncing Flask","floor":4},{"not_picked":["Dodge and Roll","Prepared"],"picked":"Well Laid Plans","floor":5},{"not_picked":["Terror","Slice"],"picked":"Corpse Explosion","floor":6},{"not_picked":["Phantasmal Killer","Backflip"],"picked":"Cloak And Dagger","floor":8},{"not_picked":["Concentrate","Acrobatics"],"picked":"Quick Slash","floor":10},{"not_picked":["Sucker Punch","Leg Sweep"],"picked":"Wraith Form v2","floor":12},{"not_picked":["Crippling Poison","Backflip"],"picked":"Dagger Spray","floor":13},{"not_picked":["Backflip","Adrenaline"],"picked":"Dash","floor":14},{"not_picked":["Wraith Form v2","Unload"],"picked":"Storm of Steel","floor":16},{"not_picked":["Acrobatics","Sucker Punch"],"picked":"Dodge and Roll","floor":18},{"not_picked":["Eviscerate","Poisoned Stab","Dagger Throw"],"picked":"SKIP","floor":20},{"not_picked":["Deadly Poison","Tactician","Backflip"],"picked":"SKIP","floor":21},{"not_picked":["Deadly Poison","Tactician"],"picked":"Backflip","floor":21}],"player_experience":855602,"relics_obtained":[{"floor":6,"key":"Ninja Scroll"},{"floor":8,"key":"Dream Catcher"},{"floor":9,"key":"Snake Skull"},{"floor":12,"key":"PreservedInsect"},{"floor":14,"key":"Omamori"}],"event_choices":[{"damage_healed":0,"gold_gain":0,"player_choice":"Forge","damage_taken":0,"max_hp_gain":0,"max_hp_loss":0,"event_name":"Accursed Blacksmith","floor":2,"gold_loss":0,"cards_upgraded":["Neutralize"]},{"damage_healed":0,"gold_gain":50,"player_choice":"Pray","damage_taken":0,"max_hp_gain":0,"max_hp_loss":0,"event_name":"Golden Shrine","floor":11,"gold_loss":0}],"is_beta":false,"boss_relics":[{"not_picked":["Lizard Tail","Fusion Hammer"],"picked":"Ring of the Serpent"}],"items_purged_floors":[19],"is_endless":false,"potions_floor_spawned":[1,6,16,21],"killed_by":"Centurion and Healer","ascension_level":20}