{"gold_per_floor":[118,137,137,155,120,147,16,27,27,27,27,27,27,53,53,130,130,142,158,158,115,115],"floor_reached":22,"playtime":586,"items_purged":[],"score":384,"play_id":"a34eca1c-d7c9-47f4-b9a9-15e70afeb7e3","local_time":"20181005202522","is_ascension_mode":true,"campfire_choices":[{"data":"Defragment","floor":10,"key":"SMITH"},{"floor":12,"key":"REST"},{"data":"1","floor":15,"key":"LIFT"}],"neow_cost":"NONE","seed_source_timestamp":767728796073633,"circlet_count":0,"master_deck":["Defend_B","Defend_B","Defend_B","Defend_B","Zap","Dualcast","AscendersBane","Self Repair","Rebound","Cold Snap","Ball Lightning","Defragment+1","Sunder","Reinforced Body","Echo Form","Core Surge","Ball Lightning","Conserve Battery","BootSequence"],"relics":["Cracked Core","Cables","Bottled Lightning","Girya","Empty Cage","Darkstone Periapt"],"potions_floor_usage":[4,14,16,22],"damage_taken":[{"damage":5,"enemies":"2 Louse","floor":1,"turns":3},{"damage":1,"enemies":"Cultist","floor":2,"turns":4},{"damage":7,"enemies":"Small Slimes","floor":4,"turns":3},{"damage":35,"enemies":"Gremlin Nob","floor":6,"turns":4},{"damage":5,"enemies":"2 Fungi Beasts","floor":8,"turns":3},{"damage":21,"enemies":"Lagavulin","floor":14,"turns":4},{"damage":34,"enemies":"Slime Boss","floor":16,"turns":8},{"damage":10,"enemies":"Shell Parasite","floor":18,"turns":9},{"damage":33,"enemies":"2 Thieves","floor":19,"turns":3},{"damage":26,"enemies":"Snecko","floor":22,"turns":3}],"seed_played":"398966052719792620","potions_obtained":[{"floor":2,"key":"SkillPotion"},{"floor":8,"key":"AttackPotion"},{"floor":14,"key":"AttackPotion"},{"floor":19,"key":"FearPotion"}],"is_trial":false,"path_per_floor":["M","M","?","M","?","E","$","M","T","R","$","R","?","E","R","B",null,"M","M","T","$"],"character_chosen":"DEFECT","items_purchased":["Defragment","Sunder","BootSequence"],"campfire_rested":1,"item_purchase_floors":[7,7,21],"current_hp_per_floor":[59,65,65,65,71,43,43,45,45,45,45,66,66,52,52,18,58,48,22,22,22,0],"gold":115,"neow_bonus":"TRANSFORM_CARD","is_prod":false,"is_daily":false,"chose_seed":false,"campfire_upgraded":1,"win_rate":0,"timestamp":1538785522,"path_taken":["M","M","?","M","?","E","$","M","T","R","$","R","?","E","R","BOSS","M","?","?","$","M"],"build_version":"2018-10-04","purchased_purges":0,"victory":false,"max_hp_per_floor":[71,71,71,71,71,71,71,71,71,71,71,71,71,71,71,71,71,71,71,71,71,71],"card_choices":[{"not_picked":["BootSequence","Turbo"],"picked":"Rebound","floor":1},{"not_picked":["Reprogram","Redo"],"picked":"Cold Snap","floor":2},{"not_picked":["FTL","Beam Cell"],"picked":"Ball Lightning","floor":4},{"not_picked":["Undo","Melter","Redo"],"picked":"SKIP","floor":6},{"not_picked":["Rebound","Genetic Algorithm"],"picked":"Reinforced Body","floor":8},{"not_picked":["Cold Snap","Redo"],"picked":"Echo Form","floor":14},{"not_picked":["Multi-Cast","Fission"],"picked":"Core Surge","floor":16},{"not_picked":["Redo","Leap"],"picked":"Ball Lightning","floor":18},{"not_picked":["Auto Shields+1","Reinforced Body"],"picked":"Conserve Battery","floor":19}],"player_experience":361337,"relics_obtained":[{"floor":6,"key":"Cables"},{"floor":9,"key":"Bottled Lightning"},{"floor":14,"key":"Girya"},{"floor":20,"key":"Darkstone Periapt"}],"event_choices":[{"event_name":"Bonfire Elementals","player_choice":"BASIC","floor":3,"damage_taken":0},{"event_name":"The Cleric","player_choice":"Healed","floor":5,"damage_taken":0},{"event_name":"Dead Adventurer","player_choice":"Searched \u00271\u0027 times","floor":13,"damage_taken":0}],"is_beta":false,"boss_relics":[{"not_picked":["Runic Pyramid","Runic Dome"],"picked":"Empty Cage"}],"items_purged_floors":[],"is_endless":false,"potions_floor_spawned":[2,8,14,19],"killed_by":"Snecko","ascension_level":20}