{"gold_per_floor":[109,109,34,52,69,69,83,83,135,135,146,146,178,78,78,173,173,190,11,29,42,53,53,79,79,103,115,127,139,151,178,190,307,319,345,357,388,500,524,567,598,610,649,661,691,722,734,372,372,372],"floor_reached":51,"playtime":1646,"items_purged":["Strike_R","Strike_R","Strike_R","Defend_R"],"score":819,"play_id":"bfb5e896-a03e-48f4-87c1-cfec70e2e95a","local_time":"20190126141952","is_ascension_mode":true,"campfire_choices":[{"data":"Body Slam","floor":6,"key":"SMITH"},{"data":"Body Slam","floor":10,"key":"SMITH"},{"data":"Bash","floor":12,"key":"SMITH"},{"data":"Shrug It Off","floor":15,"key":"SMITH"},{"floor":23,"key":"REST"},{"floor":27,"key":"REST"},{"data":"Barricade","floor":30,"key":"SMITH"},{"data":"Shrug It Off","floor":32,"key":"SMITH"},{"floor":42,"key":"REST"},{"data":"Shrug It Off","floor":44,"key":"SMITH"},{"data":"Iron Wave","floor":47,"key":"SMITH"},{"data":"Dropkick","floor":49,"key":"SMITH"}],"neow_cost":"NONE","seed_source_timestamp":163370440720305,"circlet_count":0,"master_deck":["Strike_R","Strike_R","Defend_R","Defend_R","Defend_R","Bash+1","Shrug It Off+1","Body Slam+1","Iron Wave+1","Dropkick+1","Body Slam+1","Barricade+1","Thunderclap+1","Shrug It Off+1","Body Slam+1","Shrug It Off+1","Juggernaut","Iron Wave+1"],"relics":["Burning Blood","Anchor","Bag of Marbles","Centennial Puzzle","White Beast Statue","Dead Branch","MutagenicStrength","MawBank","Philosopher\u0027s Stone","Pocketwatch","Smiling Mask","Happy Flower","Membership Card","Kunai"],"potions_floor_usage":[13,16,21,24,24,33,33,33,38,40,40,41,45,50,50,50],"damage_taken":[{"damage":0,"enemies":"Small Slimes","floor":1,"turns":3},{"damage":0,"enemies":"Cultist","floor":4,"turns":4},{"damage":0,"enemies":"Jaw Worm","floor":5,"turns":3},{"damage":13,"enemies":"2 Fungi Beasts","floor":7,"turns":5},{"damage":0,"enemies":"Exordium Thugs","floor":11,"turns":2},{"damage":2,"enemies":"Lagavulin","floor":13,"turns":3},{"damage":30,"enemies":"The Guardian","floor":16,"turns":8},{"damage":16,"enemies":"Spheric Guardian","floor":18,"turns":4},{"damage":0,"enemies":"Chosen","floor":20,"turns":2},{"damage":36,"enemies":"Snecko","floor":21,"turns":9},{"damage":13,"enemies":"Shelled Parasite and Fungi","floor":22,"turns":3},{"damage":37,"enemies":"Book of Stabbing","floor":24,"turns":7},{"damage":1,"enemies":"Centurion and Healer","floor":31,"turns":4},{"damage":35,"enemies":"Collector","floor":33,"turns":8},{"damage":0,"enemies":"3 Shapes","floor":35,"turns":4},{"damage":0,"enemies":"Orb Walker","floor":37,"turns":3},{"damage":7,"enemies":"Mind Bloom Boss Battle","floor":38,"turns":5},{"damage":0,"enemies":"4 Shapes","floor":39,"turns":4},{"damage":60,"enemies":"Nemesis","floor":40,"turns":5},{"damage":1,"enemies":"Spire Growth","floor":41,"turns":4},{"damage":0,"enemies":"Transient","floor":45,"turns":5},{"damage":11,"enemies":"Jaw Worm Horde","floor":46,"turns":4},{"damage":23,"enemies":"Time Eater","floor":50,"turns":7}],"seed_played":"-9154501135548438052","potions_obtained":[{"floor":1,"key":"Dexterity Potion"},{"floor":4,"key":"SteroidPotion"},{"floor":7,"key":"SteroidPotion"},{"floor":8,"key":"Regen Potion"},{"floor":18,"key":"Energy Potion"},{"floor":20,"key":"EssenceOfSteel"},{"floor":21,"key":"Explosive Potion"},{"floor":24,"key":"Ancient Potion"},{"floor":31,"key":"Poison Potion"},{"floor":33,"key":"Swift Potion"},{"floor":35,"key":"SpeedPotion"},{"floor":37,"key":"Strength Potion"},{"floor":38,"key":"SteroidPotion"},{"floor":40,"key":"Regen Potion"},{"floor":41,"key":"GamblersBrew"},{"floor":45,"key":"Poison Potion"},{"floor":46,"key":"PowerPotion"}],"is_trial":false,"path_per_floor":["M","?","$","M","M","R","M","?","T","R","M","R","E","$","R","B",null,"M","$","M","M","M","R","E","?","T","R","?","?","R","M","R","B",null,"M","?","M","?","M","E","M","R","T","R","M","M","R","$","R","B",null],"character_chosen":"IRONCLAD","items_purchased":["Shrug It Off","Membership Card","Kunai"],"campfire_rested":3,"item_purchase_floors":[19,48,48],"current_hp_per_floor":[80,80,80,80,80,80,73,73,73,73,79,79,80,80,80,56,80,70,70,76,58,51,75,44,44,44,68,53,81,81,85,85,56,85,85,85,85,84,85,31,48,73,73,73,79,74,74,74,74,57],"gold":372,"neow_bonus":"RANDOM_COMMON_RELIC","is_prod":false,"is_daily":false,"chose_seed":false,"campfire_upgraded":9,"win_rate":0,"timestamp":1548541192,"path_taken":["M","?","?","?","M","R","M","?","T","R","M","R","E","?","R","BOSS","M","$","?","M","M","R","E","?","T","R","?","?","R","M","R","BOSS","M","?","M","?","M","E","M","R","T","R","M","M","R","$","R","BOSS"],"build_version":"2019-01-23","purchased_purges":4,"victory":true,"max_hp_per_floor":[80,80,80,80,80,80,80,80,80,80,80,80,80,80,80,80,80,80,80,80,80,80,80,80,80,80,80,85,85,85,85,85,85,85,85,85,85,85,85,85,85,85,85,85,85,85,85,85,85,85],"card_choices":[{"not_picked":["Infernal Blade","Flex"],"picked":"Shrug It Off","floor":1},{"not_picked":["Combust","Carnage"],"picked":"Iron Wave","floor":4},{"not_picked":["Thunderclap","Double Tap"],"picked":"Dropkick","floor":5},{"not_picked":["True Grit","Headbutt"],"picked":"Body Slam","floor":7},{"not_picked":["Warcry","Havoc","Headbutt"],"picked":"SKIP","floor":11},{"not_picked":["Body Slam","Clothesline","Power Through"],"picked":"SKIP","floor":13},{"not_picked":["Berserk","Offering"],"picked":"Barricade","floor":16},{"not_picked":["Reckless Charge","Power Through"],"picked":"Thunderclap+1","floor":18},{"not_picked":["Reckless Charge","Iron Wave"],"picked":"Body Slam+1","floor":20},{"not_picked":["Clash","Flex+1"],"picked":"Shrug It Off","floor":21},{"not_picked":["Exhume","Sever Soul","Pummel"],"picked":"SKIP","floor":22},{"not_picked":["Dual Wield+1","True Grit","Second Wind"],"picked":"SKIP","floor":24},{"not_picked":["Havoc+1","Disarm","Hemokinesis+1"],"picked":"SKIP","floor":31},{"not_picked":["Feed","Reaper"],"picked":"Juggernaut","floor":33},{"not_picked":["Power Through+1","Sever Soul","Cleave+1"],"picked":"SKIP","floor":35},{"not_picked":["Thunderclap+1","Cleave"],"picked":"Iron Wave+1","floor":37},{"not_picked":["Spot Weakness","Sword Boomerang","Fire Breathing"],"picked":"SKIP","floor":39},{"not_picked":["Rage","True Grit","Headbutt+1"],"picked":"SKIP","floor":40},{"not_picked":["Clash+1","Iron Wave+1","Battle Trance"],"picked":"SKIP","floor":41},{"not_picked":["Anger","Flex","Cleave"],"picked":"SKIP","floor":45},{"not_picked":["Wild Strike","Havoc+1","Feed"],"picked":"SKIP","floor":46}],"player_experience":164450,"relics_obtained":[{"floor":9,"key":"Bag of Marbles"},{"floor":13,"key":"Centennial Puzzle"},{"floor":24,"key":"Dead Branch"},{"floor":26,"key":"MawBank"},{"floor":38,"key":"Pocketwatch"},{"floor":40,"key":"Smiling Mask"},{"floor":43,"key":"Happy Flower"}],"event_choices":[{"damage_healed":0,"gold_gain":0,"player_choice":"1 cards matched","damage_taken":0,"max_hp_gain":0,"max_hp_loss":0,"event_name":"Match and Keep!","floor":2,"gold_loss":0,"cards_obtained":["Body Slam"]},{"damage_healed":0,"gold_gain":0,"player_choice":"Got Potions","damage_taken":0,"max_hp_gain":0,"max_hp_loss":0,"event_name":"Lab","floor":8,"gold_loss":0},{"damage_healed":0,"gold_gain":0,"player_choice":"Inject Mutagens","damage_taken":0,"relics_obtained":["MutagenicStrength"],"max_hp_gain":0,"max_hp_loss":0,"event_name":"Drug Dealer","floor":25,"gold_loss":0},{"damage_healed":0,"gold_gain":0,"player_choice":"Shed Blood","damage_taken":20,"max_hp_gain":5,"max_hp_loss":0,"event_name":"Forgotten Altar","floor":28,"gold_loss":0},{"damage_healed":28,"gold_gain":0,"player_choice":"Heal","damage_taken":0,"max_hp_gain":0,"max_hp_loss":0,"event_name":"The Library","floor":29,"gold_loss":0},{"damage_healed":0,"gold_gain":0,"player_choice":"Memory 1","damage_taken":0,"max_hp_gain":0,"max_hp_loss":0,"event_name":"SensoryStone","floor":36,"gold_loss":0},{"damage_healed":0,"gold_gain":0,"player_choice":"Fight","damage_taken":0,"max_hp_gain":0,"max_hp_loss":0,"event_name":"MindBloom","floor":38,"gold_loss":0}],"is_beta":false,"boss_relics":[{"not_picked":["Runic Dome","Black Star"],"picked":"White Beast Statue"},{"not_picked":["Snecko Eye","Pandora\u0027s Box"],"picked":"Philosopher\u0027s Stone"}],"items_purged_floors":[3,14,19,48],"is_endless":false,"potions_floor_spawned":[1,4,7,18,20,21,22,24,31,33,35,37,38,39,40,41,45,46],"ascension_level":3}