{"gold_per_floor":[109,126,139,153,153,183,183,196,196,196,257,60,90,90,90,187,187,199,114,132,132,147,166,166,195,247,247,25,38,38,51,51,146,146,157,176,194,194,208,208,223,272,298,315,115,131,131,147,147,147],"floor_reached":51,"playtime":2643,"items_purged":[],"score":843,"play_id":"85c0f842-8446-49a2-afb3-2c8362f75566","local_time":"20180708143510","is_ascension_mode":false,"campfire_choices":[{"floor":7.0,"key":"REST"},{"data":"Noxious Fumes","floor":10.0,"key":"SMITH"},{"floor":15.0,"key":"REST"},{"floor":24.0,"key":"REST"},{"floor":27.0,"key":"REST"},{"floor":30.0,"key":"REST"},{"floor":32.0,"key":"REST"},{"floor":40.0,"key":"REST"},{"floor":47.0,"key":"REST"},{"floor":49.0,"key":"REST"}],"neow_cost":"","seed_source_timestamp":62479398227367,"circlet_count":0,"master_deck":["Defend_G","Defend_G+1","Defend_G","Defend_G","Defend_G","Strike_G","Strike_G","Strike_G","Strike_G","Survivor","Neutralize","Noxious Fumes+1","Acrobatics","Dodge and Roll","Crippling Poison","Night Terror+1","Backflip","Deadly Poison","Catalyst","Noxious Fumes+1","Bane","Envenom","Bane","Crippling Poison","Noxious Fumes","Deadly Poison","Dagger Throw","Bane+1","Noxious Fumes","Malaise+1","Deadly Poison+1","Prepared+1","Bane+1","Bouncing Flask+1","Dodge and Roll","Bane+1","Bouncing Flask","Distraction+1","Quick Slash","Bouncing Flask+1","Outmaneuver","Apotheosis","Acrobatics","Bouncing Flask+1"],"special_seed":0,"relics":["Ring of the Snake","Torii","Mercury Hourglass","Tiny Chest","DollysMirror","Mango","Sozu","War Paint","Bird Faced Urn","Boot","Oddly Smooth Stone","Orrery","Bag of Preparation","Lantern"],"potions_floor_usage":[50],"damage_taken":[{"damage":0.0,"enemies":"2 Louse","floor":1.0,"turns":3.0},{"damage":0.0,"enemies":"Jaw Worm","floor":2.0,"turns":6.0},{"damage":3.0,"enemies":"Small Slimes","floor":3.0,"turns":4.0},{"damage":11.0,"enemies":"Exordium Wildlife","floor":4.0,"turns":7.0},{"damage":13.0,"enemies":"3 Sentries","floor":6.0,"turns":7.0},{"damage":5.0,"enemies":"Gremlin Gang","floor":8.0,"turns":4.0},{"damage":1.0,"enemies":"Lagavulin","floor":11.0,"turns":6.0},{"damage":38.0,"enemies":"Gremlin Nob","floor":13.0,"turns":5.0},{"damage":36.0,"enemies":"Slime Boss","floor":16.0,"turns":7.0},{"damage":9.0,"enemies":"Spheric Guardian","floor":18.0,"turns":6.0},{"damage":0.0,"enemies":"Shell Parasite","floor":20.0,"turns":5.0},{"damage":29.0,"enemies":"Cultist and Chosen","floor":22.0,"turns":6.0},{"damage":19.0,"enemies":"3 Cultists","floor":23.0,"turns":5.0},{"damage":28.0,"enemies":"Gremlin Leader","floor":25.0,"turns":5.0},{"damage":24.0,"enemies":"Sentry and Sphere","floor":29.0,"turns":5.0},{"damage":10.0,"enemies":"Snake Plant","floor":31.0,"turns":4.0},{"damage":1.0,"enemies":"Collector","floor":33.0,"turns":6.0},{"damage":17.0,"enemies":"3 Shapes","floor":35.0,"turns":4.0},{"damage":21.0,"enemies":"3 Darklings","floor":36.0,"turns":5.0},{"damage":26.0,"enemies":"4 Shapes","floor":37.0,"turns":4.0},{"damage":2.0,"enemies":"Sphere and 2 Shapes","floor":39.0,"turns":4.0},{"damage":18.0,"enemies":"Maw","floor":41.0,"turns":7.0},{"damage":25.0,"enemies":"3 Darklings","floor":44.0,"turns":5.0},{"damage":2.0,"enemies":"4 Shapes","floor":46.0,"turns":5.0},{"damage":11.0,"enemies":"Sphere and 2 Shapes","floor":48.0,"turns":3.0},{"damage":60,"enemies":"Awakened One","floor":50,"turns":12}],"seed_played":"-4951880636536978862","potions_obtained":[{"floor":1.0,"key":"Swift Potion"},{"floor":4.0,"key":"Fruit Juice"},{"floor":6.0,"key":"SteroidPotion"},{"floor":8.0,"key":"Poison Potion"},{"floor":13.0,"key":"Poison Potion"}],"is_trial":false,"path_per_floor":["M","M","M","M","?","E","R","M","T","R","E","$","E","?","R","B",null,"M","?","M","?","M","M","R","E","T","R","$","M","R","M","R","B",null,"M","M","M","$","M","R","M","T","T","M","$","M","R","M","R","B"],"character_chosen":"THE_SILENT","items_purchased":["DollysMirror","Oddly Smooth Stone","Noxious Fumes","Apotheosis"],"campfire_rested":9,"item_purchase_floors":[12,28,28,45],"current_hp_per_floor":[70,70,67,56,56,43,64,64,64,64,63,63,39,39,65,29,89,80,80,80,80,51,32,58,30,30,56,56,42,68,64,89,89,89,74,57,39,39,43,69,57,57,57,36,36,36,62,57,83,31],"gold":147,"neow_bonus":"","is_prod":false,"is_daily":false,"chose_seed":false,"campfire_upgraded":1,"win_rate":0,"timestamp":1531074910,"path_taken":["M","M","M","M","?","E","R","M","T","R","E","$","E","?","R","BOSS","M","?","M","?","M","M","R","E","T","R","?","?","R","M","R","BOSS","M","M","M","?","M","R","M","?","T","M","$","?","R","M","R","BOSS"],"build_version":"2018-07-05","purchased_purges":0,"victory":true,"max_hp_per_floor":[70,70,70,70,70,70,70,75,75,75,75,75,89,89,89,89,89,89,89,89,89,89,89,89,89,89,89,89,89,89,89,89,89,89,89,89,89,89,89,89,89,89,89,89,89,89,89,89,89,89],"card_choices":[{"not_picked":["Backstab","Underhanded Strike"],"picked":"Noxious Fumes","floor":1.0},{"not_picked":["Deflect","Dash"],"picked":"Acrobatics","floor":2.0},{"not_picked":["PiercingWail","Caltrops"],"picked":"Dodge and Roll","floor":3.0},{"not_picked":["Dagger Spray","Distraction"],"picked":"Crippling Poison","floor":4.0},{"not_picked":["Well Laid Plans","Sucker Punch"],"picked":"Backflip","floor":6.0},{"not_picked":["Quick Slash","Deflect"],"picked":"Deadly Poison","floor":8.0},{"not_picked":["Backflip","A Thousand Cuts"],"picked":"Catalyst","floor":11.0},{"not_picked":["Cloak And Dagger","Flying Knee"],"picked":"Bane","floor":13.0},{"not_picked":["Die Die Die","A Thousand Cuts"],"picked":"Envenom","floor":16.0},{"not_picked":["Eviscerate","Slice"],"picked":"Bane","floor":18.0},{"not_picked":["Underhanded Strike","Cloak And Dagger"],"picked":"Crippling Poison","floor":20.0},{"not_picked":["Riddle With Holes+1","Prepared"],"picked":"Deadly Poison","floor":22.0},{"not_picked":["Wraith Form v2","Deflect"],"picked":"Dagger Throw","floor":23.0},{"not_picked":["Eviscerate+1","Heel Hook"],"picked":"Bane+1","floor":25.0},{"not_picked":["Outmaneuver","Masterful Stab"],"picked":"Malaise+1","floor":29.0},{"not_picked":["Dagger Throw+1","Storm of Steel"],"picked":"Deadly Poison+1","floor":31.0},{"not_picked":["Outmaneuver","Deflect+1"],"picked":"Prepared+1","floor":34.0},{"not_picked":["Flying Knee","Dagger Throw"],"picked":"Bane+1","floor":34.0},{"not_picked":["A Thousand Cuts","Slice"],"picked":"Bouncing Flask+1","floor":34.0},{"not_picked":["Dagger Spray+1","Underhanded Strike"],"picked":"Dodge and Roll","floor":34.0},{"not_picked":["Malaise","Dagger Spray"],"picked":"Bane+1","floor":35.0},{"not_picked":["Die Die Die","Quick Slash+1"],"picked":"Bouncing Flask","floor":36.0},{"not_picked":["Blur","Calculated Gamble"],"picked":"Distraction+1","floor":37.0},{"not_picked":["Eviscerate","Underhanded Strike+1"],"picked":"Quick Slash","floor":39.0},{"not_picked":["Riddle With Holes+1","Quick Slash"],"picked":"Bouncing Flask+1","floor":41.0},{"not_picked":["Accuracy+1","Quick Slash"],"picked":"Outmaneuver","floor":44.0},{"not_picked":["Quick Slash","Escape Plan"],"picked":"Acrobatics","floor":46.0},{"not_picked":["Bullet Time","Expertise"],"picked":"Bouncing Flask+1","floor":48.0}],"player_experience":92927,"relics_obtained":[{"floor":6.0,"key":"Torii"},{"floor":9.0,"key":"Mercury Hourglass"},{"floor":11.0,"key":"Tiny Chest"},{"floor":13.0,"key":"Mango"},{"floor":25.0,"key":"Bird Faced Urn"},{"floor":26.0,"key":"Boot"},{"floor":42.0,"key":"Bag of Preparation"},{"floor":43.0,"key":"Lantern"}],"event_choices":[{"event_name":"Living Wall","player_choice":"Change","floor":5.0,"damage_taken":0.0},{"event_name":"Shining Light","player_choice":"Ignored","floor":14.0,"damage_taken":0.0},{"event_name":"Addict","player_choice":"Obtained Relic","floor":19.0,"damage_taken":0.0},{"event_name":"The Library","player_choice":"Read","floor":21.0,"damage_taken":0.0}],"boss_relics":[{"not_picked":["Fusion Hammer","Snecko Eye"],"picked":"Sozu"},{"not_picked":["Cursed Key","Lizard Tail"],"picked":"Orrery"}],"items_purged_floors":[],"is_endless":false,"potions_floor_spawned":[1,4,6,8,13,18,20,23,36,37,39,46,48],"ascension_level":0}