{"gold_per_floor":[118,1,1,20,20,54,75,118,118,137,181,181,181,212,212,310,310,324,324,338,253,253,288,288,306,306,345,370,104,104,122,122,215,215,235,249,219,238,259,259,279,314,368,368],"floor_reached":44,"playtime":1988,"items_purged":[],"score":1116,"play_id":"e97312a5-3b03-4020-89a0-4e98ed07312a","local_time":"20190627122848","is_ascension_mode":true,"campfire_choices":[{"floor":12.0,"key":"REST"},{"data":"Demon Form","floor":15.0,"key":"SMITH"},{"data":"Dark Embrace","floor":24.0,"key":"SMITH"},{"data":"Corruption","floor":32.0,"key":"SMITH"},{"floor":40.0,"key":"REST"}],"neow_cost":"NONE","seed_source_timestamp":0,"circlet_count":0,"master_deck":["AscendersBane","Strike_R","Strike_R","Strike_R","Strike_R","Strike_R","Defend_R","Defend_R","Defend_R","Defend_R","Bash","Spot Weakness","Shrug It Off","Perfected Strike","Flame Barrier","Ghostly Armor","Whirlwind","Shockwave","True Grit","Demon Form+1","Dark Embrace+1","Sword Boomerang","Corruption+1","Flame Barrier","Ghostly Armor","Metallicize","True Grit","Shockwave+1","Fiend Fire","Twin Strike","Heavy Blade","Power Through","Cleave"],"special_seed":0,"relics":["Burning Blood","NeowsBlessing","Golden Idol","Self Forming Clay","Art of War","Mercury Hourglass","Charon\u0027s Ashes","PreservedInsect","Philosopher\u0027s Stone","MutagenicStrength","Champion Belt","Pen Nib","Bottled Flame","Strawberry","Orichalcum","Mark of Pain","Dodecahedron"],"potions_floor_usage":[44],"damage_taken":[{"damage":0.0,"enemies":"Small Slimes","floor":1.0,"turns":1.0},{"damage":0.0,"enemies":"2 Louse","floor":4.0,"turns":1.0},{"damage":0.0,"enemies":"Gremlin Nob","floor":6.0,"turns":1.0},{"damage":2.0,"enemies":"Jaw Worm","floor":7.0,"turns":5.0},{"damage":14.0,"enemies":"3 Sentries","floor":8.0,"turns":5.0},{"damage":0.0,"enemies":"2 Fungi Beasts","floor":10.0,"turns":2.0},{"damage":35.0,"enemies":"Lagavulin","floor":11.0,"turns":7.0},{"damage":0.0,"enemies":"3 Sentries","floor":14.0,"turns":2.0},{"damage":24.0,"enemies":"Hexaghost","floor":16.0,"turns":9.0},{"damage":0.0,"enemies":"Chosen","floor":18.0,"turns":4.0},{"damage":12.0,"enemies":"2 Thieves","floor":20.0,"turns":3.0},{"damage":22.0,"enemies":"Slavers","floor":23.0,"turns":3.0},{"damage":26.0,"enemies":"Snake Plant","floor":25.0,"turns":4.0},{"damage":11.0,"enemies":"Gremlin Leader","floor":27.0,"turns":6.0},{"damage":4.0,"enemies":"Snecko","floor":28.0,"turns":4.0},{"damage":0.0,"enemies":"Cultist and Chosen","floor":31.0,"turns":4.0},{"damage":49.0,"enemies":"Champ","floor":33.0,"turns":22.0},{"damage":15.0,"enemies":"3 Darklings","floor":35.0,"turns":6.0},{"damage":11.0,"enemies":"Orb Walker","floor":36.0,"turns":3.0},{"damage":8.0,"enemies":"4 Shapes","floor":38.0,"turns":4.0},{"damage":26.0,"enemies":"Spire Growth","floor":39.0,"turns":5.0},{"damage":15.0,"enemies":"Writhing Mass","floor":41.0,"turns":6.0},{"damage":30.0,"enemies":"Reptomancer","floor":42.0,"turns":4.0},{"damage":26,"enemies":"Transient","floor":44,"turns":4}],"seed_played":"-5172748725255025088","potions_obtained":[{"floor":4.0,"key":"Energy Potion"},{"floor":10.0,"key":"Swift Potion"},{"floor":14.0,"key":"Block Potion"},{"floor":16.0,"key":"EssenceOfSteel"},{"floor":20.0,"key":"Block Potion"},{"floor":33.0,"key":"SkillPotion"},{"floor":35.0,"key":"PowerPotion"},{"floor":42.0,"key":"Weak Potion"}],"is_trial":false,"path_per_floor":["M","$","?","M","?","E","M","E","T","M","E","R","$","E","R","B",null,"M","?","M","?","?","E","R","M","T","E","M","$","?","M","R","B",null,"M","M","$","M","M","R","M","E","T","M"],"character_chosen":"IRONCLAD","items_purchased":["Shrug It Off","Perfected Strike","Orichalcum","Metallicize","True Grit","Heavy Blade"],"campfire_rested":2,"item_purchase_floors":[2,2,29,29,29,37],"current_hp_per_floor":[74,74,48,54,54,60,64,56,56,62,33,55,55,61,61,43,67,73,73,67,67,67,51,51,31,31,33,35,35,82,82,82,39,71,62,57,57,55,35,59,50,26,26,0],"gold":368,"neow_bonus":"THREE_ENEMY_KILL","is_prod":false,"is_daily":false,"chose_seed":false,"campfire_upgraded":3,"win_rate":0,"timestamp":1561652928,"path_taken":["M","$","?","M","?","E","M","E","T","M","E","R","$","E","R","BOSS","M","?","M","?","?","E","R","M","T","E","?","$","?","M","R","BOSS","M","?","$","M","M","R","M","E","T","M"],"build_version":"2019-01-23","purchased_purges":0,"victory":false,"max_hp_per_floor":[75,75,75,75,75,75,75,75,75,75,75,75,75,75,75,75,75,75,75,75,75,75,75,75,75,75,82,82,82,82,82,82,82,82,82,82,82,82,82,82,82,82,82,82],"card_choices":[{"not_picked":["Clash","Thunderclap"],"picked":"Spot Weakness","floor":1.0},{"not_picked":["Metallicize","Iron Wave"],"picked":"Flame Barrier","floor":4.0},{"not_picked":["Brutality","Clash"],"picked":"Ghostly Armor","floor":6.0},{"not_picked":["Thunderclap","Infernal Blade"],"picked":"Whirlwind","floor":7.0},{"not_picked":["Iron Wave","Corruption"],"picked":"Shockwave","floor":8.0},{"not_picked":["Shrug It Off","Twin Strike"],"picked":"True Grit","floor":10.0},{"not_picked":["Reckless Charge","Intimidate","Bloodletting"],"picked":"SKIP","floor":11.0},{"not_picked":["Barricade","Iron Wave"],"picked":"Demon Form","floor":14.0},{"not_picked":["Exhume","Brutality"],"picked":"Dark Embrace","floor":16.0},{"not_picked":["Havoc","Warcry"],"picked":"Sword Boomerang","floor":18.0},{"not_picked":["Battle Trance","Body Slam"],"picked":"Corruption","floor":20.0},{"not_picked":["Clash","Flex+1","Thunderclap"],"picked":"SKIP","floor":23.0},{"not_picked":["Searing Blow","Clothesline"],"picked":"Flame Barrier","floor":25.0},{"not_picked":["Anger","Corruption"],"picked":"Ghostly Armor","floor":27.0},{"not_picked":["Infernal Blade","Thunderclap+1","Havoc"],"picked":"SKIP","floor":28.0},{"not_picked":["Sword Boomerang","Brutality"],"picked":"Shockwave+1","floor":31.0},{"not_picked":["Limit Break","Berserk"],"picked":"Fiend Fire","floor":33.0},{"not_picked":["Wild Strike","Carnage"],"picked":"Twin Strike","floor":35.0},{"not_picked":["Sword Boomerang","Body Slam","Clothesline"],"picked":"SKIP","floor":36.0},{"not_picked":["Clothesline+1","Twin Strike"],"picked":"Power Through","floor":38.0},{"not_picked":["Clothesline","Juggernaut","Clash"],"picked":"SKIP","floor":39.0},{"not_picked":["True Grit","Whirlwind","Thunderclap+1"],"picked":"SKIP","floor":41.0},{"not_picked":["Wild Strike","Bludgeon"],"picked":"Cleave","floor":42.0}],"player_experience":791138,"relics_obtained":[{"floor":6.0,"key":"Self Forming Clay"},{"floor":8.0,"key":"Art of War"},{"floor":9.0,"key":"Mercury Hourglass"},{"floor":11.0,"key":"Charon\u0027s Ashes"},{"floor":14.0,"key":"PreservedInsect"},{"floor":23.0,"key":"Pen Nib"},{"floor":26.0,"key":"Bottled Flame"},{"floor":27.0,"key":"Strawberry"},{"floor":42.0,"key":"Dodecahedron"}],"event_choices":[{"damage_healed":0.0,"max_hp_gain":0.0,"max_hp_loss":0.0,"gold_gain":0.0,"event_name":"Golden Idol","player_choice":"Take Damage","floor":3.0,"gold_loss":0.0,"damage_taken":26.0,"relics_obtained":["Golden Idol"]},{"damage_healed":0.0,"max_hp_gain":0.0,"max_hp_loss":0.0,"gold_gain":0.0,"event_name":"The Cleric","player_choice":"Leave","floor":5.0,"gold_loss":0.0,"damage_taken":0.0},{"damage_healed":0.0,"max_hp_gain":0.0,"max_hp_loss":0.0,"gold_gain":0.0,"event_name":"Drug Dealer","player_choice":"Inject Mutagens","floor":19.0,"gold_loss":0.0,"damage_taken":0.0,"relics_obtained":["MutagenicStrength"]},{"damage_healed":0.0,"max_hp_gain":0.0,"max_hp_loss":0.0,"gold_gain":0.0,"event_name":"Addict","player_choice":"Obtained Relic","floor":21.0,"gold_loss":85.0,"damage_taken":0.0,"relics_obtained":["Champion Belt"]},{"damage_healed":0.0,"max_hp_gain":0.0,"max_hp_loss":0.0,"gold_gain":0.0,"event_name":"Ghosts","player_choice":"Ignored","floor":22.0,"gold_loss":0.0,"damage_taken":0.0},{"damage_healed":47.0,"max_hp_gain":0.0,"max_hp_loss":0.0,"gold_gain":0.0,"event_name":"Wheel of Change","player_choice":"Full Heal","floor":30.0,"gold_loss":0.0,"damage_taken":0.0}],"is_beta":false,"boss_relics":[{"not_picked":["Orrery","Runic Dome"],"picked":"Philosopher\u0027s Stone"},{"not_picked":["Astrolabe","White Beast Statue"],"picked":"Mark of Pain"}],"items_purged_floors":[],"is_endless":false,"potions_floor_spawned":[4,10,14,16,20,25,27,33,35,42],"killed_by":"Transient","ascension_level":20}