{"gold_per_floor":[114,134,134,134,1,1,1,36,61,61,93,93,121,135,135,209,209,224,224,59,72,84,116,6,6,6,25,43,76,92,106,106,106],"floor_reached":33,"playtime":1973,"items_purged":[],"score":810,"play_id":"71c38385-41e4-406f-9cfa-0f641e715be1","local_time":"20190613202234","is_ascension_mode":true,"campfire_choices":[{"data":"Footwork","floor":6.0,"key":"SMITH"},{"data":"Neutralize","floor":10.0,"key":"SMITH"},{"data":"Terror","floor":12.0,"key":"SMITH"},{"data":"Malaise","floor":15.0,"key":"SMITH"},{"floor":25.0,"key":"REST"},{"floor":32,"key":"REST"}],"neow_cost":"NONE","seed_source_timestamp":4088190632791681,"circlet_count":0,"master_deck":["AscendersBane","Defend_G","Defend_G+1","Defend_G","Defend_G","Defend_G","Strike_G","Strike_G","Strike_G","Survivor","Neutralize+1","Predator","Poisoned Stab","Footwork+1","Terror+1","Infinite Blades","Malaise+1","Dagger Spray","Corpse Explosion","Dodge and Roll","Escape Plan+1","Backflip","Accuracy+1","Sucker Punch","A Thousand Cuts","Flying Knee","Flying Knee","Blade Dance+1"],"special_seed":0,"relics":["Ring of the Snake","NeowsBlessing","Anchor","Potion Belt","Dream Catcher","Orichalcum","Black Star","Lantern","Blood Vial","Ancient Tea Set","StoneCalendar","Blue Candle","Toxic Egg 2"],"potions_floor_usage":[33,33],"damage_taken":[{"damage":0.0,"enemies":"Jaw Worm","floor":1.0,"turns":1.0},{"damage":0.0,"enemies":"2 Louse","floor":2.0,"turns":1.0},{"damage":0.0,"enemies":"3 Sentries","floor":8.0,"turns":1.0},{"damage":15.0,"enemies":"Lagavulin","floor":11.0,"turns":7.0},{"damage":24.0,"enemies":"Gremlin Nob","floor":13.0,"turns":4.0},{"damage":0.0,"enemies":"Small Slimes","floor":14.0,"turns":5.0},{"damage":0.0,"enemies":"Hexaghost","floor":16.0,"turns":11.0},{"damage":16.0,"enemies":"2 Thieves","floor":18.0,"turns":3.0},{"damage":13.0,"enemies":"Chosen","floor":21.0,"turns":7.0},{"damage":7.0,"enemies":"3 Cultists","floor":22.0,"turns":3.0},{"damage":33.0,"enemies":"Slavers","floor":23.0,"turns":2.0},{"damage":6.0,"enemies":"Centurion and Healer","floor":27.0,"turns":7.0},{"damage":3.0,"enemies":"Snake Plant","floor":28.0,"turns":7.0},{"damage":6.0,"enemies":"Book of Stabbing","floor":29.0,"turns":6.0},{"damage":0.0,"enemies":"Cultist and Chosen","floor":30.0,"turns":4.0},{"damage":11,"enemies":"Snecko","floor":31,"turns":7},{"damage":38,"enemies":"Champ","floor":33,"turns":10}],"seed_played":"3142939764673749709","potions_obtained":[{"floor":1.0,"key":"Swift Potion"},{"floor":2.0,"key":"FearPotion"},{"floor":16.0,"key":"FearPotion"},{"floor":19.0,"key":"Regen Potion"},{"floor":19.0,"key":"LiquidBronze"},{"floor":21.0,"key":"Dexterity Potion"},{"floor":27.0,"key":"Ancient Potion"},{"floor":28.0,"key":"AttackPotion"},{"floor":31,"key":"PowerPotion"}],"is_trial":false,"path_per_floor":["M","M","?","?","$","R","?","E","T","R","E","R","E","M","R","B",null,"M","?","$","M","M","E","?","R","T","M","M","E","M","M","R","B"],"character_chosen":"THE_SILENT","items_purchased":["Poisoned Stab","Footwork","Lantern"],"campfire_rested":2,"item_purchase_floors":[5,5,20],"current_hp_per_floor":[59,59,64,64,64,64,57,57,57,57,42,42,18,18,18,18,58,42,42,42,44,37,4,4,25,25,21,20,16,18,9,30,0],"gold":106,"neow_bonus":"THREE_ENEMY_KILL","is_prod":false,"is_daily":false,"chose_seed":false,"campfire_upgraded":4,"win_rate":0,"timestamp":1560471754,"path_taken":["M","M","?","?","$","R","?","E","T","R","E","R","E","M","R","BOSS","M","?","$","?","M","E","?","R","T","M","M","E","?","M","R","BOSS"],"build_version":"2019-01-23","purchased_purges":0,"victory":false,"max_hp_per_floor":[66,66,71,71,71,71,71,71,71,71,71,71,71,71,71,71,71,71,71,71,71,71,71,71,71,71,71,71,71,71,71,71,71],"card_choices":[{"not_picked":["Flechettes","Infinite Blades"],"picked":"Predator","floor":1.0},{"not_picked":["Finisher","Dodge and Roll","Underhanded Strike"],"picked":"SKIP","floor":2.0},{"not_picked":["Deflect","Prepared"],"picked":"Terror","floor":8.0},{"not_picked":["Predator","Bane"],"picked":"Infinite Blades","floor":11.0},{"not_picked":["Deadly Poison","Terror"],"picked":"Malaise","floor":13.0},{"not_picked":["PiercingWail","Calculated Gamble"],"picked":"Dagger Spray","floor":14.0},{"not_picked":["Doppelganger","Night Terror"],"picked":"Corpse Explosion","floor":16.0},{"not_picked":["Underhanded Strike","Distraction"],"picked":"Dodge and Roll","floor":18.0},{"not_picked":["All Out Attack","Acrobatics"],"picked":"Escape Plan+1","floor":21.0},{"not_picked":["Tactician","Dagger Throw","Calculated Gamble"],"picked":"SKIP","floor":22.0},{"not_picked":["Slice","Outmaneuver"],"picked":"Backflip","floor":23.0},{"not_picked":["Dagger Spray","Underhanded Strike"],"picked":"Accuracy+1","floor":25.0},{"not_picked":["Blade Dance","Distraction","Poisoned Stab"],"picked":"SKIP","floor":27.0},{"not_picked":["Slice","Tactician"],"picked":"Sucker Punch","floor":28.0},{"not_picked":["Eviscerate","Prepared"],"picked":"A Thousand Cuts","floor":29.0},{"not_picked":["Crippling Poison+1","Skewer+1"],"picked":"Flying Knee","floor":30.0},{"not_picked":["Poisoned Stab","Quick Slash+1"],"picked":"Flying Knee","floor":31},{"not_picked":["Deflect+1","Terror+1"],"picked":"Blade Dance+1","floor":32}],"player_experience":734529,"relics_obtained":[{"floor":8.0,"key":"Anchor"},{"floor":9.0,"key":"Potion Belt"},{"floor":11.0,"key":"Dream Catcher"},{"floor":13.0,"key":"Orichalcum"},{"floor":23.0,"key":"Blood Vial"},{"floor":23.0,"key":"Ancient Tea Set"},{"floor":26.0,"key":"StoneCalendar"},{"floor":29.0,"key":"Blue Candle"},{"floor":29.0,"key":"Toxic Egg 2"}],"event_choices":[{"damage_healed":0.0,"max_hp_gain":5.0,"max_hp_loss":0.0,"gold_gain":0.0,"event_name":"Big Fish","player_choice":"Donut","floor":3.0,"gold_loss":0.0,"damage_taken":0.0},{"damage_healed":0.0,"max_hp_gain":0.0,"max_hp_loss":0.0,"gold_gain":0.0,"event_name":"Golden Idol","player_choice":"Ignored","floor":4.0,"gold_loss":0.0,"damage_taken":0.0},{"cards_removed":["Strike_G"],"damage_healed":0.0,"max_hp_gain":0.0,"max_hp_loss":0.0,"gold_gain":0.0,"event_name":"Golden Wing","player_choice":"Card Removal","floor":7.0,"gold_loss":0.0,"damage_taken":7.0},{"damage_healed":0.0,"max_hp_gain":0.0,"max_hp_loss":0.0,"gold_gain":0.0,"event_name":"Lab","player_choice":"Got Potions","floor":19.0,"gold_loss":0.0,"damage_taken":0.0},{"cards_removed":["Strike_G"],"damage_healed":0.0,"max_hp_gain":0.0,"max_hp_loss":0.0,"gold_gain":0.0,"event_name":"Designer","player_choice":"Upgrade and Remove","floor":24.0,"gold_loss":110.0,"damage_taken":0.0,"cards_upgraded":["Defend_G"]}],"is_beta":false,"boss_relics":[{"not_picked":["Busted Crown","HoveringKite"],"picked":"Black Star"}],"items_purged_floors":[],"is_endless":false,"potions_floor_spawned":[1,2,16,21,27,28,31],"killed_by":"Champ","ascension_level":20}