{"gold_per_floor":[15,33,33,33,33,64,85,85,157,171,171,184,209,223,223,347,347,362,86,106,122,141,141,180,192,204,241,253,308,320,356,368,380],"floor_reached":33,"playtime":903,"items_purged":[],"score":330,"play_id":"903216dc-4327-4ddc-b585-3610a5f9f479","local_time":"20190216123113","is_ascension_mode":true,"campfire_choices":[{"floor":11,"key":"REST"},{"floor":15,"key":"REST"},{"floor":23,"key":"REST"},{"floor":25,"key":"REST"},{"data":"Whirlwind","floor":28,"key":"SMITH"},{"floor":30,"key":"REST"},{"floor":32,"key":"REST"}],"neow_cost":"NO_GOLD","seed_source_timestamp":212515612480631,"circlet_count":0,"master_deck":["Strike_R","Strike_R","Strike_R","Defend_R+1","Defend_R+1","Defend_R","Defend_R","Bash","Cleave","Whirlwind+1","Shrug It Off","Searing Blow","Carnage","Sever Soul","Flame Barrier","Feed","Infernal Blade+1","Intimidate","Rupture","Reckless Charge+1","Ghostly Armor+1","Dark Embrace","Feel No Pain","Shrug It Off","Body Slam+1","Cleave+1"],"relics":["Burning Blood","Charon\u0027s Ashes","Bag of Preparation","Golden Idol","War Paint","Pantograph","Vajra","Empty Cage","Sling","MawBank","Oddly Smooth Stone","Dream Catcher"],"potions_floor_usage":[16,16,29],"damage_taken":[{"damage":6,"enemies":"Cultist","floor":1,"turns":4},{"damage":0,"enemies":"Small Slimes","floor":2,"turns":3},{"damage":41,"enemies":"Gremlin Nob","floor":6,"turns":5},{"damage":0,"enemies":"Jaw Worm","floor":7,"turns":5},{"damage":2,"enemies":"Large Slime","floor":10,"turns":6},{"damage":4,"enemies":"Exordium Thugs","floor":12,"turns":4},{"damage":2,"enemies":"Exordium Wildlife","floor":14,"turns":3},{"damage":2,"enemies":"Slime Boss","floor":16,"turns":5},{"damage":6,"enemies":"3 Byrds","floor":18,"turns":4},{"damage":10,"enemies":"2 Thieves","floor":20,"turns":2},{"damage":28,"enemies":"Snake Plant","floor":21,"turns":4},{"damage":30,"enemies":"Centurion and Healer","floor":22,"turns":4},{"damage":0,"enemies":"Slavers","floor":24,"turns":1},{"damage":8,"enemies":"Snecko","floor":27,"turns":5},{"damage":74,"enemies":"Book of Stabbing","floor":29,"turns":6},{"damage":15,"enemies":"Cultist and Chosen","floor":31,"turns":8},{"damage":83,"enemies":"Collector","floor":33,"turns":6}],"seed_played":"-5378800983222647077","potions_obtained":[{"floor":1,"key":"Swift Potion"},{"floor":7,"key":"AttackPotion"},{"floor":8,"key":"SneckoOil"},{"floor":16,"key":"Swift Potion"},{"floor":18,"key":"Poison Potion"}],"is_trial":false,"path_per_floor":["M","M","$","?","?","E","M","?","T","M","R","M","T","M","R","B",null,"M","$","M","M","M","R","E","R","T","M","R","E","R","M","R","B"],"character_chosen":"IRONCLAD","items_purchased":["Sling","Intimidate"],"campfire_rested":6,"item_purchase_floors":[19,19],"current_hp_per_floor":[80,80,80,62,42,7,13,13,13,17,41,43,43,47,71,80,80,83,83,79,57,33,57,66,86,86,84,84,16,41,32,57,0],"gold":380,"neow_bonus":"ONE_RARE_RELIC","is_prod":false,"is_daily":false,"chose_seed":false,"campfire_upgraded":1,"win_rate":0,"timestamp":1550349073,"path_taken":["M","M","?","?","?","E","M","?","T","M","R","?","?","M","R","BOSS","M","$","M","M","M","R","E","R","T","M","R","E","R","M","R","BOSS"],"build_version":"2019-01-23","purchased_purges":0,"victory":false,"max_hp_per_floor":[80,80,80,80,80,80,80,80,80,80,80,80,80,80,80,80,80,83,83,83,83,83,83,86,86,86,86,86,86,86,86,86,86],"card_choices":[{"not_picked":["Rage","Headbutt"],"picked":"Cleave","floor":1},{"not_picked":["Sever Soul","Flex"],"picked":"Whirlwind","floor":2},{"not_picked":["Uppercut","Sword Boomerang"],"picked":"Shrug It Off","floor":6},{"not_picked":["Brutality","Sword Boomerang"],"picked":"Searing Blow","floor":7},{"not_picked":["Blood for Blood","Warcry"],"picked":"Carnage","floor":10},{"not_picked":["Pummel","Flex"],"picked":"Sever Soul","floor":12},{"not_picked":["Heavy Blade","Sword Boomerang"],"picked":"Flame Barrier","floor":14},{"not_picked":["Juggernaut","Berserk"],"picked":"Feed","floor":16},{"not_picked":["Sword Boomerang","Clash"],"picked":"Infernal Blade+1","floor":18},{"not_picked":["Body Slam","Clash"],"picked":"Rupture","floor":20},{"not_picked":["Flame Barrier","Rampage"],"picked":"Reckless Charge+1","floor":21},{"not_picked":["Shrug It Off","Sword Boomerang"],"picked":"Ghostly Armor+1","floor":22},{"not_picked":["Sword Boomerang+1","Thunderclap+1"],"picked":"Dark Embrace","floor":24},{"not_picked":["Infernal Blade","Wild Strike"],"picked":"Feel No Pain","floor":27},{"not_picked":["Corruption","Sword Boomerang"],"picked":"Shrug It Off","floor":29},{"not_picked":["Flame Barrier","Headbutt"],"picked":"Body Slam+1","floor":31},{"not_picked":["Carnage","Headbutt"],"picked":"Cleave+1","floor":32}],"player_experience":213178,"relics_obtained":[{"floor":6,"key":"War Paint"},{"floor":9,"key":"Pantograph"},{"floor":13,"key":"Vajra"},{"floor":24,"key":"MawBank"},{"floor":26,"key":"Oddly Smooth Stone"},{"floor":29,"key":"Dream Catcher"}],"event_choices":[{"damage_healed":0,"gold_gain":0,"player_choice":"Success","damage_taken":18,"relics_obtained":["Bag of Preparation"],"max_hp_gain":0,"max_hp_loss":0,"event_name":"Scrap Ooze","floor":4,"gold_loss":0},{"damage_healed":0,"gold_gain":0,"player_choice":"Take Damage","damage_taken":20,"relics_obtained":["Golden Idol"],"max_hp_gain":0,"max_hp_loss":0,"event_name":"Golden Idol","floor":5,"gold_loss":0},{"damage_healed":0,"gold_gain":0,"player_choice":"Got Potions","damage_taken":0,"max_hp_gain":0,"max_hp_loss":0,"event_name":"Lab","floor":8,"gold_loss":0}],"is_beta":false,"boss_relics":[{"not_picked":["Orrery","Fusion Hammer"],"picked":"Empty Cage"}],"items_purged_floors":[],"is_endless":false,"potions_floor_spawned":[1,7,10,16,18,22,27],"killed_by":"Collector","ascension_level":1}