{"gold_per_floor":[118,43,59,59,9,9,36,36,59,59,134,160,85,116,116,218,218,232,248,96,11,11,11,11,37,37,49,67,84,96,111,111,214,264,283,160,177,197,197,197],"floor_reached":40,"playtime":1576,"items_purged":["Strike_R","Strike_R","Strike_R"],"score":678,"play_id":"73c4cef4-5003-40ed-9741-f1714e2018cd","local_time":"20181230202535","is_ascension_mode":true,"campfire_choices":[{"data":"Armaments","floor":6.0,"key":"SMITH"},{"data":"Bash","floor":8.0,"key":"SMITH"},{"data":"Flex","floor":10.0,"key":"SMITH"},{"floor":15,"key":"REST"},{"floor":23,"key":"REST"},{"floor":24,"key":"REST"},{"floor":32,"key":"REST"}],"neow_cost":"NONE","seed_source_timestamp":804630461915857,"circlet_count":0,"master_deck":["AscendersBane","Defend_R","Defend_R","Defend_R","Defend_R","Bash+1","Armaments+1","Headbutt","Metallicize","Flex+1","Dropkick","Body Slam","Bludgeon","Body Slam","Shrug It Off","Uppercut","Dropkick","Metallicize+1","Headbutt","Pommel Strike","Demon Form","Clothesline","Twin Strike","Cleave","Sword Boomerang"],"special_seed":0,"relics":["Burning Blood","PreservedInsect","Omamori","WingedGreaves","Paper Frog","Fusion Hammer","Smiling Mask","Ornamental Fan","Nunchaku","Tiny House"],"potions_floor_usage":[16,33,38],"damage_taken":[{"damage":13.0,"enemies":"Jaw Worm","floor":1.0,"turns":6.0},{"damage":7.0,"enemies":"2 Louse","floor":3.0,"turns":3.0},{"damage":23.0,"enemies":"Gremlin Nob","floor":7.0,"turns":4.0},{"damage":11,"enemies":"3 Sentries","floor":12,"turns":10},{"damage":17,"enemies":"Lagavulin","floor":14,"turns":6},{"damage":56,"enemies":"The Guardian","floor":16,"turns":11},{"damage":31,"enemies":"3 Byrds","floor":18,"turns":8},{"damage":4,"enemies":"Chosen","floor":19,"turns":3},{"damage":28,"enemies":"Book of Stabbing","floor":25,"turns":4},{"damage":10,"enemies":"Shelled Parasite and Fungi","floor":27,"turns":5},{"damage":12,"enemies":"Snecko","floor":28,"turns":4},{"damage":14,"enemies":"Centurion and Healer","floor":29,"turns":6},{"damage":35,"enemies":"3 Cultists","floor":30,"turns":7},{"damage":10,"enemies":"Sentry and Sphere","floor":31,"turns":5},{"damage":65,"enemies":"Champ","floor":33,"turns":9},{"damage":20,"enemies":"3 Shapes","floor":35,"turns":6},{"damage":0,"enemies":"Orb Walker","floor":37,"turns":4},{"damage":30,"enemies":"Writhing Mass","floor":38,"turns":8},{"damage":67,"enemies":"Reptomancer","floor":40,"turns":8}],"seed_played":"-424795545900640926","potions_obtained":[{"floor":3.0,"key":"Ancient Potion"},{"floor":14,"key":"BloodPotion"},{"floor":25,"key":"FairyPotion"},{"floor":33,"key":"Weak Potion"},{"floor":34,"key":"Dexterity Potion"}],"is_trial":false,"path_per_floor":["M","$","M","?","?","R","E","R","T","R","?","E","$","E","R","B",null,"M","M","$","?","?","R","R","E","T","M","M","M","M","M","R","B",null,"M","$","M","M","?","E"],"character_chosen":"IRONCLAD","items_purchased":["Metallicize","Shrug It Off","Cleave","Sword Boomerang"],"campfire_rested":4,"item_purchase_floors":[2,20,36,36],"current_hp_per_floor":[65,65,64,69,69,69,52,52,52,52,44,39,39,28,53,11,67,42,44,44,44,44,69,85,63,63,59,53,45,16,12,37,14,72,58,58,64,40,63,0],"gold":197,"neow_bonus":"THREE_CARDS","is_prod":false,"is_daily":false,"chose_seed":false,"campfire_upgraded":3,"win_rate":0,"timestamp":1546219535,"path_taken":["M","$","M","?","?","R","E","R","T","R","?","E","$","E","R","BOSS","M","M","$","?","?","R","R","E","T","M","M","?","M","M","R","BOSS","M","$","M","M","?","E"],"build_version":"2018-12-20","purchased_purges":3,"victory":false,"max_hp_per_floor":[80,80,80,85,85,85,85,85,85,85,85,85,85,85,85,85,85,85,85,85,85,85,85,85,85,85,85,85,85,85,85,85,85,90,90,90,90,90,90,90],"card_choices":[{"not_picked":["Disarm","Havoc"],"picked":"Armaments","floor":0.0},{"not_picked":["Warcry","Blood for Blood"],"picked":"Headbutt","floor":1.0},{"not_picked":["Havoc","Warcry","Wild Strike"],"picked":"SKIP","floor":3.0},{"not_picked":["Body Slam","Twin Strike"],"picked":"Flex","floor":7.0},{"not_picked":["Body Slam","Cleave"],"picked":"Dropkick","floor":12},{"not_picked":["Perfected Strike","Cleave"],"picked":"Body Slam","floor":14},{"not_picked":["Offering","Berserk"],"picked":"Bludgeon","floor":16},{"not_picked":["Rupture","Warcry"],"picked":"Body Slam","floor":18},{"not_picked":["Warcry","Searing Blow","Feel No Pain"],"picked":"SKIP","floor":19},{"not_picked":["Body Slam+1","Dual Wield"],"picked":"Uppercut","floor":25},{"not_picked":["Infernal Blade","Rage"],"picked":"Dropkick","floor":27},{"not_picked":["Combust","Anger"],"picked":"Metallicize","floor":28},{"not_picked":["Clothesline+1","Infernal Blade"],"picked":"Headbutt","floor":29},{"not_picked":["Intimidate","Ghostly Armor","True Grit"],"picked":"SKIP","floor":30},{"not_picked":["Anger","True Grit"],"picked":"Pommel Strike","floor":31},{"not_picked":["Immolate","Limit Break"],"picked":"Demon Form","floor":33},{"not_picked":["Anger","True Grit"],"picked":"Clothesline","floor":34},{"not_picked":["Corruption+1","Rampage+1"],"picked":"Twin Strike","floor":35},{"not_picked":["Bloodletting+1","Metallicize","Rupture+1"],"picked":"SKIP","floor":37},{"not_picked":["Fiend Fire","Havoc","Headbutt"],"picked":"SKIP","floor":38}],"player_experience":546780,"relics_obtained":[{"floor":7.0,"key":"PreservedInsect"},{"floor":9.0,"key":"Omamori"},{"floor":12,"key":"WingedGreaves"},{"floor":14,"key":"Paper Frog"},{"floor":25,"key":"Ornamental Fan"},{"floor":26,"key":"Nunchaku"}],"event_choices":[{"damage_healed":0.0,"max_hp_gain":5.0,"max_hp_loss":0.0,"gold_gain":0.0,"event_name":"Big Fish","player_choice":"Donut","floor":4.0,"gold_loss":0.0,"damage_taken":0.0},{"cards_removed":["Strike_R"],"damage_healed":0.0,"max_hp_gain":0.0,"max_hp_loss":0.0,"gold_gain":0.0,"event_name":"The Cleric","player_choice":"Card Removal","floor":5.0,"gold_loss":50.0,"damage_taken":0.0},{"damage_healed":0,"gold_gain":75,"player_choice":"Touch","damage_taken":8,"max_hp_gain":0,"max_hp_loss":0,"event_name":"FaceTrader","floor":11,"gold_loss":0},{"damage_healed":0,"gold_gain":0,"player_choice":"Obtained Relic","damage_taken":0,"relics_obtained":["Smiling Mask"],"max_hp_gain":0,"max_hp_loss":0,"event_name":"Addict","floor":21,"gold_loss":85},{"cards_removed":["Strike_R"],"damage_healed":0,"gold_gain":0,"player_choice":"Offered Basic","damage_taken":0,"max_hp_gain":0,"max_hp_loss":0,"event_name":"Bonfire Elementals","floor":22,"gold_loss":0},{"damage_healed":23,"gold_gain":0,"player_choice":"Writhe","damage_taken":0,"max_hp_gain":0,"max_hp_loss":0,"event_name":"Winding Halls","floor":39,"gold_loss":0,"cards_obtained":["Writhe"]}],"is_beta":false,"boss_relics":[{"not_picked":["Runic Cube","Coffee Dripper"],"picked":"Fusion Hammer"},{"not_picked":["Mark of Pain","Empty Cage"],"picked":"Tiny House"}],"items_purged_floors":[13,20,36],"is_endless":false,"potions_floor_spawned":[3,14,25,28,29,33,37],"killed_by":"Reptomancer","ascension_level":12}