{"gold_per_floor":[112,12,12,25,44,44,76,76,76,1,1,1,16,42,42,143,143,112,132,146,112,211,211,244,244,244,244,254,254,254],"floor_reached":30,"playtime":1351,"items_purged":["Strike_G"],"score":307,"play_id":"aaa4d62b-a769-4232-b6d9-fbe60e959f52","local_time":"20180804163535","is_ascension_mode":true,"campfire_choices":[{"data":"Neutralize","floor":6.0,"key":"SMITH"},{"floor":8,"key":"REST"},{"data":"Caltrops","floor":11,"key":"SMITH"},{"data":"Dodge and Roll","floor":15,"key":"SMITH"},{"floor":23,"key":"REST"},{"floor":25,"key":"REST"},{"floor":29,"key":"REST"}],"neow_cost":"NONE","seed_source_timestamp":2403758007504437,"circlet_count":0,"master_deck":["Survivor","Neutralize+1","Poisoned Stab","Dodge and Roll+1","Dodge and Roll+1","Quick Slash","Caltrops+1","Finisher","Deadly Poison","Dagger Spray","Bouncing Flask","Die Die Die","Outmaneuver","Dodge and Roll","Poisoned Stab","Dagger Throw","Endless Agony","Deadly Poison","Backflip","Accuracy","Crippling Poison","Dash","Cloak And Dagger+1","Caltrops+1","Accuracy","Blade Dance","Cloak And Dagger+1","Poisoned Stab+1"],"special_seed":0,"relics":["Ring of the Snake","Prayer Wheel","StoneCalendar","Matryoshka","Pandora\u0027s Box","Molten Egg 2","War Paint","Smiling Mask","GremlinMask"],"potions_floor_usage":[24,30],"damage_taken":[{"damage":0.0,"enemies":"2 Louse","floor":1.0,"turns":2.0},{"damage":0.0,"enemies":"Small Slimes","floor":4.0,"turns":3.0},{"damage":0.0,"enemies":"Jaw Worm","floor":5.0,"turns":5.0},{"damage":44,"enemies":"Lagavulin","floor":7,"turns":10},{"damage":0,"enemies":"Large Slime","floor":13,"turns":7},{"damage":25,"enemies":"Gremlin Nob","floor":14,"turns":5},{"damage":19,"enemies":"Hexaghost","floor":16,"turns":9},{"damage":20,"enemies":"2 Thieves","floor":18,"turns":5},{"damage":12,"enemies":"Shell Parasite","floor":19,"turns":5},{"damage":31,"enemies":"Snake Plant","floor":20,"turns":4},{"damage":16,"enemies":"Gremlin Leader","floor":24,"turns":7},{"damage":12,"enemies":"Centurion and Healer","floor":28,"turns":8},{"damage":68,"enemies":"Slavers","floor":30,"turns":5}],"seed_played":"3847157683912942500","potions_obtained":[{"floor":4.0,"key":"Energy Potion"},{"floor":14,"key":"Energy Potion"},{"floor":16,"key":"GamblersBrew"},{"floor":24,"key":"Energy Potion"}],"is_trial":false,"path_per_floor":["M","$","?","M","M","R","E","R","T","$","R","?","M","E","R","B",null,"M","M","M","$","?","R","E","R","T","?","M","R"],"character_chosen":"THE_SILENT","items_purchased":["Poisoned Stab","Caltrops","Accuracy"],"campfire_rested":4,"item_purchase_floors":[2,10,21],"current_hp_per_floor":[77,77,82,82,82,82,38,62,62,62,62,62,62,37,37,18,82,62,50,19,19,19,43,27,51,51,51,39,63,0],"gold":254,"neow_bonus":"TEN_PERCENT_HP_BONUS","is_prod":false,"is_daily":false,"chose_seed":false,"campfire_upgraded":3,"win_rate":0,"timestamp":1533414935,"path_taken":["M","$","?","M","M","R","E","R","T","$","R","?","M","E","R","BOSS","M","M","M","$","?","R","E","R","T","?","M","R","E"],"build_version":"2018-08-02","purchased_purges":1,"victory":false,"max_hp_per_floor":[77,77,82,82,82,82,82,82,82,82,82,82,82,82,82,82,82,82,82,82,82,82,82,82,82,82,82,82,82,82],"card_choices":[{"not_picked":["Underhanded Strike","Blur","Slice"],"picked":"SKIP","floor":1.0},{"not_picked":["Deflect","Crippling Poison"],"picked":"Dodge and Roll","floor":4.0},{"not_picked":["Prepared","Bane"],"picked":"Dodge and Roll","floor":5.0},{"not_picked":["Distraction","Outmaneuver"],"picked":"Quick Slash","floor":7},{"not_picked":["Accuracy","Bane"],"picked":"Deadly Poison","floor":13},{"not_picked":["Crippling Poison","Well Laid Plans"],"picked":"Dagger Spray","floor":13},{"not_picked":["All Out Attack","Dodge and Roll"],"picked":"Bouncing Flask","floor":14},{"not_picked":["Unload","Storm of Steel"],"picked":"Die Die Die","floor":16},{"not_picked":["Deflect+1","Bouncing Flask"],"picked":"Crippling Poison","floor":18},{"not_picked":["Underhanded Strike","Masterful Stab","Deflect+1"],"picked":"SKIP","floor":18},{"not_picked":["Prepared","Backflip"],"picked":"Dash","floor":19},{"not_picked":["Catalyst","Flying Knee","Skewer"],"picked":"SKIP","floor":19},{"not_picked":["Endless Agony","Tactician"],"picked":"Cloak And Dagger","floor":20},{"not_picked":["Dash","PiercingWail"],"picked":"Caltrops+1","floor":20},{"not_picked":["Slice","Burst"],"picked":"Blade Dance","floor":24},{"not_picked":["Blade Dance","Riddle With Holes+1"],"picked":"Cloak And Dagger+1","floor":28},{"not_picked":["Prepared","PiercingWail"],"picked":"Poisoned Stab+1","floor":28}],"player_experience":212617,"relics_obtained":[{"floor":7,"key":"Prayer Wheel"},{"floor":9,"key":"StoneCalendar"},{"floor":14,"key":"Matryoshka"},{"floor":24,"key":"Molten Egg 2"},{"floor":26,"key":"War Paint"},{"floor":26,"key":"Smiling Mask"}],"event_choices":[{"event_name":"Big Fish","player_choice":"Donut","floor":3.0,"damage_taken":0.0},{"event_name":"Living Wall","player_choice":"Change","floor":12,"damage_taken":0},{"event_name":"Nest","player_choice":"Stole From Cult","floor":22,"damage_taken":0},{"event_name":"FaceTrader","player_choice":"Trade","floor":27,"damage_taken":0}],"is_beta":false,"boss_relics":[{"not_picked":["Runic Pyramid","Busted Crown"],"picked":"Pandora\u0027s Box"}],"items_purged_floors":[2],"is_endless":false,"potions_floor_spawned":[4,14,16,18,20,24],"killed_by":"Slavers","ascension_level":4}