{"gold_per_floor":[362,373,133,147,147,182,132,161,161,161,180,191,128,140,140,140],"floor_reached":16,"playtime":451,"items_purged":["Strike_R","Defend_R","Defend_R"],"score":112,"play_id":"590e267b-a960-44a0-8c32-0b26882b83de","local_time":"20190709143255","is_ascension_mode":false,"campfire_choices":[{"data":"Bash","floor":15,"key":"SMITH"}],"neow_cost":"TEN_PERCENT_HP_LOSS","seed_source_timestamp":6314891420126067,"circlet_count":0,"master_deck":["Strike_R","Strike_R","Strike_R","Defend_R+1","Defend_R+1","Bash+1","Shockwave"],"relics":["Burning Blood","Membership Card","War Paint","Unceasing Top","Kunai"],"potions_floor_usage":[8,16,16],"damage_taken":[{"damage":12,"enemies":"Small Slimes","floor":1,"turns":3},{"damage":1,"enemies":"Jaw Worm","floor":2,"turns":5},{"damage":6,"enemies":"Cultist","floor":4,"turns":3},{"damage":43,"enemies":"Gremlin Nob","floor":6,"turns":6},{"damage":35,"enemies":"Lagavulin","floor":8,"turns":9},{"damage":0,"enemies":"2 Fungi Beasts","floor":11,"turns":6},{"damage":0,"enemies":"Red Slaver","floor":12,"turns":5},{"damage":0,"enemies":"Blue Slaver","floor":14,"turns":5},{"damage":28,"enemies":"Hexaghost","floor":16,"turns":9}],"seed_played":"-1443185007591512025","potions_obtained":[{"floor":1,"key":"Weak Potion"},{"floor":4,"key":"SpeedPotion"},{"floor":8,"key":"Strength Potion"},{"floor":12,"key":"Energy Potion"}],"is_trial":false,"path_per_floor":["M","M","$","M","?","E","$","E","T","?","M","M","$","M","R","B"],"character_chosen":"IRONCLAD","items_purchased":["Membership Card"],"campfire_rested":0,"item_purchase_floors":[3],"current_hp_per_floor":[66,71,71,71,76,39,39,10,10,10,16,22,22,28,28,0],"gold":140,"neow_bonus":"TWO_FIFTY_GOLD","is_prod":false,"is_daily":false,"chose_seed":false,"campfire_upgraded":1,"win_rate":0,"timestamp":1562697175,"path_taken":["M","M","$","M","?","E","$","E","T","?","?","M","$","M","R","BOSS"],"build_version":"2019-07-05","purchased_purges":3,"victory":false,"max_hp_per_floor":[72,72,72,72,77,77,77,77,77,77,77,77,77,77,77,77],"card_choices":[{"not_picked":["Searing Blow","Perfected Strike","Shrug It Off"],"picked":"SKIP","floor":1},{"not_picked":["Cleave","Body Slam","Clothesline"],"picked":"SKIP","floor":2},{"not_picked":["Rampage","Bloodletting","Pummel"],"picked":"SKIP","floor":4},{"not_picked":["Cleave","Inflame","Thunderclap"],"picked":"SKIP","floor":6},{"not_picked":["Thunderclap","True Grit","Headbutt"],"picked":"SKIP","floor":8},{"not_picked":["Twin Strike","Feed","Whirlwind"],"picked":"SKIP","floor":11},{"not_picked":["Seeing Red","Battle Trance","Entrench"],"picked":"SKIP","floor":12},{"not_picked":["Heavy Blade","Body Slam"],"picked":"Shockwave","floor":14}],"player_experience":931157,"relics_obtained":[{"floor":6,"key":"War Paint"},{"floor":8,"key":"Unceasing Top"},{"floor":9,"key":"Kunai"}],"event_choices":[{"damage_healed":0,"gold_gain":0,"player_choice":"Donut","damage_taken":0,"max_hp_gain":5,"max_hp_loss":0,"event_name":"Big Fish","floor":5,"gold_loss":0},{"cards_removed":["Strike_R"],"damage_healed":0,"gold_gain":0,"player_choice":"Offered Basic","damage_taken":0,"max_hp_gain":0,"max_hp_loss":0,"event_name":"Bonfire Elementals","floor":10,"gold_loss":0}],"is_beta":false,"boss_relics":[],"items_purged_floors":[3,7,13],"is_endless":false,"potions_floor_spawned":[1,4,8,12],"killed_by":"Hexaghost","ascension_level":0}