{"gold_per_floor":[114,133,83,97,111,111,127,153,153,153,205,232,232,120,120,221,221,239,257,257,49,62,62,96,96,96,123,142,155,172,172,172,273,273,291,338,238,338,412,412,438,660,685,700,715,715,625,68,68,68],"floor_reached":51,"playtime":2707,"items_purged":["Strike_R","Strike_R+1"],"score":876,"play_id":"ef61abd7-c57d-4104-b6c8-1e82d3ef4eda","local_time":"20181213185015","is_ascension_mode":true,"campfire_choices":[{"data":"Armaments","floor":6.0,"key":"SMITH"},{"data":"Bash","floor":10.0,"key":"SMITH"},{"floor":15.0,"key":"REST"},{"data":"Offering","floor":23.0,"key":"SMITH"},{"data":"Demon Form","floor":25.0,"key":"SMITH"},{"floor":32,"key":"REST"},{"floor":40,"key":"REST"},{"floor":46,"key":"REST"},{"data":"Metallicize","floor":49,"key":"SMITH"}],"neow_cost":"NONE","seed_source_timestamp":1050792719327093,"circlet_count":0,"master_deck":["Strike_R+1","Defend_R+1","Defend_R+1","Defend_R+1","Defend_R+1","Bash+1","Exhume","Flex","Pommel Strike","Armaments+1","Spot Weakness","Offering+1","Rampage","Evolve","Demon Form+1","Pummel","Infernal Blade","Heavy Blade","Limit Break+1","Twin Strike+1","Iron Wave+1","Deep Breath","Berserk","Heavy Blade+1","Metallicize+1"],"special_seed":0,"relics":["Burning Blood","Vajra","Torii","Bag of Preparation","Odd Mushroom","Runic Pyramid","ClockworkSouvenir","Pocketwatch","Happy Flower","Red Mask","White Beast Statue","Incense Burner","Prayer Wheel","The Courier","Ornamental Fan","Regal Pillow","Mummified Hand","Juzu Bracelet","StoneCalendar"],"potions_floor_usage":[30,33,36,36,38,41,44,50],"damage_taken":[{"damage":10.0,"enemies":"Small Slimes","floor":1.0,"turns":5.0},{"damage":7.0,"enemies":"Jaw Worm","floor":2.0,"turns":6.0},{"damage":13.0,"enemies":"2 Louse","floor":4.0,"turns":3.0},{"damage":14.0,"enemies":"Red Slaver","floor":5.0,"turns":4.0},{"damage":3.0,"enemies":"Blue Slaver","floor":7.0,"turns":4.0},{"damage":30.0,"enemies":"3 Sentries","floor":8.0,"turns":13.0},{"damage":30.0,"enemies":"The Mushroom Lair","floor":12.0,"turns":4.0},{"damage":12.0,"enemies":"Slime Boss","floor":16.0,"turns":6.0},{"damage":13.0,"enemies":"Spheric Guardian","floor":18.0,"turns":3.0},{"damage":21.0,"enemies":"3 Byrds","floor":19.0,"turns":6.0},{"damage":13.0,"enemies":"Snecko","floor":22.0,"turns":4.0},{"damage":30.0,"enemies":"Book of Stabbing","floor":24.0,"turns":4.0},{"damage":20.0,"enemies":"Masked Bandits","floor":27.0,"turns":3.0},{"damage":1.0,"enemies":"Snake Plant","floor":28.0,"turns":3.0},{"damage":12,"enemies":"Sentry and Sphere","floor":29,"turns":3},{"damage":23,"enemies":"Shelled Parasite and Fungi","floor":30,"turns":5},{"damage":39,"enemies":"Automaton","floor":33,"turns":7},{"damage":18,"enemies":"3 Darklings","floor":35,"turns":3},{"damage":66,"enemies":"2 Orb Walkers","floor":36,"turns":5},{"damage":7,"enemies":"Mind Bloom Boss Battle","floor":38,"turns":6},{"damage":8,"enemies":"Giant Head","floor":41,"turns":4},{"damage":1,"enemies":"Orb Walker","floor":44,"turns":4},{"damage":15,"enemies":"3 Darklings","floor":45,"turns":3},{"damage":31,"enemies":"Time Eater","floor":50,"turns":7}],"seed_played":"-1226663994865529172","potions_obtained":[{"floor":1.0,"key":"PowerPotion"},{"floor":4.0,"key":"Fruit Juice"},{"floor":12.0,"key":"Regen Potion"},{"floor":18.0,"key":"Fire Potion"},{"floor":19.0,"key":"Regen Potion"},{"floor":28.0,"key":"BloodPotion"},{"floor":29,"key":"SpeedPotion"},{"floor":30,"key":"GamblersBrew"},{"floor":35,"key":"BloodPotion"},{"floor":36,"key":"BloodPotion"},{"floor":38,"key":"SkillPotion"},{"floor":41,"key":"Ancient Potion"},{"floor":44,"key":"Fruit Juice"},{"floor":45,"key":"Explosive Potion"}],"is_trial":false,"path_per_floor":["M","M","?","M","M","R","M","E","T","R","T","?","?","$","R","B",null,"M","M","?","$","M","R","E","R","T","?","M","M","M","?","R","B",null,"M","?","$","?","T","R","E","?","T","M","M","R","?","$","R","B",null],"character_chosen":"IRONCLAD","items_purchased":["Evolve","ClockworkSouvenir","Mummified Hand","Juzu Bracelet","StoneCalendar"],"campfire_rested":4,"item_purchase_floors":[14,21,48,48,48],"current_hp_per_floor":[76,75,75,73,65,65,68,44,44,44,44,20,20,20,45,54,85,78,63,63,63,56,56,44,44,44,30,35,29,20,20,45,12,85,73,21,21,28,28,53,51,51,51,61,52,90,90,90,90,65],"gold":68,"neow_bonus":"ONE_RANDOM_RARE_CARD","is_prod":false,"is_daily":false,"chose_seed":false,"campfire_upgraded":5,"win_rate":0,"timestamp":1544745015,"path_taken":["M","M","?","M","M","R","M","E","T","R","?","?","?","$","R","BOSS","M","M","?","$","M","R","E","R","T","?","M","M","M","?","R","BOSS","M","?","$","?","?","R","E","?","T","M","M","R","?","$","R","BOSS"],"build_version":"2018-12-06","purchased_purges":2,"victory":true,"max_hp_per_floor":[80,80,80,85,85,85,85,85,85,85,85,85,85,85,85,85,85,85,85,85,85,85,85,85,85,85,85,85,85,85,85,85,85,85,85,85,85,85,85,85,85,85,85,90,90,90,90,90,90,90],"card_choices":[{"not_picked":["Rage","Havoc"],"picked":"Flex","floor":1.0},{"not_picked":["Intimidate","True Grit","Havoc"],"picked":"SKIP","floor":2.0},{"not_picked":["Heavy Blade","Feel No Pain"],"picked":"Pommel Strike","floor":4.0},{"not_picked":["Second Wind","Feel No Pain"],"picked":"Armaments","floor":5.0},{"not_picked":["Iron Wave","Exhume"],"picked":"Spot Weakness","floor":7.0},{"not_picked":["Pummel","Second Wind"],"picked":"Offering","floor":8.0},{"not_picked":["Ghostly Armor","Headbutt"],"picked":"Rampage","floor":12.0},{"not_picked":["Immolate","Brutality"],"picked":"Demon Form","floor":16.0},{"not_picked":["Anger","Perfected Strike+1"],"picked":"Pummel","floor":18.0},{"not_picked":["Havoc","Seeing Red"],"picked":"Infernal Blade","floor":19.0},{"not_picked":["Flame Barrier","Perfected Strike"],"picked":"Heavy Blade","floor":22.0},{"not_picked":["Warcry+1","Wild Strike","Sever Soul"],"picked":"SKIP","floor":24.0},{"not_picked":["Blood for Blood","Clash"],"picked":"Limit Break","floor":27.0},{"not_picked":["Armaments","Clothesline+1"],"picked":"Twin Strike+1","floor":28.0},{"not_picked":["Clash","Clothesline","Second Wind"],"picked":"SKIP","floor":29},{"not_picked":["Sword Boomerang","Havoc"],"picked":"Iron Wave+1","floor":30},{"not_picked":["Bludgeon","Dark Embrace"],"picked":"Berserk","floor":33},{"not_picked":["Armaments+1","Blood for Blood+1"],"picked":"Heavy Blade+1","floor":35},{"not_picked":["Demon Form","Evolve","Burning Pact+1"],"picked":"SKIP","floor":41},{"not_picked":["Clothesline","Thunderclap"],"picked":"Metallicize","floor":44},{"not_picked":["Blood for Blood+1","Iron Wave+1","Evolve"],"picked":"SKIP","floor":44},{"not_picked":["Clothesline","Iron Wave+1","Body Slam"],"picked":"SKIP","floor":45},{"not_picked":["Second Wind+1","Warcry","Clothesline+1"],"picked":"SKIP","floor":45}],"player_experience":501556,"relics_obtained":[{"floor":8.0,"key":"Vajra"},{"floor":9.0,"key":"Torii"},{"floor":11.0,"key":"Bag of Preparation"},{"floor":12.0,"key":"Odd Mushroom"},{"floor":24.0,"key":"Pocketwatch"},{"floor":26.0,"key":"Happy Flower"},{"floor":27.0,"key":"Red Mask"},{"floor":36,"key":"Incense Burner"},{"floor":38,"key":"Prayer Wheel"},{"floor":39,"key":"The Courier"},{"floor":41,"key":"Ornamental Fan"},{"floor":43,"key":"Regal Pillow"}],"event_choices":[{"cards_removed":["Strike_R"],"damage_healed":0.0,"max_hp_gain":0.0,"max_hp_loss":0.0,"gold_gain":0.0,"event_name":"The Cleric","player_choice":"Card Removal","floor":3.0,"gold_loss":50.0,"damage_taken":0.0},{"damage_healed":0.0,"max_hp_gain":0.0,"max_hp_loss":0.0,"gold_gain":0.0,"event_name":"Mushrooms","player_choice":"Fought Mushrooms","floor":12.0,"gold_loss":0.0,"damage_taken":0.0},{"damage_healed":0.0,"max_hp_gain":0.0,"max_hp_loss":0.0,"gold_gain":0.0,"event_name":"Liars Game","player_choice":"Ignored","floor":13.0,"gold_loss":0.0,"damage_taken":0.0},{"damage_healed":0.0,"max_hp_gain":0.0,"max_hp_loss":0.0,"gold_gain":0.0,"event_name":"Back to Basics","player_choice":"Simplicity","floor":20.0,"gold_loss":0.0,"damage_taken":0.0,"cards_upgraded":["Strike_R","Strike_R","Strike_R","Defend_R","Defend_R","Defend_R","Defend_R"]},{"damage_healed":0.0,"max_hp_gain":0.0,"max_hp_loss":0.0,"gold_gain":0.0,"event_name":"Masked Bandits","player_choice":"Fought Bandits","floor":27.0,"gold_loss":0.0,"damage_taken":0.0},{"damage_healed":0,"gold_gain":0,"player_choice":"1 cards matched","damage_taken":0,"max_hp_gain":0,"max_hp_loss":0,"event_name":"Match and Keep!","floor":31,"gold_loss":0,"cards_obtained":["Deep Breath"]},{"damage_healed":0,"gold_gain":0,"player_choice":"Fight","damage_taken":0,"max_hp_gain":0,"max_hp_loss":0,"event_name":"Mysterious Sphere","floor":36,"gold_loss":0},{"damage_healed":0,"gold_gain":0,"player_choice":"Fight","damage_taken":0,"max_hp_gain":0,"max_hp_loss":0,"event_name":"MindBloom","floor":38,"gold_loss":0},{"damage_healed":0,"gold_gain":222,"player_choice":"Wore Mask","damage_taken":0,"max_hp_gain":0,"max_hp_loss":0,"event_name":"Tomb of Lord Red Mask","floor":42,"gold_loss":0},{"cards_removed":["Strike_R"],"damage_healed":0,"gold_gain":0,"player_choice":"Upgrade and Remove","damage_taken":0,"max_hp_gain":0,"max_hp_loss":0,"event_name":"Designer","floor":47,"gold_loss":90,"cards_upgraded":["Limit Break"]}],"is_beta":false,"boss_relics":[{"not_picked":["Snecko Eye","Sozu"],"picked":"Runic Pyramid"},{"not_picked":["Lizard Tail","Busted Crown"],"picked":"White Beast Statue"}],"items_purged_floors":[14,37],"is_endless":false,"potions_floor_spawned":[1,4,12,18,19,28,29,30,35,36,38,41,44,45],"ascension_level":3}