{"gold_per_floor":[117,130,130,46,46,76,92,92,118,151,169,169,169,180,180,254,254,231,257,257,173,173,173,198,198,198,198,214,228,228,238,238,238],"floor_reached":33,"playtime":1054,"items_purged":[],"score":596,"play_id":"00e18e4b-0c52-464b-a90d-fdb979272858","local_time":"20190421194832","is_ascension_mode":true,"campfire_choices":[{"data":"1","floor":8.0,"key":"LIFT"},{"data":"2","floor":12.0,"key":"LIFT"},{"data":"3","floor":15.0,"key":"LIFT"},{"floor":23,"key":"REST"},{"data":"Noxious Fumes","floor":25,"key":"SMITH"},{"floor":27,"key":"REST"},{"data":"A Thousand Cuts","floor":32,"key":"SMITH"}],"neow_cost":"NONE","seed_source_timestamp":10473449513707328,"circlet_count":0,"master_deck":["AscendersBane","Defend_G+1","Defend_G+1","Defend_G+1","Defend_G+1","Defend_G+1","Strike_G+1","Strike_G+1","Strike_G+1","Strike_G+1","Strike_G+1","Survivor","Neutralize+1","Poisoned Stab","Flying Knee","Dash","Sucker Punch","Dash","After Image","Sucker Punch","Backflip","A Thousand Cuts+1","Dodge and Roll","Cloak And Dagger","Footwork","Noxious Fumes+1","Well Laid Plans","Catalyst+1","Dagger Spray"],"special_seed":0,"relics":["Ring of the Snake","NeowsBlessing","Anchor","Girya","PreservedInsect","Gambling Chip","Sozu","Red Mask","Bag of Preparation","Toxic Egg 2"],"potions_floor_usage":[],"damage_taken":[{"damage":0.0,"enemies":"Cultist","floor":1.0,"turns":1.0},{"damage":0.0,"enemies":"2 Louse","floor":2.0,"turns":1.0},{"damage":0.0,"enemies":"Gremlin Nob","floor":6.0,"turns":1.0},{"damage":0.0,"enemies":"Jaw Worm","floor":7.0,"turns":3.0},{"damage":2.0,"enemies":"Lagavulin","floor":10.0,"turns":5.0},{"damage":4.0,"enemies":"Exordium Thugs","floor":11.0,"turns":5.0},{"damage":14.0,"enemies":"Large Slime","floor":14.0,"turns":5.0},{"damage":13.0,"enemies":"Hexaghost","floor":16.0,"turns":12.0},{"damage":0.0,"enemies":"2 Thieves","floor":18.0,"turns":4.0},{"damage":25,"enemies":"Masked Bandits","floor":19,"turns":5},{"damage":12,"enemies":"Slavers","floor":24,"turns":4},{"damage":1,"enemies":"3 Byrds","floor":28,"turns":5},{"damage":2,"enemies":"Snecko","floor":29,"turns":6},{"damage":16,"enemies":"3 Cultists","floor":31,"turns":6},{"damage":55,"enemies":"Collector","floor":33,"turns":8}],"seed_played":"-7420503822288116675","potions_obtained":[{"floor":1.0,"key":"SkillPotion"},{"floor":10.0,"key":"GhostInAJar"},{"floor":14.0,"key":"Regen Potion"}],"is_trial":false,"path_per_floor":["M","M","?","$","?","E","M","R","T","E","M","R","?","M","R","B",null,"M","?","?","$","?","R","E","R","T","R","M","M","?","M","R","B"],"character_chosen":"THE_SILENT","items_purchased":["Dash","Footwork"],"campfire_rested":2,"item_purchase_floors":[4,21],"current_hp_per_floor":[59,59,33,33,33,33,33,33,33,31,27,27,27,13,13,15,53,53,28,28,28,28,47,35,35,35,54,53,51,64,48,48,0],"gold":238,"neow_bonus":"THREE_ENEMY_KILL","is_prod":false,"is_daily":false,"chose_seed":false,"campfire_upgraded":2,"win_rate":0,"timestamp":1555890512,"path_taken":["M","?","?","$","?","E","M","R","T","E","?","R","?","M","R","BOSS","M","?","?","$","?","R","E","R","T","R","M","M","?","?","R","BOSS"],"build_version":"2019-01-23","purchased_purges":0,"victory":false,"max_hp_per_floor":[66,66,66,66,66,66,66,66,66,66,66,66,66,66,66,66,66,66,66,66,66,66,66,66,66,66,66,66,66,66,66,66,66],"card_choices":[{"not_picked":["Concentrate","Prepared"],"picked":"Poisoned Stab","floor":1.0},{"not_picked":["Cloak And Dagger","Dodge and Roll"],"picked":"Flying Knee","floor":2.0},{"not_picked":["Backflip","Infinite Blades"],"picked":"Sucker Punch","floor":6.0},{"not_picked":["Riddle With Holes","Prepared"],"picked":"Dash","floor":7.0},{"not_picked":["Flying Knee","Predator"],"picked":"After Image","floor":10.0},{"not_picked":["Underhanded Strike","Deflect"],"picked":"Sucker Punch","floor":11.0},{"not_picked":["Acrobatics","Endless Agony"],"picked":"Backflip","floor":14.0},{"not_picked":["Wraith Form v2","Doppelganger"],"picked":"A Thousand Cuts","floor":16.0},{"not_picked":["Bane","Choke"],"picked":"Dodge and Roll","floor":18.0},{"not_picked":["Acrobatics","PiercingWail+1"],"picked":"Cloak And Dagger","floor":19},{"not_picked":["Dodge and Roll","Predator"],"picked":"Noxious Fumes","floor":24},{"not_picked":["Finisher","Acrobatics+1"],"picked":"Well Laid Plans","floor":28},{"not_picked":["Bane","Slice"],"picked":"Catalyst+1","floor":29},{"not_picked":["Deadly Poison+1","Well Laid Plans"],"picked":"Dagger Spray","floor":31}],"player_experience":652485,"relics_obtained":[{"floor":6.0,"key":"Girya"},{"floor":9.0,"key":"PreservedInsect"},{"floor":10.0,"key":"Gambling Chip"},{"floor":19,"key":"Red Mask"},{"floor":24,"key":"Bag of Preparation"},{"floor":26,"key":"Toxic Egg 2"}],"event_choices":[{"damage_healed":0.0,"max_hp_gain":0.0,"max_hp_loss":0.0,"gold_gain":0.0,"event_name":"Scrap Ooze","player_choice":"Success","floor":3.0,"gold_loss":0.0,"damage_taken":26.0,"relics_obtained":["Anchor"]},{"damage_healed":0.0,"max_hp_gain":0.0,"max_hp_loss":0.0,"gold_gain":0.0,"event_name":"Match and Keep!","player_choice":"0 cards matched","floor":5.0,"gold_loss":0.0,"damage_taken":0.0,"cards_obtained":[]},{"damage_healed":0.0,"max_hp_gain":0.0,"max_hp_loss":0.0,"gold_gain":0.0,"event_name":"Living Wall","player_choice":"Grow","floor":13.0,"gold_loss":0.0,"damage_taken":0.0,"cards_upgraded":["Neutralize"]},{"damage_healed":0,"gold_gain":0,"player_choice":"Fought Bandits","damage_taken":0,"max_hp_gain":0,"max_hp_loss":0,"event_name":"Masked Bandits","floor":19,"gold_loss":0},{"damage_healed":0,"gold_gain":0,"player_choice":"Ignored","damage_taken":0,"max_hp_gain":0,"max_hp_loss":0,"event_name":"Beggar","floor":20,"gold_loss":0},{"damage_healed":0,"gold_gain":0,"player_choice":"Simplicity","damage_taken":0,"max_hp_gain":0,"max_hp_loss":0,"event_name":"Back to Basics","floor":22,"gold_loss":0,"cards_upgraded":["Defend_G","Defend_G","Defend_G","Defend_G","Defend_G","Strike_G","Strike_G","Strike_G","Strike_G","Strike_G"]},{"damage_healed":13,"gold_gain":0,"player_choice":"Heal","damage_taken":0,"max_hp_gain":0,"max_hp_loss":0,"event_name":"The Library","floor":30,"gold_loss":0}],"is_beta":false,"boss_relics":[{"not_picked":["Snecko Eye","Velvet Choker"],"picked":"Sozu"}],"items_purged_floors":[],"is_endless":false,"potions_floor_spawned":[1,10,14,24,31],"killed_by":"Collector","ascension_level":20}