{"gold_per_floor":[117,135,135,151,94,127,68,68,68,68,80,80,114,125,125,222,222,207,217,7,7,7,37,51,61,137,137,169,185,185,202,202,303,303,316,335,335,335,119,119,134,134,206,206,217,217,250,50,50,50],"floor_reached":50,"playtime":1802,"items_purged":["Strike_G"],"score":784,"play_id":"583d5476-2f8a-4656-a491-fbcd1b1f6c40","local_time":"20180811004601","is_ascension_mode":true,"campfire_choices":[{"data":"Neutralize","floor":8,"key":"SMITH"},{"data":"Noxious Fumes","floor":10,"key":"SMITH"},{"data":"Caltrops","floor":15,"key":"SMITH"},{"floor":27,"key":"REST"},{"floor":30,"key":"REST"},{"floor":32,"key":"REST"},{"floor":40,"key":"REST"},{"floor":42,"key":"REST"},{"data":"Noxious Fumes","floor":44,"key":"SMITH"},{"data":"Noxious Fumes","floor":46,"key":"SMITH"},{"floor":49,"key":"REST"}],"neow_cost":"NONE","seed_source_timestamp":2951016893058864,"circlet_count":0,"master_deck":["Defend_G","Defend_G","Defend_G","Defend_G","Defend_G","Strike_G","Strike_G","Strike_G","Survivor","Neutralize+1","Cloak And Dagger","Crippling Poison","Noxious Fumes+1","Infinite Blades","Caltrops+1","Quick Slash+1","Adrenaline","Venomology","Finisher+1","Quick Slash+1","Noxious Fumes+1","Predator+1","Dodge and Roll+1","Quick Slash+1","Caltrops+1","Quick Slash+1","Terror+1","After Image","Noxious Fumes+1","Cloak And Dagger","PiercingWail+1","Flying Knee+1","Cloak And Dagger+1","Madness","Madness","Caltrops","Backflip+1","Dodge and Roll","Noxious Fumes","Leg Sweep","Corpse Explosion","Crippling Poison+1"],"relics":["Runic Dome","The Courier","Molten Egg 2","Gremlin Horn","Darkstone Periapt","Lizard Tail","Mercury Hourglass","Incense Burner","Dodecahedron","Dream Catcher","Orrery","TwistedFunnel","Pantograph","Letter Opener"],"potions_floor_usage":[6,6,13,16,16,18,19,23,23,24,28,31,33,33,35,36,45,47,50,50,50],"damage_taken":[{"damage":0,"enemies":"Cultist","floor":1,"turns":5},{"damage":6,"enemies":"Jaw Worm","floor":2,"turns":4},{"damage":0,"enemies":"2 Louse","floor":4,"turns":3},{"damage":26,"enemies":"Gremlin Nob","floor":6,"turns":5},{"damage":4,"enemies":"2 Fungi Beasts","floor":11,"turns":3},{"damage":1,"enemies":"Lagavulin","floor":13,"turns":7},{"damage":0,"enemies":"Exordium Thugs","floor":14,"turns":5},{"damage":11,"enemies":"Hexaghost","floor":16,"turns":9},{"damage":16,"enemies":"2 Thieves","floor":18,"turns":4},{"damage":5,"enemies":"Shell Parasite","floor":19,"turns":5},{"damage":49,"enemies":"Slavers","floor":23,"turns":4},{"damage":11,"enemies":"3 Cultists","floor":24,"turns":4},{"damage":10,"enemies":"Cultist and Chosen","floor":25,"turns":4},{"damage":0,"enemies":"Gremlin Leader","floor":28,"turns":5},{"damage":25,"enemies":"Sentry and Sphere","floor":29,"turns":5},{"damage":23,"enemies":"Centurion and Healer","floor":31,"turns":4},{"damage":13,"enemies":"Collector","floor":33,"turns":7},{"damage":4,"enemies":"3 Shapes","floor":35,"turns":6},{"damage":10,"enemies":"Flame Bruiser 1 Orb","floor":36,"turns":5},{"damage":25,"enemies":"Sphere and 2 Shapes","floor":41,"turns":4},{"damage":0,"enemies":"Flame Bruiser 2 Orb","floor":45,"turns":5},{"damage":30,"enemies":"Nemesis","floor":47,"turns":7},{"damage":70,"enemies":"Time Eater","floor":50,"turns":8}],"seed_played":"3114102802823167735","potions_obtained":[{"floor":4,"key":"Fire Potion"},{"floor":6,"key":"SkillPotion"},{"floor":11,"key":"EssenceOfSteel"},{"floor":13,"key":"EssenceOfSteel"},{"floor":14,"key":"GamblersBrew"},{"floor":19,"key":"Explosive Potion"},{"floor":24,"key":"Fire Potion"},{"floor":25,"key":"Dexterity Potion"},{"floor":33,"key":"AttackPotion"}],"is_trial":false,"path_per_floor":["M","M","?","M","$","E","$","R","T","R","M","?","E","M","R","B",null,"M","M","$","?","?","E","M","M","T","R","E","M","R","M","R","B",null,"M","M","?","?","$","R","M","R","T","R","M","R","E","$","R"],"character_chosen":"THE_SILENT","items_purchased":["Regen Potion","Caltrops","Mercury Hourglass","TwistedFunnel","Noxious Fumes","Leg Sweep","Corpse Explosion"],"campfire_rested":6,"item_purchase_floors":[5,7,20,39,48,48,48],"current_hp_per_floor":[63,57,54,54,54,42,42,42,42,42,38,31,30,30,30,19,57,53,48,48,48,48,7,35,25,25,46,46,21,42,19,40,27,59,55,45,45,36,36,57,32,53,53,53,53,53,23,23,44,0],"gold":50,"neow_bonus":"BOSS_RELIC","is_prod":false,"is_daily":false,"chose_seed":false,"campfire_upgraded":5,"win_rate":0,"timestamp":1533962761,"path_taken":["M","M","?","M","$","E","$","R","T","R","?","?","E","M","R","BOSS","M","M","$","?","?","E","M","?","T","R","E","M","R","M","R","BOSS","M","M","?","?","$","R","M","R","T","R","M","R","E","$","R","BOSS"],"build_version":"2018-08-09","purchased_purges":1,"victory":false,"max_hp_per_floor":[70,70,70,70,70,70,70,70,70,70,70,70,70,70,70,70,70,70,70,70,70,70,70,70,70,70,70,70,70,70,70,70,70,70,70,70,70,70,70,70,70,70,70,70,70,70,70,70,70,70],"card_choices":[{"not_picked":["Dagger Spray","Setup"],"picked":"Cloak And Dagger","floor":1},{"not_picked":["Flechettes","Poisoned Stab"],"picked":"Crippling Poison","floor":2},{"not_picked":["Underhanded Strike","Leg Sweep"],"picked":"Noxious Fumes","floor":4},{"not_picked":["Dagger Throw","Die Die Die"],"picked":"Infinite Blades","floor":6},{"not_picked":["Tactician","Distraction","Expertise"],"picked":"SKIP","floor":11},{"not_picked":["Deflect","Reflex"],"picked":"Quick Slash+1","floor":13},{"not_picked":["Bane+1","PiercingWail"],"picked":"Adrenaline","floor":14},{"not_picked":["Unload+1","Wraith Form v2"],"picked":"Venomology","floor":16},{"not_picked":["Poisoned Stab+1","Choke+1"],"picked":"Finisher+1","floor":18},{"not_picked":["Deflect+1","Flechettes+1"],"picked":"Quick Slash+1","floor":19},{"not_picked":["PiercingWail","Crippling Poison"],"picked":"Predator+1","floor":23},{"not_picked":["Poisoned Stab+1","Acrobatics+1","Prepared"],"picked":"SKIP","floor":24},{"not_picked":["Poisoned Stab+1","Deflect+1"],"picked":"Dodge and Roll+1","floor":25},{"not_picked":["Concentrate+1","Deflect"],"picked":"Quick Slash+1","floor":28},{"not_picked":["Underhanded Strike+1","Outmaneuver"],"picked":"Caltrops+1","floor":29},{"not_picked":["Outmaneuver","Reflex+1"],"picked":"Quick Slash+1","floor":31},{"not_picked":["Dodge and Roll","Quick Slash+1"],"picked":"Terror+1","floor":32},{"not_picked":["Envenom","Tools of the Trade"],"picked":"After Image","floor":33},{"not_picked":["Night Terror","Flying Knee+1"],"picked":"Noxious Fumes","floor":34},{"not_picked":["Distraction","PiercingWail"],"picked":"Cloak And Dagger","floor":34},{"not_picked":["Acrobatics","Expertise+1"],"picked":"PiercingWail+1","floor":34},{"not_picked":["Tactician+1","Flechettes+1"],"picked":"Flying Knee+1","floor":35},{"not_picked":["Distraction","Underhanded Strike+1"],"picked":"Cloak And Dagger+1","floor":36},{"not_picked":["Dagger Spray+1","Deflect"],"picked":"Caltrops","floor":40},{"not_picked":["Eviscerate+1","Poisoned Stab+1","Venomology"],"picked":"SKIP","floor":41},{"not_picked":["Terror+1","Well Laid Plans+1"],"picked":"Backflip+1","floor":42},{"not_picked":["Calculated Gamble+1","Dagger Throw+1","Terror+1"],"picked":"SKIP","floor":45},{"not_picked":["PiercingWail","Dagger Spray+1"],"picked":"Dodge and Roll","floor":47},{"not_picked":["Finisher+1","Slice+1"],"picked":"Crippling Poison+1","floor":49}],"player_experience":245788,"relics_obtained":[{"floor":6,"key":"Molten Egg 2"},{"floor":9,"key":"Gremlin Horn"},{"floor":13,"key":"Darkstone Periapt"},{"floor":23,"key":"Incense Burner"},{"floor":26,"key":"Dodecahedron"},{"floor":28,"key":"Dream Catcher"},{"floor":43,"key":"Pantograph"},{"floor":47,"key":"Letter Opener"}],"event_choices":[{"event_name":"Scrap Ooze","player_choice":"success","floor":3,"damage_taken":3},{"event_name":"Golden Wing","player_choice":"Card Removal","floor":12,"damage_taken":0},{"event_name":"The Library","player_choice":"Read","floor":21,"damage_taken":0},{"event_name":"Addict","player_choice":"Ignored","floor":22,"damage_taken":0},{"event_name":"Mysterious Sphere","player_choice":"Ignore","floor":37,"damage_taken":0},{"event_name":"Winding Halls","player_choice":"Embrace Madness","floor":38,"damage_taken":0}],"is_beta":false,"boss_relics":[{"not_picked":["Busted Crown","Runic Pyramid"],"picked":"Lizard Tail"},{"not_picked":["Fusion Hammer","Cursed Key"],"picked":"Orrery"}],"items_purged_floors":[39],"is_endless":false,"potions_floor_spawned":[4,6,11,13,14,19,24,25,29,33,41,47],"killed_by":"Time Eater","ascension_level":6}