{"gold_per_floor":[113,113,62,79,98,98,125,138,138,149,149,167,183,183,183,287,287,299,20,20,20,39,39,71,71,97,97,127,140,153,168,168,270,270,289,306,318,329,343,343],"floor_reached":40,"playtime":7945,"items_purged":[],"score":459,"play_id":"94e3ffbb-6da1-4489-b289-abc413a4e739","local_time":"20180630232832","is_ascension_mode":false,"campfire_choices":[{"floor":6.0,"key":"REST"},{"floor":11.0,"key":"REST"},{"floor":15.0,"key":"REST"},{"floor":23.0,"key":"REST"},{"data":"Flex","floor":25.0,"key":"SMITH"},{"data":"Body Slam","floor":27.0,"key":"SMITH"},{"floor":32,"key":"REST"}],"neow_cost":"","seed_source_timestamp":0,"circlet_count":0,"master_deck":["Strike_R","Strike_R","Strike_R","Strike_R","Strike_R","Defend_R","Defend_R","Defend_R","Defend_R","Bash","Body Slam+1","Perfected Strike","Clash","Flex+1","Clothesline","Dropkick","Ghostly Armor+1","Pommel Strike","Reaper","Headbutt+1","Headbutt","Sword Boomerang+1","Metallicize","Pommel Strike","Clothesline+1","Iron Wave","Anger","Shrug It Off+1","Offering+1","Armaments+1","Cleave+1","Twin Strike","Twin Strike","Perfected Strike+1"],"special_seed":0,"relics":["Burning Blood","Charon\u0027s Ashes","Centennial Puzzle","Toxic Egg 2","Runic Dome","Shuriken","Bag of Marbles","Pen Nib","Anchor","Dream Catcher","Runic Cube"],"potions_floor_usage":[30,30],"damage_taken":[{"damage":10.0,"enemies":"2 Louse","floor":1.0,"turns":4.0},{"damage":11.0,"enemies":"Jaw Worm","floor":4.0,"turns":6.0},{"damage":1.0,"enemies":"Cultist","floor":5.0,"turns":4.0},{"damage":22.0,"enemies":"3 Sentries","floor":7.0,"turns":8.0},{"damage":16.0,"enemies":"Red Slaver","floor":8.0,"turns":4.0},{"damage":14.0,"enemies":"Lots of Slimes","floor":10.0,"turns":5.0},{"damage":12.0,"enemies":"3 Louse","floor":12.0,"turns":3.0},{"damage":8.0,"enemies":"2 Fungi Beasts","floor":13.0,"turns":4.0},{"damage":53.0,"enemies":"The Guardian","floor":16.0,"turns":10.0},{"damage":7.0,"enemies":"2 Thieves","floor":18.0,"turns":4.0},{"damage":10.0,"enemies":"3 Byrds","floor":22.0,"turns":3.0},{"damage":25.0,"enemies":"Gremlin Leader","floor":24.0,"turns":5.0},{"damage":9.0,"enemies":"Slavers","floor":28.0,"turns":4.0},{"damage":41.0,"enemies":"Cultist and Chosen","floor":29.0,"turns":6.0},{"damage":11,"enemies":"Sentry and Sphere","floor":30,"turns":4},{"damage":4,"enemies":"Snake Plant","floor":31,"turns":3},{"damage":90,"enemies":"Champ","floor":33,"turns":9},{"damage":0,"enemies":"Orb Walker","floor":35,"turns":2},{"damage":26,"enemies":"3 Darklings","floor":36,"turns":5},{"damage":21,"enemies":"Maw","floor":37,"turns":7},{"damage":26,"enemies":"4 Shapes","floor":38,"turns":3},{"damage":19,"enemies":"3 Darklings","floor":39,"turns":4},{"damage":69,"enemies":"Giant Head","floor":40,"turns":7}],"seed_played":"-4830274057912248082","potions_obtained":[{"floor":1.0,"key":"AttackPotion"},{"floor":4.0,"key":"Poison Potion"},{"floor":16.0,"key":"Fruit Juice"},{"floor":22.0,"key":"Fruit Juice"},{"floor":38,"key":"FearPotion"}],"is_trial":false,"path_per_floor":["M","?","$","M","M","R","E","M","T","M","R","M","M","$","R","B",null,"M","$","T","?","M","R","E","R","T","R","E","M","M","M","R","B",null,"M","M","M","M","M"],"character_chosen":"IRONCLAD","items_purchased":["Energy Potion","Headbutt","Shuriken"],"campfire_rested":5,"item_purchase_floors":[],"current_hp_per_floor":[76,58,58,53,58,80,64,54,54,46,70,64,62,62,80,33,80,79,79,79,64,61,85,66,66,66,66,76,50,55,57,85,8,95,95,75,60,60,47,0],"gold":343,"neow_bonus":"","is_prod":false,"is_daily":false,"chose_seed":false,"campfire_upgraded":2,"win_rate":0.0,"timestamp":1530415712,"path_taken":["M","?","$","M","M","R","E","M","T","M","R","M","?","$","R","BOSS","M","$","?","?","M","R","E","R","T","R","E","M","M","M","R","BOSS","M","?","M","?","M","E"],"build_version":"2018-06-28","purchased_purges":0,"victory":false,"max_hp_per_floor":[80,80,80,80,80,80,80,80,80,80,80,80,80,80,80,80,80,80,80,80,85,85,85,85,85,85,85,85,85,95,95,95,95,95,95,95,95,95,95,95],"card_choices":[{"not_picked":["Dropkick","Searing Blow"],"picked":"Body Slam","floor":1.0},{"not_picked":["Thunderclap","Warcry"],"picked":"Perfected Strike","floor":4.0},{"not_picked":["Warcry","Anger"],"picked":"Clash","floor":5.0},{"not_picked":["Twin Strike","Power Through"],"picked":"Flex","floor":7.0},{"not_picked":["Brutality","Armaments"],"picked":"Clothesline","floor":8.0},{"not_picked":["Warcry+1","Ghostly Armor+1"],"picked":"Dropkick","floor":10.0},{"not_picked":["Warcry+1","Clothesline"],"picked":"Ghostly Armor+1","floor":12.0},{"not_picked":["Armaments+1","Cleave"],"picked":"Pommel Strike","floor":13.0},{"not_picked":["Brutality","Dark Embrace"],"picked":"Reaper","floor":16.0},{"not_picked":["Thunderclap","Pommel Strike+1"],"picked":"Headbutt+1","floor":18.0},{"not_picked":["Iron Wave","Flame Barrier+1"],"picked":"Sword Boomerang+1","floor":22.0},{"not_picked":["Dark Embrace","Warcry+1"],"picked":"Metallicize","floor":24.0},{"not_picked":["Clothesline","Battle Trance+1"],"picked":"Pommel Strike","floor":28.0},{"not_picked":["Disarm+1","True Grit+1"],"picked":"Clothesline+1","floor":29},{"not_picked":["Shockwave+1","Sever Soul"],"picked":"Iron Wave","floor":30},{"not_picked":["Pommel Strike","Sword Boomerang"],"picked":"Anger","floor":31},{"not_picked":["Uppercut","True Grit+1"],"picked":"Shrug It Off+1","floor":32},{"not_picked":["Dark Embrace","Bludgeon"],"picked":"Offering+1","floor":33},{"not_picked":["Intimidate+1","Anger"],"picked":"Armaments+1","floor":35},{"not_picked":["Twin Strike","Combust+1"],"picked":"Cleave+1","floor":36},{"not_picked":["Power Through+1","Dropkick+1"],"picked":"Twin Strike","floor":37},{"not_picked":["Pommel Strike+1","True Grit+1"],"picked":"Twin Strike","floor":38},{"not_picked":["Clash+1","Pommel Strike+1"],"picked":"Perfected Strike+1","floor":39}],"player_experience":0,"relics_obtained":[{"floor":7.0,"key":"Centennial Puzzle"},{"floor":9.0,"key":"Toxic Egg 2"},{"floor":20.0,"key":"Bag of Marbles"},{"floor":24.0,"key":"Pen Nib"},{"floor":26.0,"key":"Anchor"},{"floor":28.0,"key":"Dream Catcher"}],"event_choices":[{"event_name":"Scrap Ooze","player_choice":"success","floor":2.0,"damage_taken":18.0},{"event_name":"Forgotten Altar","player_choice":"Shed Blood","floor":21.0,"damage_taken":0.0}],"boss_relics":[{"not_picked":["Snecko Eye","Empty Cage"],"picked":"Runic Dome"},{"not_picked":["Lizard Tail","Astrolabe"],"picked":"Runic Cube"}],"items_purged_floors":[],"is_endless":false,"potions_floor_spawned":[1,4,13,16,22,29,38],"killed_by":"Giant Head","ascension_level":0}