{"gold_per_floor":[218,230,4,54,72,72,122,141,141,173,184,217,217],"floor_reached":13,"playtime":360,"items_purged":[],"score":190,"play_id":"e7186e3a-5f09-4e7a-ba04-acffba7d30bc","local_time":"20190605143053","is_ascension_mode":true,"campfire_choices":[{"data":"Noxious Fumes","floor":6.0,"key":"SMITH"}],"neow_cost":"NONE","seed_source_timestamp":0,"circlet_count":0,"master_deck":["AscendersBane","Defend_G","Defend_G","Defend_G","Defend_G","Defend_G","Strike_G","Strike_G","Strike_G","Strike_G","Strike_G","Survivor","Neutralize","All Out Attack","Noxious Fumes+1","Riddle With Holes","Backflip","Crippling Poison","Blur"],"special_seed":0,"relics":["Ring of the Snake","Membership Card","Gremlin Horn","Mummified Hand","Art of War"],"potions_floor_usage":[12],"damage_taken":[{"damage":0.0,"enemies":"Cultist","floor":1.0,"turns":5.0},{"damage":0.0,"enemies":"Jaw Worm","floor":2.0,"turns":5.0},{"damage":6.0,"enemies":"2 Louse","floor":5.0,"turns":3.0},{"damage":23.0,"enemies":"Exordium Thugs","floor":8.0,"turns":4.0},{"damage":21.0,"enemies":"Lagavulin","floor":10.0,"turns":8.0},{"damage":0.0,"enemies":"Blue Slaver","floor":11.0,"turns":5.0},{"damage":2,"enemies":"Gremlin Nob","floor":12,"turns":4},{"damage":4,"enemies":"Exordium Wildlife","floor":13,"turns":2}],"seed_played":"5256575395377077888","potions_obtained":[{"floor":1.0,"key":"SpeedPotion"},{"floor":2.0,"key":"GhostInAJar"},{"floor":10.0,"key":"PowerPotion"},{"floor":12,"key":"Dexterity Potion"}],"is_trial":false,"path_per_floor":["M","M","$","?","M","R","?","M","T","E","M","E","M"],"character_chosen":"THE_SILENT","items_purchased":["Membership Card"],"campfire_rested":0,"item_purchase_floors":[3],"current_hp_per_floor":[59,59,59,53,47,47,47,24,24,3,3,1,0],"gold":217,"neow_bonus":"HUNDRED_GOLD","is_prod":false,"is_daily":false,"chose_seed":false,"campfire_upgraded":1,"win_rate":0,"timestamp":1559759453,"path_taken":["M","M","$","?","?","R","?","M","T","E","?","E","M"],"build_version":"2019-01-23","purchased_purges":0,"victory":false,"max_hp_per_floor":[66,66,66,66,66,66,66,66,66,66,66,66,66],"card_choices":[{"not_picked":["Bouncing Flask","Flying Knee"],"picked":"All Out Attack","floor":1.0},{"not_picked":["Setup","Choke"],"picked":"Noxious Fumes","floor":2.0},{"not_picked":["Slice","Prepared"],"picked":"Riddle With Holes","floor":5.0},{"not_picked":["Acrobatics","Underhanded Strike"],"picked":"Backflip","floor":8.0},{"not_picked":["Grand Finale","Tactician","Prepared"],"picked":"SKIP","floor":10.0},{"not_picked":["Deadly Poison","Outmaneuver"],"picked":"Crippling Poison","floor":11.0},{"not_picked":["Deadly Poison","Sucker Punch"],"picked":"Blur","floor":12}],"player_experience":726676,"relics_obtained":[{"floor":9.0,"key":"Gremlin Horn"},{"floor":10.0,"key":"Mummified Hand"},{"floor":12,"key":"Art of War"}],"event_choices":[{"damage_healed":0.0,"max_hp_gain":0.0,"max_hp_loss":0.0,"gold_gain":50.0,"event_name":"FaceTrader","player_choice":"Touch","floor":4.0,"gold_loss":0.0,"damage_taken":6.0},{"damage_healed":0.0,"max_hp_gain":0.0,"max_hp_loss":0.0,"gold_gain":50.0,"event_name":"Golden Shrine","player_choice":"Pray","floor":7.0,"gold_loss":0.0,"damage_taken":0.0}],"is_beta":false,"boss_relics":[],"items_purged_floors":[],"is_endless":false,"potions_floor_spawned":[1,2,10,12],"killed_by":"Exordium Wildlife","ascension_level":20}