{"gold_per_floor":[360,535,269,282,182,216,231,231,231,196,209,209,240,145,145,248,248,262,64,64,64,164,194,194,225,225,244,244],"floor_reached":28,"playtime":1047,"items_purged":["Doubt","Strike_B","Strike_B"],"score":418,"play_id":"27e5c55c-b455-4585-bb09-5ba8f010d45d","local_time":"20190709191226","is_ascension_mode":true,"campfire_choices":[{"data":"Zap","floor":8,"key":"SMITH"},{"data":"Coolheaded","floor":15,"key":"SMITH"},{"floor":24,"key":"REST"}],"neow_cost":"PERCENT_DAMAGE","seed_source_timestamp":2043877755215,"circlet_count":0,"master_deck":["AscendersBane","Defend_B","Defend_B","Defend_B","Defend_B","Zap+1","Dualcast","Steam","Doom and Gloom","Coolheaded+1","Biased Cognition","Sunder","Chaos","Core Surge","Doom and Gloom","Chaos","Seek"],"relics":["Cracked Core","ClockworkSouvenir","Strawberry","Dodecahedron","Pantograph","Orrery","Happy Flower","Pear","Kunai"],"potions_floor_usage":[13,14,25,25,25],"damage_taken":[{"damage":3,"enemies":"2 Louse","floor":1,"turns":3},{"damage":4,"enemies":"Small Slimes","floor":4,"turns":4},{"damage":30,"enemies":"3 Sentries","floor":6,"turns":7},{"damage":1,"enemies":"Cultist","floor":7,"turns":3},{"damage":0,"enemies":"Large Slime","floor":11,"turns":4},{"damage":10,"enemies":"Lagavulin","floor":13,"turns":7},{"damage":26,"enemies":"The Guardian","floor":16,"turns":14},{"damage":13,"enemies":"3 Byrds","floor":18,"turns":4},{"damage":31,"enemies":"Gremlin Leader","floor":23,"turns":8},{"damage":61,"enemies":"Book of Stabbing","floor":25,"turns":6},{"damage":1,"enemies":"Chosen","floor":27,"turns":6},{"damage":10,"enemies":"Sentry and Sphere","floor":28,"turns":2}],"seed_played":"-118150654261310781","potions_obtained":[{"floor":7,"key":"SteroidPotion"},{"floor":11,"key":"Explosive Potion"},{"floor":13,"key":"SteroidPotion"},{"floor":23,"key":"SteroidPotion"},{"floor":27,"key":"Dexterity Potion"}],"is_trial":false,"path_per_floor":["M","?","$","M","$","E","M","R","T","?","M","?","E","$","R","B",null,"M","$","?","?","?","E","R","E","T","M","M"],"character_chosen":"DEFECT","items_purchased":["ClockworkSouvenir","Fruit Juice","Core Surge"],"campfire_rested":1,"item_purchase_floors":[3,14,19],"current_hp_per_floor":[47,47,47,43,43,20,19,19,19,39,39,44,34,39,39,38,79,66,66,66,66,66,35,62,11,11,10,0],"gold":244,"neow_bonus":"TWO_FIFTY_GOLD","is_prod":false,"is_daily":false,"chose_seed":false,"campfire_upgraded":2,"win_rate":0,"timestamp":1562692346,"path_taken":["M","?","$","M","$","E","M","R","T","?","M","?","E","$","R","BOSS","M","$","?","?","?","E","R","E","T","?","M"],"build_version":"2019-07-05","purchased_purges":3,"victory":false,"max_hp_per_floor":[75,75,75,75,75,82,82,82,82,82,82,87,87,92,92,92,92,92,92,92,92,92,92,92,102,102,102,102],"card_choices":[{"not_picked":["Conserve Battery","Compile Driver"],"picked":"Steam","floor":1},{"not_picked":["Turbo","Hologram"],"picked":"Doom and Gloom","floor":4},{"not_picked":["Doom and Gloom","Rebound","Lockon"],"picked":"SKIP","floor":6},{"not_picked":["Conserve Battery","Recycle","Undo"],"picked":"SKIP","floor":7},{"not_picked":["Auto Shields","Double Energy","Ball Lightning"],"picked":"SKIP","floor":11},{"not_picked":["Force Field","Rainbow"],"picked":"Coolheaded","floor":13},{"not_picked":["Electrodynamics","Reboot"],"picked":"Biased Cognition","floor":16},{"not_picked":["Barrage","Compile Driver"],"picked":"Sunder","floor":17},{"not_picked":["Hologram","Barrage"],"picked":"Chaos","floor":17},{"not_picked":["Darkness","Sweeping Beam+1","Heatsinks"],"picked":"SKIP","floor":18},{"not_picked":["Tempest+1","Compile Driver"],"picked":"Seek","floor":23},{"not_picked":["Reprogram+1","Blizzard","Beam Cell"],"picked":"SKIP","floor":25},{"not_picked":["Barrage","Go for the Eyes","Streamline"],"picked":"SKIP","floor":27}],"player_experience":57110,"relics_obtained":[{"floor":6,"key":"Strawberry"},{"floor":9,"key":"Dodecahedron"},{"floor":13,"key":"Pantograph"},{"floor":23,"key":"Happy Flower"},{"floor":25,"key":"Pear"},{"floor":26,"key":"Kunai"}],"event_choices":[{"damage_healed":0,"gold_gain":175,"player_choice":"AGREE","damage_taken":0,"max_hp_gain":0,"max_hp_loss":0,"event_name":"Liars Game","floor":2,"gold_loss":0,"cards_obtained":["Doubt"]},{"damage_healed":20,"gold_gain":0,"player_choice":"Healed","damage_taken":0,"max_hp_gain":0,"max_hp_loss":0,"event_name":"The Cleric","floor":10,"gold_loss":35},{"damage_healed":0,"gold_gain":0,"player_choice":"Donut","damage_taken":0,"max_hp_gain":5,"max_hp_loss":0,"event_name":"Big Fish","floor":12,"gold_loss":0},{"damage_healed":0,"gold_gain":0,"cards_transformed":["Strike_B","Strike_B"],"player_choice":"Became Test Subject","damage_taken":0,"max_hp_gain":0,"max_hp_loss":0,"event_name":"Drug Dealer","floor":20,"gold_loss":0,"cards_obtained":["Doom and Gloom","Chaos"]},{"damage_healed":0,"gold_gain":100,"player_choice":"Pray","damage_taken":0,"max_hp_gain":0,"max_hp_loss":0,"event_name":"Golden Shrine","floor":22,"gold_loss":0}],"is_beta":false,"boss_relics":[{"not_picked":["Runic Dome","Snecko Eye"],"picked":"Orrery"}],"items_purged_floors":[3,5,19],"is_endless":false,"potions_floor_spawned":[7,11,13,23,27],"killed_by":"Sentry and Sphere","ascension_level":10}