{"gold_per_floor":[113,38,53,53,3,3,3,22,98,15,47,47,74,94,94,193,193,207,219,119,131,56,56,90,90,90,90,110,128,128,128,128,128],"floor_reached":33,"playtime":786,"items_purged":["Strike_R","Defend_R"],"score":300,"play_id":"9dfa2c1f-f5e9-46a3-8900-5866a4a935b6","local_time":"20190115122839","is_ascension_mode":true,"campfire_choices":[{"data":"Bash","floor":6,"key":"SMITH"},{"floor":12,"key":"REST"},{"floor":15,"key":"REST"},{"floor":23,"key":"REST"},{"floor":25,"key":"REST"},{"floor":32,"key":"REST"}],"neow_cost":"NONE","seed_source_timestamp":471797896335538,"circlet_count":0,"master_deck":["Strike_R+1","Strike_R+1","Defend_R","Defend_R","Bash+1","Ghostly Armor","Blind","Clash","Dual Wield","Demon Form"],"relics":["Burning Blood","NeowsBlessing","Blue Candle","Shuriken","Mercury Hourglass","Runic Cube","Paper Frog","Regal Pillow","MutagenicStrength"],"potions_floor_usage":[16,16,18,19,33],"damage_taken":[{"damage":0,"enemies":"Cultist","floor":1,"turns":1},{"damage":0,"enemies":"Jaw Worm","floor":3,"turns":1},{"damage":0,"enemies":"Small Slimes","floor":8,"turns":1},{"damage":24,"enemies":"Gremlin Nob","floor":11,"turns":4},{"damage":11,"enemies":"Lagavulin","floor":13,"turns":5},{"damage":1,"enemies":"Blue Slaver","floor":14,"turns":3},{"damage":20,"enemies":"The Guardian","floor":16,"turns":7},{"damage":25,"enemies":"Shell Parasite","floor":18,"turns":7},{"damage":16,"enemies":"Chosen","floor":19,"turns":6},{"damage":18,"enemies":"Snake Plant","floor":21,"turns":4},{"damage":57,"enemies":"Book of Stabbing","floor":24,"turns":8},{"damage":12,"enemies":"Centurion and Healer","floor":28,"turns":3},{"damage":26,"enemies":"Snecko","floor":29,"turns":5},{"damage":79,"enemies":"Collector","floor":33,"turns":6}],"seed_played":"7829059912415333343","potions_obtained":[{"floor":8,"key":"Fire Potion"},{"floor":11,"key":"Dexterity Potion"},{"floor":13,"key":"Energy Potion"},{"floor":18,"key":"BloodPotion"},{"floor":21,"key":"Poison Potion"}],"is_trial":false,"path_per_floor":["M","$","M","?","?","R","?","M","T","$","E","R","E","M","R","B",null,"M","M","$","M","?","R","E","R","T","$","M","M","?","?","R","B"],"character_chosen":"IRONCLAD","items_purchased":["Blind"],"campfire_rested":5,"item_purchase_floors":[10],"current_hp_per_floor":[80,80,80,73,73,73,57,63,63,63,45,69,64,69,80,66,80,61,59,59,47,47,71,20,44,44,44,38,18,18,18,57,0],"gold":128,"neow_bonus":"THREE_ENEMY_KILL","is_prod":false,"is_daily":false,"chose_seed":false,"campfire_upgraded":1,"win_rate":0,"timestamp":1547584119,"path_taken":["M","$","M","?","?","R","?","M","T","?","E","R","E","M","R","BOSS","M","M","$","M","?","R","E","R","T","$","M","M","?","?","R","BOSS"],"build_version":"2019-01-10","purchased_purges":2,"victory":false,"max_hp_per_floor":[80,80,80,80,80,80,80,80,80,80,80,80,80,80,80,80,80,80,80,80,80,80,80,80,80,80,80,80,80,80,80,80,80],"card_choices":[{"not_picked":["Flex","Body Slam","Anger"],"picked":"SKIP","floor":1},{"not_picked":["Reckless Charge","Power Through"],"picked":"Ghostly Armor","floor":3},{"not_picked":["Flex","Hemokinesis","Twin Strike"],"picked":"SKIP","floor":8},{"not_picked":["Body Slam","Brutality"],"picked":"Clash","floor":11},{"not_picked":["Combust","Iron Wave","Heavy Blade"],"picked":"SKIP","floor":13},{"not_picked":["Twin Strike","Anger"],"picked":"Dual Wield","floor":14},{"not_picked":["Berserk","Dark Embrace"],"picked":"Demon Form","floor":16},{"not_picked":["Armaments","Anger","Battle Trance"],"picked":"SKIP","floor":18},{"not_picked":["Evolve","Sentinel+1","True Grit+1"],"picked":"SKIP","floor":19},{"not_picked":["Thunderclap","Body Slam","Cleave"],"picked":"SKIP","floor":21},{"not_picked":["Rage+1","Spot Weakness+1","Ghostly Armor"],"picked":"SKIP","floor":24},{"not_picked":["Infernal Blade","Shrug It Off","Headbutt"],"picked":"SKIP","floor":28},{"not_picked":["Havoc","Wild Strike","Shockwave"],"picked":"SKIP","floor":29}],"player_experience":133300,"relics_obtained":[{"floor":9,"key":"Blue Candle"},{"floor":11,"key":"Shuriken"},{"floor":13,"key":"Mercury Hourglass"},{"floor":24,"key":"Paper Frog"},{"floor":26,"key":"Regal Pillow"}],"event_choices":[{"cards_removed":["Defend_R"],"damage_healed":0,"gold_gain":0,"player_choice":"Card Removal","damage_taken":7,"max_hp_gain":0,"max_hp_loss":0,"event_name":"Golden Wing","floor":4,"gold_loss":0},{"cards_removed":["Strike_R"],"damage_healed":0,"gold_gain":0,"player_choice":"Card Removal","damage_taken":0,"max_hp_gain":0,"max_hp_loss":0,"event_name":"The Cleric","floor":5,"gold_loss":50},{"damage_healed":0,"gold_gain":0,"player_choice":"Entered Light","damage_taken":16,"max_hp_gain":0,"max_hp_loss":0,"event_name":"Shining Light","floor":7,"gold_loss":0,"cards_upgraded":["Strike_R","Strike_R"]},{"cards_removed":["Strike_R"],"damage_healed":0,"gold_gain":0,"player_choice":"Gave Gold","damage_taken":0,"max_hp_gain":0,"max_hp_loss":0,"event_name":"Beggar","floor":22,"gold_loss":75},{"damage_healed":0,"gold_gain":0,"player_choice":"Inject Mutagens","damage_taken":0,"relics_obtained":["MutagenicStrength"],"max_hp_gain":0,"max_hp_loss":0,"event_name":"Drug Dealer","floor":30,"gold_loss":0},{"damage_healed":0,"gold_gain":0,"player_choice":"Ignored","damage_taken":0,"max_hp_gain":0,"max_hp_loss":0,"event_name":"Vampires","floor":31,"gold_loss":0}],"is_beta":false,"boss_relics":[{"not_picked":["Tiny House","Black Blood"],"picked":"Runic Cube"}],"items_purged_floors":[2,20],"is_endless":false,"potions_floor_spawned":[8,11,13,14,18,21],"killed_by":"Collector","ascension_level":2}