{"gold_per_floor":[211,230,230,106,125,125,140,140,140,153,164,190,190,228,228,359,359,372,372,84,134,233,264,264,285,312,333,140,165,165,165],"floor_reached":31,"playtime":1357,"items_purged":[],"score":265,"play_id":"6c5c273d-ecee-41e0-807b-63922bc71dc3","local_time":"20180708182412","is_ascension_mode":false,"campfire_choices":[{"data":"Defragment","floor":6,"key":"SMITH"},{"data":"Zap","floor":8,"key":"SMITH"},{"floor":15,"key":"REST"},{"floor":24,"key":"REST"}],"neow_cost":"NONE","seed_source_timestamp":78152584735265,"circlet_count":0,"master_deck":["Strike_B","Strike_B","Strike_B","Strike_B","Defend_B","Defend_B","Defend_B","Defend_B+1","Zap+1","Dualcast","Conserve Battery","Defragment+1","Self Repair","Leap+1","Static Discharge","Darkness","Auto Shields","Ball Lightning","Ball Lightning","Echo Form","Auto Shields","Conserve Battery","Hologram","Cold Snap+1","Self Repair+1","Defragment+1"],"relics":["Cracked Core","Bottled Flame","Unceasing Top","Golden Idol","War Paint","Lizard Tail","Frozen Egg 2","Strawberry","Orichalcum","TwistedFunnel","Gremlin Horn"],"potions_floor_usage":[],"damage_taken":[{"damage":0,"enemies":"Jaw Worm","floor":1,"turns":4},{"damage":0,"enemies":"Cultist","floor":2,"turns":3},{"damage":0,"enemies":"2 Louse","floor":5,"turns":3},{"damage":18,"enemies":"Large Slime","floor":7,"turns":6},{"damage":9,"enemies":"Exordium Wildlife","floor":10,"turns":5},{"damage":3,"enemies":"2 Fungi Beasts","floor":11,"turns":4},{"damage":16,"enemies":"Lagavulin","floor":12,"turns":7},{"damage":6,"enemies":"3 Sentries","floor":14,"turns":6},{"damage":25,"enemies":"Hexaghost","floor":16,"turns":8},{"damage":47,"enemies":"Chosen","floor":18,"turns":4},{"damage":48,"enemies":"Gremlin Leader","floor":23,"turns":10},{"damage":30,"enemies":"2 Thieves","floor":25,"turns":3},{"damage":25,"enemies":"3 Cultists","floor":27,"turns":6},{"damage":11,"enemies":"Snake Plant","floor":29,"turns":4},{"damage":22,"enemies":"Snecko","floor":31,"turns":6}],"seed_played":"-5377873679518161548","potions_obtained":[{"floor":2,"key":"SkillPotion"},{"floor":5,"key":"Strength Potion"},{"floor":11,"key":"Energy Potion"}],"is_trial":false,"path_per_floor":["M","M","?","$","M","R","M","R","T","M","M","E","?","E","R","B",null,"M","?","$","?","?","E","R","M","T","M","$","M","T"],"character_chosen":"DEFECT","items_purchased":["Self Repair","Leap","Frozen Egg 2","Conserve Battery","TwistedFunnel"],"campfire_rested":2,"item_purchase_floors":[4,4,20,20,28],"current_hp_per_floor":[75,75,75,75,75,75,64,64,64,62,66,57,39,40,62,37,75,42,42,42,42,42,51,75,45,45,20,20,9,9,0],"gold":165,"neow_bonus":"HUNDRED_GOLD","is_prod":false,"is_daily":false,"chose_seed":false,"campfire_upgraded":2,"win_rate":0,"timestamp":1531088652,"path_taken":["M","M","?","$","?","R","M","R","T","M","M","E","?","E","R","BOSS","M","?","$","?","?","E","R","M","T","M","?","?","?","M"],"build_version":"2018-07-05","purchased_purges":0,"victory":false,"max_hp_per_floor":[75,75,75,75,75,75,75,75,75,75,75,75,75,75,75,75,75,75,75,75,75,75,82,82,82,82,82,82,82,82,82],"card_choices":[{"not_picked":["Undo","Double Energy"],"picked":"Conserve Battery","floor":1},{"not_picked":["Steam Power","Ball Lightning"],"picked":"Defragment","floor":2},{"not_picked":["Redo","Rebound"],"picked":"Static Discharge","floor":5},{"not_picked":["Blizzard","Barrage"],"picked":"Darkness","floor":7},{"not_picked":["Aggregate","Redo"],"picked":"Auto Shields","floor":10},{"not_picked":["Force Field","Tempest"],"picked":"Ball Lightning","floor":11},{"not_picked":["Doom and Gloom","Aggregate","Scrape"],"picked":"SKIP","floor":12},{"not_picked":["Steam Power","Amplify"],"picked":"Ball Lightning","floor":14},{"not_picked":["Buffer","Rainbow"],"picked":"Echo Form","floor":16},{"not_picked":["Scrape","Gash+1"],"picked":"Auto Shields","floor":18},{"not_picked":["Doom and Gloom+1","Turbo"],"picked":"Hologram","floor":23},{"not_picked":["Chill","Sweeping Beam"],"picked":"Cold Snap+1","floor":25},{"not_picked":["Barrage+1","Chaos"],"picked":"Self Repair+1","floor":27},{"not_picked":["Coolheaded","Hologram"],"picked":"Defragment+1","floor":29}],"player_experience":95570,"relics_obtained":[{"floor":9,"key":"Bottled Flame"},{"floor":12,"key":"Unceasing Top"},{"floor":14,"key":"War Paint"},{"floor":23,"key":"Strawberry"},{"floor":26,"key":"Orichalcum"},{"floor":30,"key":"Gremlin Horn"}],"event_choices":[{"event_name":"Liars Game","player_choice":"disagreed","floor":3,"damage_taken":0},{"event_name":"Golden Idol","player_choice":"Take Damage","floor":13,"damage_taken":0},{"event_name":"Drug Dealer","player_choice":"Ignored","floor":19,"damage_taken":0},{"event_name":"The Joust","player_choice":"Bet on Murderer","floor":21,"damage_taken":0},{"event_name":"Nest","player_choice":"Stole From Cult","floor":22,"damage_taken":0}],"boss_relics":[{"not_picked":["Coffee Dripper","Runic Pyramid"],"picked":"Lizard Tail"}],"items_purged_floors":[],"is_endless":false,"potions_floor_spawned":[2,5,11,12,27,29],"killed_by":"Snecko","ascension_level":0}