{"gold_per_floor":[109,4,154,171,190,224,224,236,236,255,255,137,157,185,185,260,260,270,270,290,290,86,86],"floor_reached":23,"playtime":809,"items_purged":["Doubt"],"score":402,"play_id":"a8e0f3e1-b2ce-425e-bece-2d285d49b6e2","local_time":"20190703053725","is_ascension_mode":true,"campfire_choices":[{"data":"Creative AI","floor":7,"key":"SMITH"},{"data":"Lockon","floor":15,"key":"SMITH"}],"neow_cost":"TEN_PERCENT_HP_LOSS","seed_source_timestamp":1657220151117600,"circlet_count":0,"master_deck":["AscendersBane","Strike_B","Strike_B","Strike_B","Strike_B","Defend_B","Defend_B+1","Defend_B","Defend_B","Zap","Dualcast","Sweeping Beam","Coolheaded","Beam Cell","Conserve Battery","Gash","Creative AI+1","Leap+1","Melter","Sunder","Lockon+1","Defragment","Rainbow","Streamline+1","Writhe","Undo","Magnetism"],"relics":["Cracked Core","FossilizedHelix","Lantern","War Paint","Cables","Letter Opener","Snecko Eye","Omamori"],"potions_floor_usage":[6,16,23],"damage_taken":[{"damage":0,"enemies":"Small Slimes","floor":1,"turns":3},{"damage":0,"enemies":"Jaw Worm","floor":4,"turns":3},{"damage":0,"enemies":"Cultist","floor":5,"turns":4},{"damage":17,"enemies":"Lagavulin","floor":6,"turns":8},{"damage":0,"enemies":"Blue Slaver","floor":8,"turns":3},{"damage":0,"enemies":"Exordium Wildlife","floor":10,"turns":3},{"damage":0,"enemies":"2 Fungi Beasts","floor":13,"turns":3},{"damage":2,"enemies":"3 Sentries","floor":14,"turns":6},{"damage":35,"enemies":"Hexaghost","floor":16,"turns":10},{"damage":0,"enemies":"Spheric Guardian","floor":18,"turns":3},{"damage":0,"enemies":"3 Byrds","floor":20,"turns":4},{"damage":55,"enemies":"Book of Stabbing","floor":23,"turns":4}],"seed_played":"4236732742170507341","potions_obtained":[{"floor":5,"key":"PowerPotion"},{"floor":10,"key":"Weak Potion"},{"floor":13,"key":"SpeedPotion"},{"floor":18,"key":"Block Potion"}],"is_trial":false,"path_per_floor":["M","$","?","M","M","E","R","M","T","M","T","$","M","E","R","B",null,"M","?","M","?","$","E"],"character_chosen":"DEFECT","items_purchased":["Coolheaded","Beam Cell","Sunder","Magnetism"],"campfire_rested":0,"item_purchase_floors":[2,2,12,22],"current_hp_per_floor":[64,64,64,64,64,47,47,47,47,47,47,47,47,45,45,10,51,51,51,51,51,51,0],"gold":86,"neow_bonus":"ONE_RARE_RELIC","is_prod":false,"is_daily":false,"chose_seed":false,"campfire_upgraded":2,"win_rate":0,"timestamp":1562157445,"path_taken":["M","$","?","M","M","E","R","M","T","M","?","?","?","E","R","BOSS","M","?","M","?","?","E"],"build_version":"2019-07-01","purchased_purges":1,"victory":false,"max_hp_per_floor":[64,64,64,64,64,64,64,64,64,64,64,64,64,64,64,64,64,64,64,64,64,64,64],"card_choices":[{"not_picked":["Undo","Coolheaded"],"picked":"Sweeping Beam","floor":1},{"not_picked":["Auto Shields","Barrage"],"picked":"Conserve Battery","floor":4},{"not_picked":["Auto Shields","Rebound"],"picked":"Gash","floor":5},{"not_picked":["Turbo","Echo Form"],"picked":"Creative AI","floor":6},{"not_picked":["Steam","Recycle"],"picked":"Leap","floor":8},{"not_picked":["Compile Driver","Barrage"],"picked":"Melter","floor":10},{"not_picked":["Blizzard","Redo"],"picked":"Lockon","floor":13},{"not_picked":["Conserve Battery","Rebound"],"picked":"Defragment","floor":14},{"not_picked":["Biased Cognition","Echo Form"],"picked":"Rainbow","floor":16},{"not_picked":["Go for the Eyes","Steam Power"],"picked":"Streamline+1","floor":18},{"not_picked":["Gash","Static Discharge","Ball Lightning"],"picked":"SKIP","floor":20}],"player_experience":1231842,"relics_obtained":[{"floor":6,"key":"Lantern"},{"floor":9,"key":"War Paint"},{"floor":11,"key":"Cables"},{"floor":14,"key":"Letter Opener"}],"event_choices":[{"damage_healed":0,"gold_gain":150,"player_choice":"AGREE","damage_taken":0,"max_hp_gain":0,"max_hp_loss":0,"event_name":"Liars Game","floor":3,"gold_loss":0,"cards_obtained":["Doubt"]},{"damage_healed":0,"gold_gain":0,"player_choice":"Opened","damage_taken":0,"relics_obtained":["Omamori"],"max_hp_gain":0,"max_hp_loss":0,"event_name":"The Mausoleum","floor":19,"gold_loss":0,"cards_obtained":["Writhe"]},{"damage_healed":0,"gold_gain":0,"player_choice":"Read","damage_taken":0,"max_hp_gain":0,"max_hp_loss":0,"event_name":"The Library","floor":21,"gold_loss":0,"cards_obtained":["Undo"]}],"is_beta":false,"boss_relics":[{"not_picked":["FrozenCore","Runic Pyramid"],"picked":"Snecko Eye"}],"items_purged_floors":[12],"is_endless":false,"potions_floor_spawned":[5,10,13,18,20],"killed_by":"Book of Stabbing","ascension_level":20}