{"gold_per_floor":[111,127,141,141,121,121,147,166,166,186,186,186,136,149,149,245,245,260,260,260,260,108,108,95,95,95,20,20,20,37,47,47,47],"floor_reached":33,"playtime":1150,"items_purged":[],"score":257,"play_id":"92b99f1f-a4a8-4efa-9112-a19bc441f087","local_time":"20190704084457","is_ascension_mode":true,"campfire_choices":[{"floor":6,"key":"REST"},{"floor":12,"key":"REST"},{"floor":15,"key":"REST"},{"floor":23,"key":"REST"},{"floor":25,"key":"REST"},{"floor":32,"key":"REST"}],"neow_cost":"NONE","seed_source_timestamp":561728300497066,"circlet_count":0,"master_deck":["Strike_B","Strike_B","Strike_B","Defend_B","Defend_B","Defend_B","Zap","Dualcast","Core Surge+1","Cold Snap","Leap","Hologram+1","Heatsinks","Tempest","Beam Cell","Defragment","Reboot","Machine Learning","Glacier","Shame","Hello World"],"relics":["Cracked Core","Dead Branch","Calipers","Gremlin Horn","Inserter","Dodecahedron","Potion Belt","Du-Vu Doll"],"potions_floor_usage":[16,16,16,30,33],"damage_taken":[{"damage":1,"enemies":"Cultist","floor":1,"turns":3},{"damage":0,"enemies":"Jaw Worm","floor":2,"turns":3},{"damage":1,"enemies":"2 Louse","floor":3,"turns":3},{"damage":17,"enemies":"Gremlin Nob","floor":7,"turns":4},{"damage":0,"enemies":"Red Slaver","floor":8,"turns":4},{"damage":3,"enemies":"Looter","floor":10,"turns":4},{"damage":16,"enemies":"Exordium Wildlife","floor":14,"turns":3},{"damage":48,"enemies":"Hexaghost","floor":16,"turns":18},{"damage":48,"enemies":"3 Byrds","floor":18,"turns":6},{"damage":17,"enemies":"2 Thieves","floor":24,"turns":4},{"damage":37,"enemies":"3 Cultists","floor":30,"turns":10},{"damage":4,"enemies":"Shelled Parasite and Fungi","floor":31,"turns":9},{"damage":33,"enemies":"Collector","floor":33,"turns":3}],"seed_played":"-708271502136141170","potions_obtained":[{"floor":3,"key":"Regen Potion"},{"floor":5,"key":"Block Potion"},{"floor":10,"key":"SkillPotion"},{"floor":16,"key":"AttackPotion"},{"floor":18,"key":"SteroidPotion"},{"floor":31,"key":"PowerPotion"}],"is_trial":false,"path_per_floor":["M","M","M","?","?","R","E","M","T","M","?","R","?","M","R","B",null,"M","?","?","?","$","R","M","R","T","?","T","?","M","M","R","B"],"character_chosen":"DEFECT","items_purchased":["Machine Learning"],"campfire_rested":6,"item_purchase_floors":[22],"current_hp_per_floor":[74,74,73,58,58,75,58,58,58,55,43,65,65,49,71,32,75,27,13,13,18,18,42,25,49,49,49,49,49,12,8,32,0],"gold":47,"neow_bonus":"ONE_RANDOM_RARE_CARD","is_prod":false,"is_daily":false,"chose_seed":false,"campfire_upgraded":0,"win_rate":0,"timestamp":1562255097,"path_taken":["M","?","M","?","?","R","E","M","T","?","?","R","?","M","R","BOSS","M","?","?","?","$","R","?","R","T","?","?","?","M","M","R","BOSS"],"build_version":"2019-07-01","purchased_purges":0,"victory":false,"max_hp_per_floor":[75,75,75,75,75,75,75,75,75,75,75,75,75,75,75,75,75,75,80,80,80,80,80,80,80,80,80,80,80,80,80,80,80],"card_choices":[{"not_picked":["Sweeping Beam","Steam"],"picked":"Cold Snap","floor":1},{"not_picked":["Compile Driver","Cold Snap"],"picked":"Leap","floor":2},{"not_picked":["Core Surge","Fusion"],"picked":"Hologram","floor":3},{"not_picked":["Leap","Ball Lightning"],"picked":"Heatsinks","floor":7},{"not_picked":["Stack","Sunder"],"picked":"Tempest","floor":8},{"not_picked":["Fusion","Double Energy"],"picked":"Beam Cell","floor":10},{"not_picked":["Sweeping Beam","Sunder"],"picked":"Defragment","floor":14},{"not_picked":["Thunder Strike","Meteor Strike"],"picked":"Reboot","floor":16},{"not_picked":["Scrape","Fusion"],"picked":"Leap","floor":18},{"not_picked":["Barrage","Cold Snap"],"picked":"Glacier","floor":24},{"not_picked":["Go for the Eyes","Gash"],"picked":"Hello World","floor":30},{"not_picked":["Sweeping Beam","Ball Lightning","Go for the Eyes"],"picked":"SKIP","floor":31}],"player_experience":273806,"relics_obtained":[{"floor":7,"key":"Dead Branch"},{"floor":9,"key":"Calipers"},{"floor":26,"key":"Dodecahedron"},{"floor":28,"key":"Potion Belt"}],"event_choices":[{"damage_healed":0,"gold_gain":0,"player_choice":"Entered Light","damage_taken":15,"max_hp_gain":0,"max_hp_loss":0,"event_name":"Shining Light","floor":4,"gold_loss":0,"cards_upgraded":["Hologram","Core Surge"]},{"damage_healed":0,"gold_gain":0,"player_choice":"Bought 1 Potion","damage_taken":0,"max_hp_gain":0,"max_hp_loss":0,"event_name":"The Woman in Blue","floor":5,"gold_loss":0},{"damage_healed":0,"gold_gain":0,"player_choice":"Success","damage_taken":12,"relics_obtained":["Gremlin Horn"],"max_hp_gain":0,"max_hp_loss":0,"event_name":"Scrap Ooze","floor":11,"gold_loss":0},{"cards_removed":["Strike_B"],"damage_healed":0,"gold_gain":0,"player_choice":"Card Removal","damage_taken":0,"max_hp_gain":0,"max_hp_loss":0,"event_name":"The Cleric","floor":13,"gold_loss":50},{"damage_healed":0,"gold_gain":0,"player_choice":"Shed Blood","damage_taken":19,"max_hp_gain":5,"max_hp_loss":0,"event_name":"Forgotten Altar","floor":19,"gold_loss":0},{"damage_healed":0,"gold_gain":0,"player_choice":"Ignored","damage_taken":0,"max_hp_gain":0,"max_hp_loss":0,"event_name":"Ghosts","floor":20,"gold_loss":0},{"cards_removed":["Leap"],"damage_healed":5,"gold_gain":0,"player_choice":"Offered Common","damage_taken":0,"max_hp_gain":0,"max_hp_loss":0,"event_name":"Bonfire Elementals","floor":21,"gold_loss":0},{"cards_removed":["Leap"],"damage_healed":5,"gold_gain":0,"player_choice":"Offered Special","damage_taken":0,"max_hp_gain":0,"max_hp_loss":0,"event_name":"Bonfire Elementals","floor":21,"gold_loss":0},{"cards_removed":["Defend_B"],"damage_healed":0,"gold_gain":0,"player_choice":"Gave Gold","damage_taken":0,"max_hp_gain":0,"max_hp_loss":0,"event_name":"Beggar","floor":27,"gold_loss":75},{"damage_healed":0,"gold_gain":0,"player_choice":"Stole Relic","damage_taken":0,"relics_obtained":["Du-Vu Doll"],"max_hp_gain":0,"max_hp_loss":0,"event_name":"Addict","floor":29,"gold_loss":0,"cards_obtained":["Shame"]}],"is_beta":false,"boss_relics":[{"not_picked":["Eternal Feather","Pandora\u0027s Box"],"picked":"Inserter"}],"items_purged_floors":[],"is_endless":false,"potions_floor_spawned":[3,10,14,16,18,31],"killed_by":"Collector","ascension_level":1}