{"gold_per_floor":[119,30,49,67,79,108,132,132],"floor_reached":8,"playtime":258,"items_purged":[],"score":116,"play_id":"ff2632f8-6afd-45b9-9dc5-28ecf5dab580","local_time":"20181109184827","is_ascension_mode":true,"campfire_choices":[],"neow_cost":"NONE","seed_source_timestamp":87604914339731,"circlet_count":0,"master_deck":["AscendersBane","Strike_B","Strike_B","Strike_B","Strike_B","Defend_B","Defend_B","Defend_B","Defend_B","Zap","Dualcast","Conserve Battery","FTL","Core Surge","Steam","Sunder","Ball Lightning","Machine Learning","Ball Lightning"],"relics":["Cracked Core","Regal Pillow","Odd Mushroom"],"potions_floor_usage":[7],"damage_taken":[{"damage":11,"enemies":"Small Slimes","floor":1,"turns":3},{"damage":6,"enemies":"2 Louse","floor":3,"turns":3},{"damage":0,"enemies":"Jaw Worm","floor":4,"turns":3},{"damage":3,"enemies":"Blue Slaver","floor":5,"turns":4},{"damage":19,"enemies":"Lagavulin","floor":6,"turns":5},{"damage":3,"enemies":"The Mushroom Lair","floor":7,"turns":3},{"damage":23,"enemies":"Gremlin Nob","floor":8,"turns":3}],"seed_played":"-5104619703605932470","potions_obtained":[{"floor":3,"key":"Explosive Potion"},{"floor":5,"key":"Explosive Potion"},{"floor":6,"key":"LiquidBronze"}],"is_trial":false,"path_per_floor":["M","$","M","M","M","E","?","E"],"character_chosen":"DEFECT","items_purchased":["Core Surge"],"campfire_rested":0,"item_purchase_floors":[2],"current_hp_per_floor":[53,53,47,47,44,25,22,0],"gold":132,"neow_bonus":"THREE_CARDS","is_prod":false,"is_daily":false,"chose_seed":false,"campfire_upgraded":0,"win_rate":0,"timestamp":1541807307,"path_taken":["M","$","M","M","M","E","?","E"],"build_version":"2018-11-08","purchased_purges":0,"victory":false,"max_hp_per_floor":[71,71,71,71,71,71,71,71],"card_choices":[{"not_picked":["Sweeping Beam","BootSequence"],"picked":"Conserve Battery","floor":0},{"not_picked":["Gash","Compile Driver"],"picked":"FTL","floor":1},{"not_picked":["Turbo","Redo"],"picked":"Steam","floor":3},{"not_picked":["Streamline","Compile Driver"],"picked":"Sunder","floor":4},{"not_picked":["Chill","Rebound"],"picked":"Ball Lightning","floor":5},{"not_picked":["Redo","Fusion"],"picked":"Machine Learning","floor":6},{"not_picked":["Chaos","Sunder"],"picked":"Ball Lightning","floor":7}],"player_experience":410761,"relics_obtained":[{"floor":6,"key":"Regal Pillow"},{"floor":7,"key":"Odd Mushroom"}],"event_choices":[{"damage_healed":0,"gold_gain":0,"player_choice":"Fought Mushrooms","damage_taken":0,"max_hp_gain":0,"max_hp_loss":0,"event_name":"Mushrooms","floor":7,"gold_loss":0}],"is_beta":false,"boss_relics":[],"items_purged_floors":[],"is_endless":false,"potions_floor_spawned":[3,5,6],"killed_by":"Gremlin Nob","ascension_level":20}