{"gold_per_floor":[117,134,145,95,95,95,120,120,147,212,227,262,262,58,58,154,154,167,182,182,196,196,196,209,209,209,140,173,133,133,162,162,261,261,280,206,225,225,238,238],"floor_reached":40,"playtime":1394,"items_purged":[],"score":626,"play_id":"c9276975-3adf-4054-a0c1-a7f96e03995b","local_time":"20180721151321","is_ascension_mode":true,"campfire_choices":[{"data":"Zap","floor":6.0,"key":"SMITH"},{"floor":8.0,"key":"REST"},{"floor":13.0,"key":"REST"},{"data":"Streamline","floor":15.0,"key":"SMITH"},{"floor":23.0,"key":"REST"},{"data":"Biased Cognition","floor":25.0,"key":"SMITH"},{"floor":30.0,"key":"REST"},{"floor":32.0,"key":"REST"}],"neow_cost":"NONE","seed_source_timestamp":1189509237551281,"circlet_count":0,"master_deck":["Zap+1","Dualcast","Streamline+1","Auto Shields","Ball Lightning","Electrodynamics","Gash","Ball Lightning","Biased Cognition+1","Streamline","Tempest","Redo","Beam Cell","Barrage","Streamline","Hologram+1","Coolheaded","Gash","Conserve Battery","Defragment","Go for the Eyes+1","Defragment","Hologram","Seek","Stack","Glacier","Hologram+1","Madness","Madness","Coolheaded+1"],"special_seed":0,"relics":["Cracked Core","Cables","Bronze Scales","Centennial Puzzle","DataDisk","Boot","ClockworkSouvenir","Pandora\u0027s Box","Shuriken","Unceasing Top","Dream Catcher","Sozu"],"potions_floor_usage":[],"damage_taken":[{"damage":0.0,"enemies":"2 Louse","floor":1.0,"turns":1.0},{"damage":0.0,"enemies":"Small Slimes","floor":2.0,"turns":4.0},{"damage":1.0,"enemies":"Cultist","floor":3.0,"turns":3.0},{"damage":21.0,"enemies":"3 Sentries","floor":7.0,"turns":6.0},{"damage":4.0,"enemies":"3 Sentries","floor":10.0,"turns":3.0},{"damage":0.0,"enemies":"Exordium Thugs","floor":11.0,"turns":1.0},{"damage":9.0,"enemies":"Lagavulin","floor":12.0,"turns":4.0},{"damage":12.0,"enemies":"The Guardian","floor":16.0,"turns":7.0},{"damage":1.0,"enemies":"Chosen","floor":18.0,"turns":2.0},{"damage":13.0,"enemies":"Shell Parasite","floor":19.0,"turns":3.0},{"damage":9.0,"enemies":"Cultist and Chosen","floor":21.0,"turns":3.0},{"damage":7.0,"enemies":"Chosen and Byrds","floor":24.0,"turns":3.0},{"damage":7.0,"enemies":"Gremlin Leader","floor":28.0,"turns":4.0},{"damage":34.0,"enemies":"Slavers","floor":31.0,"turns":2.0},{"damage":58.0,"enemies":"Champ","floor":33.0,"turns":7.0},{"damage":4,"enemies":"Orb Walker","floor":35,"turns":3},{"damage":10,"enemies":"3 Darklings","floor":37,"turns":3},{"damage":0,"enemies":"Spire Growth","floor":39,"turns":4},{"damage":35,"enemies":"Giant Head","floor":40,"turns":6}],"seed_played":"1196783330817817793","potions_obtained":[{"floor":3.0,"key":"Fire Potion"},{"floor":7.0,"key":"Swift Potion"},{"floor":10.0,"key":"Strength Potion"},{"floor":11.0,"key":"Strength Potion"}],"is_trial":false,"path_per_floor":["M","M","M","?","T","R","E","R","T","?","M","E","R","$","R","B",null,"M","M","$","M","?","R","M","R","T","$","E","$","R","E","R","B",null,"M","$","M","?","M"],"character_chosen":"DEFECT","items_purchased":["ClockworkSouvenir","Defragment","Defragment","Glacier"],"campfire_rested":5,"item_purchase_floors":[14,27,29,36],"current_hp_per_floor":[68,68,67,67,67,67,46,68,68,64,64,55,75,75,75,63,72,71,58,58,49,49,71,64,64,64,64,57,57,75,41,63,5,58,54,54,44,35,35,0],"gold":238,"neow_bonus":"TRANSFORM_CARD","is_prod":false,"is_daily":false,"chose_seed":false,"campfire_upgraded":3,"win_rate":0,"timestamp":1532200401,"path_taken":["M","M","M","?","?","R","E","R","T","?","M","E","R","$","R","BOSS","M","M","$","M","?","R","M","R","T","$","E","$","R","E","R","BOSS","BOSS","M","$","M","?","?","E"],"build_version":"2018-07-19v2","purchased_purges":0,"victory":false,"max_hp_per_floor":[75,75,75,75,75,75,75,75,75,75,75,75,75,75,75,75,75,75,75,75,75,75,75,75,75,75,75,75,75,75,75,75,75,75,75,75,75,75,75,75],"card_choices":[{"not_picked":["Steam","Stack"],"picked":"Auto Shields","floor":1.0},{"not_picked":["Chaos","Stack","Chill"],"picked":"SKIP","floor":2.0},{"not_picked":["Redo","Lockon"],"picked":"Ball Lightning","floor":3.0},{"not_picked":["Coolheaded","Loop"],"picked":"Electrodynamics","floor":7.0},{"not_picked":["Steam","Recycle"],"picked":"Gash","floor":10.0},{"not_picked":["Steam Power","Streamline","Compile Driver"],"picked":"SKIP","floor":11.0},{"not_picked":["FTL","Hyperbeam"],"picked":"Ball Lightning","floor":12.0},{"not_picked":["Rainbow","Meteor Strike"],"picked":"Biased Cognition","floor":16.0},{"not_picked":["Auto Shields","Undo"],"picked":"Hologram+1","floor":18.0},{"not_picked":["Gash","Auto Shields"],"picked":"Coolheaded","floor":19.0},{"not_picked":["Redo","Rip and Tear+1"],"picked":"Gash","floor":21.0},{"not_picked":["Gash","Stack"],"picked":"Conserve Battery","floor":24.0},{"not_picked":["Barrage+1","Sweeping Beam"],"picked":"Go for the Eyes+1","floor":28.0},{"not_picked":["Core Surge","Reprogram","Thunder Strike"],"picked":"SKIP","floor":31.0},{"not_picked":["Rip and Tear","Rebound"],"picked":"Hologram","floor":32.0},{"not_picked":["Hyperbeam","Buffer"],"picked":"Seek","floor":33},{"not_picked":["Self Repair","Sweeping Beam+1"],"picked":"Stack","floor":35},{"not_picked":["Compile Driver","Rebound"],"picked":"Hologram+1","floor":37},{"not_picked":["Gash","Tempest+1"],"picked":"Coolheaded+1","floor":39}],"player_experience":147728,"relics_obtained":[{"floor":5.0,"key":"Cables"},{"floor":7.0,"key":"Bronze Scales"},{"floor":9.0,"key":"Centennial Puzzle"},{"floor":10.0,"key":"DataDisk"},{"floor":12.0,"key":"Boot"},{"floor":26.0,"key":"Shuriken"},{"floor":28.0,"key":"Unceasing Top"},{"floor":31.0,"key":"Dream Catcher"}],"event_choices":[{"event_name":"The Cleric","player_choice":"Card Removal","floor":4.0,"damage_taken":0.0},{"event_name":"Dead Adventurer","player_choice":"Searched \u00272\u0027 times","floor":10.0,"damage_taken":0.0},{"event_name":"The Mausoleum","player_choice":"No","floor":22.0,"damage_taken":0.0},{"event_name":"Winding Halls","player_choice":"Embrace Madness","floor":38,"damage_taken":0}],"is_beta":false,"boss_relics":[{"not_picked":["Busted Crown","Eternal Feather"],"picked":"Pandora\u0027s Box"},{"not_picked":["Runic Dome","Lizard Tail"],"picked":"Sozu"}],"items_purged_floors":[],"is_endless":false,"potions_floor_spawned":[3,7,10,11,16,18,28,37,39],"killed_by":"Giant Head","ascension_level":9}