{"gold_per_floor":[110,110,110,124,136,165,165,225,252,252,302,17,35,85,85,159,159,178,78,98,148,198,226,226,276,355,373,437,249,214,229,229,308,358,369,472,412,480,630,659,659,693,719,719,751,801,861,896,896,896,896,896,896,192,192],"floor_reached":55,"playtime":3504,"items_purged":["Strike_B","Strike_B","Strike_B","Steam"],"score":2002,"play_id":"a93f26d1-0a84-4f73-9adc-a33cde36eb47","local_time":"20190325201805","is_ascension_mode":true,"campfire_choices":[{"data":"Go for the Eyes","floor":7.0,"key":"SMITH"},{"data":"Streamline","floor":10.0,"key":"SMITH"},{"data":"Apotheosis","floor":15.0,"key":"SMITH"},{"floor":24.0,"key":"REST"},{"floor":32.0,"key":"REST"},{"floor":41,"key":"REST"},{"floor":44,"key":"RECALL"},{"floor":49,"key":"REST"},{"floor":53,"key":"REST"}],"neow_cost":"TEN_PERCENT_HP_LOSS","seed_source_timestamp":0,"circlet_count":0,"master_deck":["AscendersBane","Defend_B","Defend_B","Defend_B","Defend_B+1","Zap+1","Dualcast","Core Surge+1","Streamline+1","Conserve Battery","Go for the Eyes+1","Leap","Ball Lightning","Apotheosis+1","Coolheaded+1","Electrodynamics","Glacier","Defragment","Defragment","Ball Lightning+1","Cold Snap","Ball Lightning","Hologram","Leap+1","Machine Learning","Stack","BootSequence+1","Cold Snap+1","Stack","Capacitor","Go for the Eyes+1","Stack","Leap"],"special_seed":0,"relics":["Cracked Core","SsserpentHead","Oddly Smooth Stone","Regal Pillow","Fusion Hammer","Strawberry","Bird Faced Urn","Tiny House","Thread and Needle","Nunchaku","Whetstone","Bottled Lightning","Happy Flower","Bottled Tornado","Mercury Hourglass","Centennial Puzzle","Anchor","Boot"],"potions_floor_usage":[39,40,45,55],"damage_taken":[{"damage":2.0,"enemies":"2 Louse","floor":1.0,"turns":3.0},{"damage":12.0,"enemies":"Jaw Worm","floor":4.0,"turns":2.0},{"damage":0.0,"enemies":"Cultist","floor":5.0,"turns":3.0},{"damage":16.0,"enemies":"Lagavulin","floor":6.0,"turns":7.0},{"damage":2.0,"enemies":"3 Louse","floor":8.0,"turns":2.0},{"damage":0.0,"enemies":"Blue Slaver","floor":13.0,"turns":3.0},{"damage":13.0,"enemies":"Hexaghost","floor":16.0,"turns":12.0},{"damage":12.0,"enemies":"Shell Parasite","floor":18.0,"turns":5.0},{"damage":0.0,"enemies":"Chosen","floor":20.0,"turns":5.0},{"damage":31.0,"enemies":"Book of Stabbing","floor":23.0,"turns":5.0},{"damage":8.0,"enemies":"Snake Plant","floor":27.0,"turns":4.0},{"damage":19.0,"enemies":"Shelled Parasite and Fungi","floor":28.0,"turns":6.0},{"damage":4.0,"enemies":"Sentry and Sphere","floor":31.0,"turns":5.0},{"damage":31.0,"enemies":"Automaton","floor":33.0,"turns":11.0},{"damage":15.0,"enemies":"3 Shapes","floor":35.0,"turns":4.0},{"damage":41.0,"enemies":"2 Orb Walkers","floor":36.0,"turns":3.0},{"damage":8,"enemies":"3 Darklings","floor":38,"turns":4},{"damage":10,"enemies":"Mind Bloom Boss Battle","floor":39,"turns":9},{"damage":0,"enemies":"Nemesis","floor":40,"turns":9},{"damage":16,"enemies":"Reptomancer","floor":42,"turns":7},{"damage":3,"enemies":"Giant Head","floor":45,"turns":12},{"damage":0,"enemies":"Writhing Mass","floor":47,"turns":7},{"damage":9,"enemies":"Reptomancer","floor":48,"turns":7},{"damage":42,"enemies":"Awakened One","floor":50,"turns":21},{"damage":33,"enemies":"Time Eater","floor":51,"turns":18},{"damage":92,"enemies":"Shield and Spear","floor":55,"turns":5}],"seed_played":"-386371958492971905","potions_obtained":[{"floor":1.0,"key":"Explosive Potion"},{"floor":4.0,"key":"Block Potion"},{"floor":8.0,"key":"EssenceOfSteel"},{"floor":16.0,"key":"PowerPotion"},{"floor":20.0,"key":"Energy Potion"},{"floor":27.0,"key":"Ancient Potion"},{"floor":33.0,"key":"GamblersBrew"},{"floor":39,"key":"AttackPotion"},{"floor":42,"key":"Weak Potion"}],"is_trial":false,"path_per_floor":["M","?","?","M","M","E","R","M","T","R","?","$","M","?","R","B",null,"M","$","M","?","?","E","R","?","T","M","M","$","?","M","R","B",null,"M","?","?","M","?","E","R","E","T","R","E","T","M","E","R","B","B",null,"R","$","E"],"character_chosen":"DEFECT","items_purchased":["Apotheosis","Ball Lightning","Hologram","Anchor","Boot","FocusPotion","PowerPotion","Stack","Leap"],"campfire_rested":5,"item_purchase_floors":[12,29,29,54,54,54,54,54,54],"current_hp_per_floor":[62,62,62,50,50,34,34,32,32,32,32,32,32,37,37,24,58,46,46,46,46,46,22,59,59,59,51,32,32,32,34,71,46,74,67,30,30,28,26,34,73,65,65,65,68,68,78,76,81,47,24,67,81,81,0],"gold":192,"neow_bonus":"THREE_RARE_CARDS","is_prod":false,"is_daily":false,"chose_seed":false,"campfire_upgraded":3,"win_rate":0,"timestamp":1553559485,"path_taken":["M","?","?","M","M","E","R","?","T","R","?","$","M","?","R","BOSS","M","$","M","?","?","E","R","?","T","M","?","?","?","M","R","BOSS","M","?","?","?","?","E","R","E","T","R","E","?","?","E","R","BOSS","BOSS","R","$","E"],"build_version":"2019-01-23","purchased_purges":4,"victory":false,"max_hp_per_floor":[64,64,64,64,64,64,64,64,64,64,64,64,64,69,69,69,69,69,69,69,69,69,76,76,76,76,76,76,76,76,76,76,76,81,81,81,81,81,81,81,81,81,81,81,81,81,81,81,81,81,81,81,81,81,81],"card_choices":[{"not_picked":["Multi-Cast","Rainbow"],"picked":"Core Surge","floor":0.0},{"not_picked":["Melter","Rip and Tear"],"picked":"Streamline","floor":1.0},{"not_picked":["Compile Driver","Chaos"],"picked":"Conserve Battery","floor":4.0},{"not_picked":["Double Energy","Melter"],"picked":"Go for the Eyes","floor":5.0},{"not_picked":["Scrape","Streamline"],"picked":"Leap","floor":6.0},{"not_picked":["Storm","Gash"],"picked":"Ball Lightning","floor":8.0},{"not_picked":["Streamline","Double Energy"],"picked":"Coolheaded","floor":13.0},{"not_picked":["Rainbow","Buffer"],"picked":"Electrodynamics","floor":16.0},{"not_picked":["Darkness+1","Stack"],"picked":"Glacier","floor":18.0},{"not_picked":["Compile Driver","Barrage"],"picked":"Defragment","floor":20.0},{"not_picked":["Skim","Gash+1"],"picked":"Steam","floor":23.0},{"not_picked":["Auto Shields","Steam"],"picked":"Ball Lightning+1","floor":27.0},{"not_picked":["Stack","Conserve Battery"],"picked":"Cold Snap","floor":28.0},{"not_picked":["Redo+1","Go for the Eyes"],"picked":"Leap+1","floor":31.0},{"not_picked":["Meteor Strike","Rainbow"],"picked":"Machine Learning","floor":33.0},{"not_picked":["Redo","Beam Cell"],"picked":"Stack","floor":34.0},{"not_picked":["Turbo","Gash","Compile Driver+1"],"picked":"SKIP","floor":35.0},{"not_picked":["Rip and Tear","Auto Shields"],"picked":"BootSequence+1","floor":36.0},{"not_picked":["Chaos","Go for the Eyes+1"],"picked":"Cold Snap","floor":38},{"not_picked":["Rebound+1","Redo","Static Discharge+1"],"picked":"SKIP","floor":40},{"not_picked":["Hologram+1","Streamline"],"picked":"Stack","floor":42},{"not_picked":["Redo+1","Aggregate"],"picked":"Capacitor","floor":45},{"not_picked":["Compile Driver","Lockon+1","Rainbow"],"picked":"SKIP","floor":47},{"not_picked":["Conserve Battery","Core Surge"],"picked":"Go for the Eyes+1","floor":48}],"player_experience":602010,"relics_obtained":[{"floor":6.0,"key":"Oddly Smooth Stone"},{"floor":9.0,"key":"Regal Pillow"},{"floor":23.0,"key":"Strawberry"},{"floor":36.0,"key":"Thread and Needle"},{"floor":39,"key":"Nunchaku"},{"floor":40,"key":"Whetstone"},{"floor":42,"key":"Bottled Lightning"},{"floor":43,"key":"Happy Flower"},{"floor":45,"key":"Bottled Tornado"},{"floor":46,"key":"Mercury Hourglass"},{"floor":48,"key":"Centennial Puzzle"}],"event_choices":[{"damage_healed":0.0,"max_hp_gain":0.0,"max_hp_loss":0.0,"gold_gain":0.0,"event_name":"Living Wall","player_choice":"Grow","floor":2.0,"gold_loss":0.0,"damage_taken":0.0,"cards_upgraded":["Zap"]},{"damage_healed":0.0,"max_hp_gain":0.0,"max_hp_loss":0.0,"gold_gain":0.0,"event_name":"FaceTrader","player_choice":"Trade","floor":3.0,"gold_loss":0.0,"damage_taken":0.0,"relics_obtained":["SsserpentHead"]},{"damage_healed":0.0,"max_hp_gain":0.0,"max_hp_loss":0.0,"gold_gain":0.0,"event_name":"Liars Game","player_choice":"Ignored","floor":11.0,"gold_loss":0.0,"damage_taken":0.0},{"damage_healed":0.0,"max_hp_gain":5.0,"max_hp_loss":0.0,"gold_gain":0.0,"event_name":"Big Fish","player_choice":"Donut","floor":14.0,"gold_loss":0.0,"damage_taken":0.0},{"damage_healed":0.0,"max_hp_gain":0.0,"max_hp_loss":0.0,"gold_gain":0.0,"event_name":"Vampires","player_choice":"Ignored","floor":21.0,"gold_loss":0.0,"damage_taken":0.0},{"damage_healed":0.0,"max_hp_gain":0.0,"max_hp_loss":0.0,"gold_gain":0.0,"event_name":"Ghosts","player_choice":"Ignored","floor":22.0,"gold_loss":0.0,"damage_taken":0.0},{"damage_healed":0.0,"max_hp_gain":0.0,"max_hp_loss":0.0,"gold_gain":0.0,"event_name":"The Library","player_choice":"Read","floor":25.0,"gold_loss":0.0,"damage_taken":0.0,"cards_obtained":["Defragment"]},{"damage_healed":0.0,"max_hp_gain":0.0,"max_hp_loss":0.0,"gold_gain":0.0,"event_name":"Addict","player_choice":"Obtained Relic","floor":30.0,"gold_loss":85.0,"damage_taken":0.0,"relics_obtained":["Bird Faced Urn"]},{"damage_healed":0.0,"max_hp_gain":0.0,"max_hp_loss":0.0,"gold_gain":0.0,"event_name":"Mysterious Sphere","player_choice":"Fight","floor":36.0,"gold_loss":0.0,"damage_taken":0.0},{"cards_removed":["Strike_B"],"damage_healed":0,"gold_gain":0,"player_choice":"Upgrade and Remove","damage_taken":0,"max_hp_gain":0,"max_hp_loss":0,"event_name":"Designer","floor":37,"gold_loss":110,"cards_upgraded":["Defend_B"]},{"damage_healed":0,"gold_gain":0,"player_choice":"Fight","damage_taken":0,"max_hp_gain":0,"max_hp_loss":0,"event_name":"MindBloom","floor":39,"gold_loss":0}],"is_beta":false,"boss_relics":[{"not_picked":["White Beast Statue","Coffee Dripper"],"picked":"Fusion Hammer"},{"not_picked":["FrozenCore","Snecko Eye"],"picked":"Tiny House"}],"items_purged_floors":[12,19,29,54],"is_endless":false,"potions_floor_spawned":[1,4,8,16,20,27,33,36,38,39,42],"killed_by":"Shield and Spear","ascension_level":20}