{"gold_per_floor":[211,231,20,20,20,20,20,20,20,35,13,41,52,85,85,162,162,175,90,15,26,37,37,51,80,103,103,303,329,339,339,339,411,411,425,441,146,160,160,160,177,211,283,283,29,44,79,94,94,94],"floor_reached":50,"playtime":5847,"items_purged":["Strike_G","Setup","Strike_G"],"score":1229,"play_id":"320f60fc-30ea-404e-9dcd-19fffb599300","local_time":"20190710174943","is_ascension_mode":true,"campfire_choices":[{"data":"A Thousand Cuts","floor":6,"key":"SMITH"},{"data":"Neutralize","floor":8,"key":"SMITH"},{"data":"Well Laid Plans","floor":15,"key":"SMITH"},{"data":"Crippling Poison","floor":23,"key":"SMITH"},{"data":"Crippling Poison","floor":27,"key":"SMITH"},{"data":"Dash","floor":32,"key":"SMITH"},{"data":"The Bomb","floor":40,"key":"SMITH"},{"floor":44,"key":"RECALL"},{"floor":49,"key":"REST"}],"neow_cost":"NONE","seed_source_timestamp":200629520441600,"circlet_count":0,"master_deck":["AscendersBane","Defend_G","Defend_G","Defend_G","Defend_G","Survivor","Neutralize+1","PiercingWail","Well Laid Plans+1","A Thousand Cuts+1","PiercingWail","Flying Knee","Quick Slash","Cloak And Dagger","Crippling Poison+1","Leg Sweep","Die Die Die","Crippling Poison+1","PiercingWail","Dash+1","PiercingWail","Setup","Tools of the Trade","Choke","The Bomb+1","Footwork+1","Footwork","Crippling Poison","Leg Sweep","Dodge and Roll","Backflip"],"relics":["Ring of the Snake","Meat on the Bone","Singing Bowl","Pear","Velvet Choker","Letter Opener","Ornamental Fan","Vajra","Juzu Bracelet","Snecko Eye","Smiling Mask","PreservedInsect","Omamori"],"potions_floor_usage":[14,16,25,29,30,42,48,48],"damage_taken":[{"damage":0,"enemies":"2 Louse","floor":1,"turns":4},{"damage":7,"enemies":"Small Slimes","floor":2,"turns":7},{"damage":17,"enemies":"Jaw Worm","floor":10,"turns":8},{"damage":12,"enemies":"Exordium Thugs","floor":11,"turns":4},{"damage":12,"enemies":"Lagavulin","floor":12,"turns":7},{"damage":0,"enemies":"Looter","floor":13,"turns":4},{"damage":16,"enemies":"3 Sentries","floor":14,"turns":9},{"damage":34,"enemies":"Slime Boss","floor":16,"turns":9},{"damage":3,"enemies":"Shell Parasite","floor":18,"turns":5},{"damage":0,"enemies":"Spheric Guardian","floor":21,"turns":6},{"damage":0,"enemies":"Centurion and Healer","floor":22,"turns":7},{"damage":0,"enemies":"3 Cultists","floor":24,"turns":3},{"damage":0,"enemies":"Book of Stabbing","floor":25,"turns":8},{"damage":4,"enemies":"Slavers","floor":29,"turns":5},{"damage":11,"enemies":"Chosen and Byrds","floor":30,"turns":5},{"damage":42,"enemies":"Collector","floor":33,"turns":13},{"damage":0,"enemies":"3 Darklings","floor":35,"turns":3},{"damage":2,"enemies":"Orb Walker","floor":36,"turns":3},{"damage":2,"enemies":"Jaw Worm Horde","floor":38,"turns":3},{"damage":0,"enemies":"4 Shapes","floor":41,"turns":4},{"damage":24,"enemies":"Giant Head","floor":42,"turns":10},{"damage":0,"enemies":"Sphere and 2 Shapes","floor":46,"turns":3},{"damage":3,"enemies":"Reptomancer","floor":47,"turns":5},{"damage":46,"enemies":"Transient","floor":48,"turns":6},{"damage":56,"enemies":"Time Eater","floor":50,"turns":17}],"seed_played":"8327325245162381646","potions_obtained":[{"floor":1,"key":"Explosive Potion"},{"floor":10,"key":"SpeedPotion"},{"floor":14,"key":"Strength Potion"},{"floor":18,"key":"GhostInAJar"},{"floor":25,"key":"Strength Potion"},{"floor":29,"key":"EssenceOfSteel"},{"floor":33,"key":"FearPotion"},{"floor":38,"key":"GhostInAJar"},{"floor":42,"key":"SpeedPotion"}],"is_trial":false,"path_per_floor":["M","M","$","?","?","R","$","R","T","M","M","E","M","E","R","B",null,"M","?","?","M","M","R","M","E","T","R","?","E","M","?","R","B",null,"M","M","$","M","?","R","M","E","T","R","$","M","E","M","R","B"],"character_chosen":"THE_SILENT","items_purchased":["A Thousand Cuts","PiercingWail","The Bomb","PreservedInsect","Crippling Poison"],"campfire_rested":1,"item_purchase_floors":[3,3,37,45,45],"current_hp_per_floor":[59,52,52,57,50,50,50,50,50,45,45,45,45,51,51,29,68,65,65,65,65,65,65,67,69,69,69,69,65,54,54,54,24,70,70,70,70,70,70,70,70,46,46,46,46,46,55,21,47,0],"gold":94,"neow_bonus":"HUNDRED_GOLD","is_prod":false,"is_daily":false,"chose_seed":false,"campfire_upgraded":7,"win_rate":0,"timestamp":1562795383,"path_taken":["M","M","$","?","?","R","?","R","T","M","M","E","?","E","R","BOSS","M","?","?","M","M","R","M","E","T","R","?","E","M","?","R","BOSS","M","M","$","M","?","R","M","E","T","R","$","M","E","M","R","BOSS"],"build_version":"2019-07-05","purchased_purges":3,"victory":false,"max_hp_per_floor":[66,66,66,71,71,71,71,71,71,71,71,71,71,81,81,81,81,81,81,81,81,81,81,83,85,85,85,85,85,85,85,85,85,85,85,87,87,89,89,89,89,89,89,89,89,89,89,89,89,89],"card_choices":[{"not_picked":["Riddle With Holes","Prepared"],"picked":"PiercingWail","floor":1},{"not_picked":["Calculated Gamble","Underhanded Strike"],"picked":"Well Laid Plans","floor":2},{"not_picked":["Deadly Poison","Deflect"],"picked":"Flying Knee","floor":10},{"not_picked":["Underhanded Strike","Catalyst"],"picked":"Quick Slash","floor":11},{"not_picked":["Sucker Punch","Calculated Gamble"],"picked":"Cloak And Dagger","floor":12},{"not_picked":["Malaise","Deadly Poison"],"picked":"Crippling Poison","floor":13},{"not_picked":["Heel Hook","Flying Knee"],"picked":"Leg Sweep","floor":14},{"not_picked":["A Thousand Cuts","Storm of Steel"],"picked":"Die Die Die","floor":16},{"not_picked":["Outmaneuver","Acrobatics"],"picked":"Crippling Poison","floor":18},{"not_picked":["Dagger Spray","Accuracy"],"picked":"Backflip","floor":21},{"not_picked":["Deadly Poison","Setup"],"picked":"PiercingWail","floor":22},{"not_picked":["Sucker Punch","Expertise","Venomology"],"picked":"Singing Bowl","floor":24},{"not_picked":["Calculated Gamble","Finisher+1","Infinite Blades"],"picked":"Singing Bowl","floor":25},{"not_picked":["Choke","Bane"],"picked":"Dash","floor":29},{"not_picked":["Choke","Setup"],"picked":"PiercingWail","floor":30},{"not_picked":["After Image","Adrenaline"],"picked":"Tools of the Trade","floor":33},{"not_picked":["Acrobatics","Blade Dance"],"picked":"Choke","floor":35},{"not_picked":["Cloak And Dagger","Underhanded Strike","Acrobatics"],"picked":"Singing Bowl","floor":36},{"not_picked":["Quick Slash","Masterful Stab+1","Adrenaline"],"picked":"Singing Bowl","floor":38},{"not_picked":["All Out Attack","Cloak And Dagger"],"picked":"Footwork+1","floor":41},{"not_picked":["Reflex","Phantasmal Killer"],"picked":"Footwork","floor":42},{"not_picked":["Sucker Punch","Well Laid Plans"],"picked":"Leg Sweep","floor":46},{"not_picked":["Dagger Throw+1","Quick Slash"],"picked":"Dodge and Roll","floor":47},{"not_picked":["Deflect","Distraction"],"picked":"Backflip","floor":48}],"player_experience":2224782,"relics_obtained":[{"floor":9,"key":"Meat on the Bone"},{"floor":12,"key":"Singing Bowl"},{"floor":14,"key":"Pear"},{"floor":25,"key":"Ornamental Fan"},{"floor":26,"key":"Vajra"},{"floor":29,"key":"Juzu Bracelet"},{"floor":42,"key":"Smiling Mask"},{"floor":47,"key":"Omamori"}],"event_choices":[{"damage_healed":0,"gold_gain":0,"player_choice":"Donut","damage_taken":0,"max_hp_gain":5,"max_hp_loss":0,"event_name":"Big Fish","floor":4,"gold_loss":0},{"cards_removed":["Defend_G"],"damage_healed":0,"gold_gain":0,"player_choice":"Card Removal","damage_taken":7,"max_hp_gain":0,"max_hp_loss":0,"event_name":"Golden Wing","floor":5,"gold_loss":0},{"damage_healed":0,"gold_gain":0,"player_choice":"Obtained Relic","damage_taken":0,"relics_obtained":["Letter Opener"],"max_hp_gain":0,"max_hp_loss":0,"event_name":"Addict","floor":19,"gold_loss":85},{"cards_removed":["Strike_G"],"damage_healed":0,"gold_gain":0,"player_choice":"Gave Gold","damage_taken":0,"max_hp_gain":0,"max_hp_loss":0,"event_name":"Beggar","floor":20,"gold_loss":75},{"damage_healed":0,"gold_gain":250,"player_choice":"Bet on Owner","damage_taken":0,"max_hp_gain":0,"max_hp_loss":0,"event_name":"The Joust","floor":28,"gold_loss":50},{"damage_healed":0,"gold_gain":0,"cards_transformed":["Strike_G","Strike_G"],"player_choice":"Became Test Subject","damage_taken":0,"max_hp_gain":0,"max_hp_loss":0,"event_name":"Drug Dealer","floor":31,"gold_loss":0,"cards_obtained":["Setup","Setup"]},{"cards_removed":["Backflip"],"damage_healed":0,"gold_gain":0,"player_choice":"Removed Skill","damage_taken":0,"max_hp_gain":0,"max_hp_loss":0,"event_name":"Falling","floor":39,"gold_loss":0}],"is_beta":false,"boss_relics":[{"not_picked":["Calling Bell","Black Star"],"picked":"Velvet Choker"},{"not_picked":["HoveringKite","Astrolabe"],"picked":"Snecko Eye"}],"items_purged_floors":[3,37,45],"is_endless":false,"potions_floor_spawned":[1,10,14,18,25,29,33,35,38,42],"killed_by":"Time Eater","ascension_level":20}