{"gold_per_floor":[119,119,194,208,50,50,78,78,78,111,36,36,86,106,106,185,185,196,10,26,26,42,42,69,69,69,98,98,126,126,126,126,126],"floor_reached":33,"playtime":1042,"items_purged":["Strike_R","Strike_R"],"score":614,"play_id":"3d6b819f-9b54-437d-8019-d437dedd5a01","local_time":"20190701234425","is_ascension_mode":true,"campfire_choices":[{"data":"Bash","floor":6.0,"key":"SMITH"},{"floor":12.0,"key":"REST"},{"data":"Flame Barrier","floor":15.0,"key":"SMITH"},{"data":"Immolate","floor":23.0,"key":"SMITH"},{"floor":25,"key":"REST"},{"data":"Bloodletting","floor":28,"key":"SMITH"},{"data":"Inflame","floor":30,"key":"SMITH"},{"floor":32,"key":"REST"}],"neow_cost":"TEN_PERCENT_HP_LOSS","seed_source_timestamp":133156059045200,"circlet_count":0,"master_deck":["AscendersBane","Strike_R","Strike_R","Strike_R+1","Defend_R","Defend_R","Defend_R+1","Defend_R","Bash+1","Offering+1","Iron Wave","Bloodletting+1","Iron Wave","Flame Barrier+1","Cleave","Immolate+1","Shrug It Off+1","Metallicize","Dropkick","Offering+1","Feed","Shrug It Off","Warcry+1","Inflame+1"],"special_seed":0,"relics":["Burning Blood","Bronze Scales","Art of War","Pocketwatch","Ornamental Fan","Turnip","Cursed Key","Omamori","Sundial","Pantograph","Juzu Bracelet","War Paint"],"potions_floor_usage":[],"damage_taken":[{"damage":10.0,"enemies":"2 Louse","floor":1.0,"turns":3.0},{"damage":3.0,"enemies":"Small Slimes","floor":4.0,"turns":4.0},{"damage":34.0,"enemies":"3 Sentries","floor":7.0,"turns":8.0},{"damage":18.0,"enemies":"Lagavulin","floor":10.0,"turns":6.0},{"damage":7.0,"enemies":"Jaw Worm","floor":14.0,"turns":2.0},{"damage":14.0,"enemies":"The Guardian","floor":16.0,"turns":11.0},{"damage":6.0,"enemies":"3 Byrds","floor":18.0,"turns":3.0},{"damage":7.0,"enemies":"Chosen","floor":20.0,"turns":5.0},{"damage":6.0,"enemies":"Snake Plant","floor":22.0,"turns":3.0},{"damage":32,"enemies":"Slavers","floor":24,"turns":3},{"damage":17,"enemies":"Gremlin Leader","floor":27,"turns":4},{"damage":12,"enemies":"Slavers","floor":29,"turns":4},{"damage":75,"enemies":"Champ","floor":33,"turns":14}],"seed_played":"7263247399912460303","potions_obtained":[{"floor":1.0,"key":"BloodPotion"},{"floor":7.0,"key":"Block Potion"},{"floor":14.0,"key":"FearPotion"},{"floor":22.0,"key":"PowerPotion"}],"is_trial":false,"path_per_floor":["M","?","?","M","$","R","E","T","T","E","$","R","?","M","R","B",null,"M","$","M","?","M","R","E","R","T","E","R","E","R","?","R","B"],"character_chosen":"IRONCLAD","items_purchased":["Bronze Scales","Metallicize"],"campfire_rested":3,"item_purchase_floors":[5,19],"current_hp_per_floor":[64,44,33,36,36,36,25,25,25,13,13,33,27,26,26,18,56,56,56,55,55,55,55,29,49,49,41,41,38,38,38,60,0],"gold":126,"neow_bonus":"THREE_RARE_CARDS","is_prod":false,"is_daily":false,"chose_seed":false,"campfire_upgraded":5,"win_rate":0,"timestamp":1562021065,"path_taken":["M","?","?","M","?","R","E","?","T","E","?","R","?","M","R","BOSS","M","?","M","?","M","R","E","R","T","E","R","E","R","?","R","BOSS"],"build_version":"2019-07-01","purchased_purges":2,"victory":false,"max_hp_per_floor":[68,68,68,68,68,68,68,68,68,68,68,68,68,68,68,68,68,68,68,68,68,68,68,68,68,68,71,71,74,74,74,74,74],"card_choices":[{"not_picked":["Bludgeon","Exhume"],"picked":"Offering","floor":0.0},{"not_picked":["Power Through","Thunderclap"],"picked":"Iron Wave","floor":1.0},{"not_picked":["Searing Blow","Perfected Strike"],"picked":"Bloodletting","floor":4.0},{"not_picked":["Demon Form","Evolve"],"picked":"Iron Wave","floor":7.0},{"not_picked":["Reckless Charge","Havoc"],"picked":"Flame Barrier","floor":10.0},{"not_picked":["Wild Strike","Sentinel"],"picked":"Cleave","floor":14.0},{"not_picked":["Feed","Barricade"],"picked":"Immolate","floor":16.0},{"not_picked":["Clash","Wild Strike"],"picked":"Shrug It Off","floor":18.0},{"not_picked":["Rupture","Sword Boomerang"],"picked":"Dropkick","floor":20.0},{"not_picked":["Warcry","Uppercut"],"picked":"Feed","floor":22.0},{"not_picked":["Perfected Strike","Sentinel"],"picked":"Shrug It Off","floor":24},{"not_picked":["Clothesline","Headbutt"],"picked":"Warcry+1","floor":27},{"not_picked":["Intimidate","Flame Barrier"],"picked":"Inflame","floor":29}],"player_experience":1526133,"relics_obtained":[{"floor":7.0,"key":"Art of War"},{"floor":8.0,"key":"Pocketwatch"},{"floor":9.0,"key":"Ornamental Fan"},{"floor":10.0,"key":"Turnip"},{"floor":24,"key":"Omamori"},{"floor":26,"key":"Sundial"},{"floor":27,"key":"Pantograph"},{"floor":29,"key":"Juzu Bracelet"}],"event_choices":[{"damage_healed":0.0,"max_hp_gain":0.0,"max_hp_loss":0.0,"gold_gain":0.0,"event_name":"Shining Light","player_choice":"Entered Light","floor":2.0,"gold_loss":0.0,"damage_taken":20.0,"cards_upgraded":["Strike_R","Offering"]},{"damage_healed":0.0,"max_hp_gain":0.0,"max_hp_loss":0.0,"gold_gain":75.0,"event_name":"World of Goop","player_choice":"Gather Gold","floor":3.0,"gold_loss":0.0,"damage_taken":11.0},{"damage_healed":0.0,"max_hp_gain":0.0,"max_hp_loss":0.0,"gold_gain":50.0,"event_name":"FaceTrader","player_choice":"Touch","floor":13.0,"gold_loss":0.0,"damage_taken":6.0},{"damage_healed":0.0,"max_hp_gain":0.0,"max_hp_loss":0.0,"gold_gain":0.0,"event_name":"Duplicator","player_choice":"Copied","floor":21.0,"gold_loss":0.0,"damage_taken":0.0,"cards_obtained":["Offering"]},{"damage_healed":0,"gold_gain":0,"player_choice":"Opened","damage_taken":0,"relics_obtained":["War Paint"],"max_hp_gain":0,"max_hp_loss":0,"event_name":"The Mausoleum","floor":31,"gold_loss":0,"cards_obtained":["Writhe"]}],"is_beta":false,"boss_relics":[{"not_picked":["White Beast Statue","Lizard Tail"],"picked":"Cursed Key"}],"items_purged_floors":[11,19],"is_endless":false,"potions_floor_spawned":[1,7,14,18,22,29],"killed_by":"Champ","ascension_level":20}