{"gold_per_floor":[119,32,182,12,12,44,44,71,71,17,17,31,45,58,58,132,132,152,77,53,53,53,80,7,19,56,88,156,168,197,227,239,251],"floor_reached":33,"playtime":910,"items_purged":["Doubt"],"score":706,"play_id":"97036871-43d2-43e8-b32a-b26ec4c8cb9f","local_time":"20190225221256","is_ascension_mode":true,"campfire_choices":[{"data":"Poisoned Stab","floor":7.0,"key":"SMITH"},{"data":"Cloak And Dagger","floor":15,"key":"SMITH"},{"floor":25,"key":"REST"},{"floor":32,"key":"REST"}],"neow_cost":"NONE","seed_source_timestamp":815839763275500,"circlet_count":0,"master_deck":["AscendersBane","Defend_G","Defend_G","Defend_G","Defend_G","Defend_G","Survivor","Neutralize","Blur","Backstab","Infinite Blades","Poisoned Stab+1","Sucker Punch","Glass Knife","Cloak And Dagger+1","Corpse Explosion","Infinite Blades","Slice","Bite","Bite","Bite","Bite","Bite","Bouncing Flask","Crippling Poison+1","Noxious Fumes","Bouncing Flask"],"special_seed":0,"relics":["Ring of the Serpent","NeowsBlessing","Strawberry","Anchor","Shuriken","Darkstone Periapt","Spirit Poop","Snake Skull","MawBank","Vajra","Tiny Chest"],"potions_floor_usage":[16,27,28],"damage_taken":[{"damage":0.0,"enemies":"Jaw Worm","floor":1.0,"turns":1.0},{"damage":0.0,"enemies":"Lagavulin","floor":6.0,"turns":1.0},{"damage":0.0,"enemies":"Gremlin Nob","floor":8.0,"turns":1.0},{"damage":0,"enemies":"Small Slimes","floor":12,"turns":2},{"damage":0,"enemies":"Cultist","floor":13,"turns":2},{"damage":0,"enemies":"3 Louse","floor":14,"turns":3},{"damage":34,"enemies":"Hexaghost","floor":16,"turns":10},{"damage":22,"enemies":"Spheric Guardian","floor":18,"turns":4},{"damage":50,"enemies":"Book of Stabbing","floor":23,"turns":5},{"damage":23,"enemies":"Shell Parasite","floor":27,"turns":6},{"damage":2,"enemies":"Gremlin Leader","floor":28,"turns":8},{"damage":17,"enemies":"Snecko","floor":30,"turns":4},{"damage":0,"enemies":"Centurion and Healer","floor":31,"turns":2},{"damage":74,"enemies":"Collector","floor":33,"turns":6}],"seed_played":"-6660504241485205205","potions_obtained":[{"floor":1.0,"key":"Weak Potion"},{"floor":6.0,"key":"PowerPotion"},{"floor":23,"key":"GamblersBrew"},{"floor":27,"key":"GhostInAJar"}],"is_trial":false,"path_per_floor":["M","$","?","$","?","E","R","E","T","$","?","M","M","M","R","B",null,"M","?","$","?","?","E","?","R","T","M","E","?","M","M","R","B"],"character_chosen":"THE_SILENT","items_purchased":["Backstab","Infinite Blades","Poisoned Stab","Cloak And Dagger","Slice"],"campfire_rested":2,"item_purchase_floors":[2,4,4,10,20],"current_hp_per_floor":[59,59,59,59,66,66,66,66,66,66,66,66,66,66,66,32,63,41,41,41,47,47,5,5,21,21,10,20,20,5,11,27,0],"gold":251,"neow_bonus":"THREE_ENEMY_KILL","is_prod":false,"is_daily":false,"chose_seed":false,"campfire_upgraded":2,"win_rate":0,"timestamp":1551161576,"path_taken":["M","$","?","$","?","E","R","E","T","$","?","M","?","M","R","BOSS","M","?","$","?","?","E","?","R","T","M","E","?","M","M","R","BOSS"],"build_version":"2019-01-23","purchased_purges":1,"victory":false,"max_hp_per_floor":[66,66,66,66,73,73,73,73,73,73,73,73,73,73,73,73,73,73,73,73,79,55,55,55,55,55,55,55,55,55,55,55,55],"card_choices":[{"not_picked":["Acrobatics","Backflip"],"picked":"Blur","floor":1.0},{"not_picked":["Deflect","Outmaneuver"],"picked":"Sucker Punch","floor":6.0},{"not_picked":["Dash","Blur"],"picked":"Glass Knife","floor":8},{"not_picked":["Prepared","Setup","Dagger Throw"],"picked":"SKIP","floor":12},{"not_picked":["Outmaneuver","Catalyst","Deadly Poison"],"picked":"SKIP","floor":13},{"not_picked":["Flying Knee","Riddle With Holes","Distraction"],"picked":"SKIP","floor":14},{"not_picked":["Bullet Time","Adrenaline"],"picked":"Corpse Explosion","floor":16},{"not_picked":["Backstab","Bane"],"picked":"Infinite Blades","floor":18},{"not_picked":["Dagger Throw+1","Slice"],"picked":"Bouncing Flask","floor":23},{"not_picked":["Blur","Bane"],"picked":"Crippling Poison+1","floor":27},{"not_picked":["Prepared","Sucker Punch"],"picked":"Noxious Fumes","floor":28},{"not_picked":["Quick Slash+1","Dash+1"],"picked":"Bouncing Flask","floor":30},{"not_picked":["Reflex","Underhanded Strike","Poisoned Stab"],"picked":"SKIP","floor":31}],"player_experience":1203440,"relics_obtained":[{"floor":6.0,"key":"Anchor"},{"floor":8,"key":"Shuriken"},{"floor":9,"key":"Darkstone Periapt"},{"floor":23,"key":"MawBank"},{"floor":28,"key":"Tiny Chest"}],"event_choices":[{"damage_healed":0.0,"max_hp_gain":0.0,"max_hp_loss":0.0,"gold_gain":150.0,"event_name":"Liars Game","player_choice":"AGREE","floor":3.0,"gold_loss":0.0,"damage_taken":0.0,"cards_obtained":["Doubt"]},{"damage_healed":0.0,"max_hp_gain":0.0,"max_hp_loss":0.0,"gold_gain":0.0,"event_name":"Big Fish","player_choice":"Box","floor":5.0,"gold_loss":0.0,"damage_taken":0.0,"relics_obtained":["Strawberry"],"cards_obtained":["Regret"]},{"cards_removed":["Regret"],"damage_healed":0,"gold_gain":0,"player_choice":"Offered Curse","damage_taken":0,"relics_obtained":["Spirit Poop"],"max_hp_gain":0,"max_hp_loss":0,"event_name":"Bonfire Elementals","floor":11,"gold_loss":0},{"cards_removed":["Strike_G"],"damage_healed":0,"gold_gain":0,"player_choice":"Gave Gold","damage_taken":0,"max_hp_gain":0,"max_hp_loss":0,"event_name":"Beggar","floor":19,"gold_loss":75},{"damage_healed":0,"gold_gain":0,"player_choice":"Opened","damage_taken":0,"relics_obtained":["Snake Skull"],"max_hp_gain":0,"max_hp_loss":0,"event_name":"The Mausoleum","floor":21,"gold_loss":0,"cards_obtained":["Writhe"]},{"damage_healed":0,"gold_gain":0,"player_choice":"Became a vampire","damage_taken":0,"max_hp_gain":0,"max_hp_loss":24,"event_name":"Vampires","floor":22,"gold_loss":0,"cards_obtained":["Bite","Bite","Bite","Bite","Bite"]},{"damage_healed":0,"gold_gain":0,"player_choice":"Obtained Relic","damage_taken":0,"relics_obtained":["Vajra"],"max_hp_gain":0,"max_hp_loss":0,"event_name":"Addict","floor":24,"gold_loss":85},{"cards_removed":["Writhe"],"damage_healed":0,"gold_gain":0,"player_choice":"Elegance","damage_taken":0,"max_hp_gain":0,"max_hp_loss":0,"event_name":"Back to Basics","floor":29,"gold_loss":0}],"is_beta":false,"boss_relics":[{"not_picked":["Runic Dome","Pandora\u0027s Box"],"picked":"Ring of the Serpent"}],"items_purged_floors":[4],"is_endless":false,"potions_floor_spawned":[1,6,23,27],"killed_by":"Collector","ascension_level":20}