{"gold_per_floor":[115,95,105,121,134,134,159,159,159,190,209,209,224,239,239,316,316,316],"floor_reached":18,"playtime":631,"items_purged":[],"score":448,"play_id":"ef745c68-8030-4936-b9bc-022bdbd103f2","local_time":"20190525223816","is_ascension_mode":true,"campfire_choices":[{"data":"Buffer","floor":6.0,"key":"SMITH"},{"floor":8.0,"key":"REST"},{"data":"Sunder","floor":12.0,"key":"SMITH"},{"data":"White Noise","floor":15.0,"key":"SMITH"}],"neow_cost":"PERCENT_DAMAGE","seed_source_timestamp":14897334063200,"circlet_count":0,"master_deck":["AscendersBane","Strike_B","Strike_B","Strike_B","Defend_B","Defend_B","Defend_B","Zap","Dualcast","Auto Shields","White Noise+1","Conserve Battery","Buffer+1","Cold Snap","Loop","Sunder+1","Glacier","Double Energy","Buffer"],"special_seed":0,"relics":["FrozenCore","Dodecahedron","WingedGreaves","Thread and Needle"],"potions_floor_usage":[16,16],"damage_taken":[{"damage":2.0,"enemies":"Cultist","floor":1.0,"turns":4.0},{"damage":2.0,"enemies":"Jaw Worm","floor":3.0,"turns":4.0},{"damage":5.0,"enemies":"2 Louse","floor":4.0,"turns":3.0},{"damage":4.0,"enemies":"Exordium Wildlife","floor":5.0,"turns":4.0},{"damage":27.0,"enemies":"3 Sentries","floor":7.0,"turns":10.0},{"damage":6.0,"enemies":"Lagavulin","floor":10.0,"turns":7.0},{"damage":0.0,"enemies":"2 Fungi Beasts","floor":11.0,"turns":5.0},{"damage":0.0,"enemies":"Blue Slaver","floor":13.0,"turns":4.0},{"damage":0.0,"enemies":"Large Slime","floor":14.0,"turns":8.0},{"damage":0,"enemies":"Hexaghost","floor":16,"turns":11},{"damage":40,"enemies":"3 Byrds","floor":18,"turns":6}],"seed_played":"4071250129030405579","potions_obtained":[{"floor":1.0,"key":"EssenceOfSteel"},{"floor":2.0,"key":"LiquidBronze"},{"floor":10.0,"key":"LiquidBronze"}],"is_trial":false,"path_per_floor":["M","?","M","M","M","R","E","R","T","E","M","R","M","M","R","B",null,"M"],"character_chosen":"DEFECT","items_purchased":[],"campfire_rested":1,"item_purchase_floors":[],"current_hp_per_floor":[44,44,42,37,33,33,6,27,27,21,21,21,21,21,21,21,59,19],"gold":316,"neow_bonus":"REMOVE_TWO","is_prod":false,"is_daily":false,"chose_seed":false,"campfire_upgraded":3,"win_rate":0,"timestamp":1558820296,"path_taken":["M","?","M","?","M","R","E","R","T","E","M","R","M","M","R","BOSS","M"],"build_version":"2019-01-23","purchased_purges":0,"victory":false,"max_hp_per_floor":[71,71,71,71,71,71,71,71,71,71,71,71,71,71,71,71,71,71],"card_choices":[{"not_picked":["Beam Cell","Aggregate"],"picked":"Auto Shields","floor":1.0},{"not_picked":["Go for the Eyes","Sweeping Beam"],"picked":"White Noise","floor":3.0},{"not_picked":["Redo","Turbo"],"picked":"Conserve Battery","floor":4.0},{"not_picked":["Leap","Turbo"],"picked":"Buffer","floor":5.0},{"not_picked":["Storm","Gash"],"picked":"Cold Snap","floor":7.0},{"not_picked":["Biased Cognition","Aggregate"],"picked":"Loop","floor":10.0},{"not_picked":["Steam","Reinforced Body"],"picked":"Sunder","floor":11.0},{"not_picked":["Streamline","FTL"],"picked":"Glacier","floor":13.0},{"not_picked":["Force Field","Go for the Eyes"],"picked":"Double Energy","floor":14.0},{"not_picked":["Machine Learning","Multi-Cast"],"picked":"Buffer","floor":16}],"player_experience":1403717,"relics_obtained":[{"floor":7.0,"key":"Dodecahedron"},{"floor":9.0,"key":"WingedGreaves"},{"floor":10.0,"key":"Thread and Needle"}],"event_choices":[{"damage_healed":0.0,"max_hp_gain":0.0,"max_hp_loss":0.0,"gold_gain":0.0,"event_name":"The Woman in Blue","player_choice":"Bought 1 Potion","floor":2.0,"gold_loss":0.0,"damage_taken":0.0}],"is_beta":false,"boss_relics":[{"not_picked":["Pandora\u0027s Box","Fusion Hammer"],"picked":"FrozenCore"}],"items_purged_floors":[],"is_endless":false,"potions_floor_spawned":[1,4,7,10],"killed_by":"3 Byrds","ascension_level":20}