{"gold_per_floor":[114,127,127,141,0,0,0,0,0,0,13,40,40,54,54,131,131,146,156,175,175,29,29,61,11,34,44,44,59,59,76,76,150,150,161,161,175,55,55,73,73,73],"floor_reached":42,"playtime":2053,"items_purged":[],"score":796,"play_id":"2197cd3b-5d11-4510-b64f-06150d370e08","local_time":"20190124212614","is_ascension_mode":true,"campfire_choices":[{"data":"Bash","floor":6.0,"key":"SMITH"},{"data":"Demon Form","floor":8.0,"key":"SMITH"},{"data":"Flex","floor":10.0,"key":"SMITH"},{"data":"Anger","floor":15.0,"key":"SMITH"},{"floor":23.0,"key":"REST"},{"floor":32.0,"key":"REST"},{"data":"Sword Boomerang","floor":41.0,"key":"SMITH"}],"neow_cost":"PERCENT_DAMAGE","seed_source_timestamp":0,"circlet_count":0,"master_deck":["AscendersBane","Strike_R","Strike_R","Strike_R","Strike_R","Strike_R","Defend_R","Defend_R","Defend_R","Defend_R","Bash+1","Dropkick","Flex+1","Demon Form+1","Reaper","Headbutt","Anger+1","Cleave","Impervious","Twin Strike","Clothesline","Sword Boomerang+1","Blood for Blood","Heavy Blade","Armaments+1","Shrug It Off","Metallicize"],"special_seed":0,"relics":["Burning Blood","Ornamental Fan","Bottled Lightning","Velvet Choker","Lantern","Bronze Scales","Oddly Smooth Stone","Nilry\u0027s Codex","MutagenicStrength","Sozu"],"potions_floor_usage":[42],"damage_taken":[{"damage":8.0,"enemies":"Jaw Worm","floor":1.0,"turns":5.0},{"damage":1.0,"enemies":"Cultist","floor":2.0,"turns":3.0},{"damage":10.0,"enemies":"Small Slimes","floor":4.0,"turns":3.0},{"damage":26.0,"enemies":"Exordium Wildlife","floor":11.0,"turns":4.0},{"damage":11.0,"enemies":"Lagavulin","floor":12.0,"turns":5.0},{"damage":11.0,"enemies":"Blue Slaver","floor":14.0,"turns":3.0},{"damage":0.0,"enemies":"Slime Boss","floor":16.0,"turns":7.0},{"damage":22.0,"enemies":"Spheric Guardian","floor":18.0,"turns":4.0},{"damage":19.0,"enemies":"2 Thieves","floor":19.0,"turns":4.0},{"damage":28.0,"enemies":"Snake Plant","floor":20.0,"turns":5.0},{"damage":40.0,"enemies":"Book of Stabbing","floor":24.0,"turns":6.0},{"damage":33.0,"enemies":"Cultist and Chosen","floor":27.0,"turns":7.0},{"damage":21.0,"enemies":"Sentry and Sphere","floor":29.0,"turns":4.0},{"damage":6.0,"enemies":"Chosen and Byrds","floor":31.0,"turns":3.0},{"damage":42.0,"enemies":"Champ","floor":33.0,"turns":7.0},{"damage":25.0,"enemies":"3 Shapes","floor":35.0,"turns":5.0},{"damage":20.0,"enemies":"3 Darklings","floor":37.0,"turns":6.0},{"damage":26.0,"enemies":"4 Shapes","floor":40.0,"turns":19.0},{"damage":66,"enemies":"Reptomancer","floor":42,"turns":4}],"seed_played":"2781978073707181674","potions_obtained":[{"floor":1.0,"key":"SpeedPotion"},{"floor":12.0,"key":"EssenceOfSteel"},{"floor":24.0,"key":"Regen Potion"},{"floor":27.0,"key":"FearPotion"},{"floor":33.0,"key":"PowerPotion"}],"is_trial":false,"path_per_floor":["M","M","?","M","$","R","$","R","T","R","M","E","?","M","R","B",null,"M","M","M","?","$","R","E","$","T","M","?","M","?","M","R","B",null,"M","?","M","$","?","M","R","E"],"character_chosen":"IRONCLAD","items_purchased":["Reaper","Lantern","Pommel Strike","Shrug It Off","Metallicize"],"campfire_rested":2,"item_purchase_floors":[5,22,25,38,38],"current_hp_per_floor":[62,67,67,63,63,63,63,63,63,63,43,38,38,41,41,67,84,68,71,53,36,36,64,41,41,41,39,23,15,15,15,43,25,77,71,71,72,72,72,64,64,0],"gold":73,"neow_bonus":"TWENTY_PERCENT_HP_BONUS","is_prod":false,"is_daily":false,"chose_seed":false,"campfire_upgraded":5,"win_rate":0,"timestamp":1548383174,"path_taken":["M","M","?","M","?","R","$","R","T","R","M","E","?","M","R","BOSS","M","M","M","?","$","R","E","$","T","M","?","M","?","M","R","BOSS","M","?","M","$","?","?","R","E"],"build_version":"2019-01-23","purchased_purges":0,"victory":false,"max_hp_per_floor":[89,89,89,89,89,89,89,89,89,89,89,89,89,89,89,89,89,89,89,89,94,94,94,94,94,94,94,94,94,94,94,94,94,94,94,94,94,94,94,94,94,94],"card_choices":[{"not_picked":["Flex","Sword Boomerang"],"picked":"Dropkick","floor":1.0},{"not_picked":["Havoc","Sentinel"],"picked":"Flex","floor":2.0},{"not_picked":["Wild Strike","Clash"],"picked":"Demon Form","floor":4.0},{"not_picked":["Infernal Blade","Havoc"],"picked":"Headbutt","floor":11.0},{"not_picked":["Armaments","Perfected Strike"],"picked":"Anger","floor":12.0},{"not_picked":["Burning Pact","Wild Strike"],"picked":"Cleave","floor":14.0},{"not_picked":["Berserk","Fiend Fire"],"picked":"Impervious","floor":16.0},{"not_picked":["Spot Weakness","Wild Strike"],"picked":"Twin Strike","floor":18.0},{"not_picked":["Shockwave","Warcry"],"picked":"Clothesline","floor":19.0},{"not_picked":["Anger","Seeing Red"],"picked":"Sword Boomerang","floor":20.0},{"not_picked":["Fire Breathing","Flex"],"picked":"Blood for Blood","floor":24.0},{"not_picked":["Wild Strike","Flex","True Grit"],"picked":"SKIP","floor":27.0},{"not_picked":["Thunderclap","Headbutt","Cleave+1"],"picked":"SKIP","floor":29.0},{"not_picked":["Feel No Pain","Thunderclap"],"picked":"Heavy Blade","floor":31.0},{"not_picked":["Clothesline","Hemokinesis"],"picked":"Armaments+1","floor":35.0},{"not_picked":["Anger","Feel No Pain+1","Burning Pact"],"picked":"SKIP","floor":37.0},{"not_picked":["Heavy Blade","Headbutt","Twin Strike"],"picked":"SKIP","floor":40.0}],"player_experience":559023,"relics_obtained":[{"floor":9.0,"key":"Ornamental Fan"},{"floor":12.0,"key":"Bottled Lightning"},{"floor":24.0,"key":"Bronze Scales"},{"floor":26.0,"key":"Oddly Smooth Stone"},{"floor":28.0,"key":"Nilry\u0027s Codex"}],"event_choices":[{"damage_healed":0.0,"max_hp_gain":0.0,"max_hp_loss":0.0,"gold_gain":0.0,"event_name":"The Woman in Blue","player_choice":"Bought 0 Potions","floor":3.0,"gold_loss":0.0,"damage_taken":0.0},{"damage_healed":0.0,"max_hp_gain":0.0,"max_hp_loss":0.0,"gold_gain":0.0,"event_name":"Liars Game","player_choice":"Ignored","floor":13.0,"gold_loss":0.0,"damage_taken":0.0},{"damage_healed":0.0,"max_hp_gain":5.0,"max_hp_loss":0.0,"gold_gain":0.0,"event_name":"Forgotten Altar","player_choice":"Shed Blood","floor":21.0,"gold_loss":0.0,"damage_taken":22.0},{"damage_healed":0.0,"max_hp_gain":0.0,"max_hp_loss":0.0,"gold_gain":0.0,"event_name":"Cursed Tome","player_choice":"Obtained Book","floor":28.0,"gold_loss":0.0,"damage_taken":16.0},{"damage_healed":0.0,"max_hp_gain":0.0,"max_hp_loss":0.0,"gold_gain":0.0,"event_name":"Drug Dealer","player_choice":"Inject Mutagens","floor":30.0,"gold_loss":0.0,"damage_taken":0.0,"relics_obtained":["MutagenicStrength"]},{"damage_healed":0.0,"max_hp_gain":0.0,"max_hp_loss":0.0,"gold_gain":0.0,"event_name":"Tomb of Lord Red Mask","player_choice":"Ignored","floor":36.0,"gold_loss":0.0,"damage_taken":0.0},{"cards_removed":["Pommel Strike"],"damage_healed":0.0,"max_hp_gain":0.0,"max_hp_loss":0.0,"gold_gain":0.0,"event_name":"Falling","player_choice":"Removed Attack","floor":39.0,"gold_loss":0.0,"damage_taken":0.0}],"is_beta":false,"boss_relics":[{"not_picked":["Empty Cage","Calling Bell"],"picked":"Velvet Choker"},{"not_picked":["Cursed Key","Orrery"],"picked":"Sozu"}],"items_purged_floors":[],"is_endless":false,"potions_floor_spawned":[1,12,16,18,24,27,33],"killed_by":"Reptomancer","ascension_level":14}