{"gold_per_floor":[10,22,22,22,22,63,63,98,125,160,195,228,182,216,216,216],"floor_reached":16,"playtime":602,"items_purged":[],"score":340,"play_id":"f4fc71e8-f59e-418e-905c-d49b111e0de9","local_time":"20190701202743","is_ascension_mode":true,"campfire_choices":[{"floor":7.0,"key":"REST"},{"data":"Dagger Spray","floor":15.0,"key":"SMITH"}],"neow_cost":"NO_GOLD","seed_source_timestamp":0,"circlet_count":0,"master_deck":["AscendersBane","Strike_G","Strike_G","Strike_G","Strike_G","Strike_G","Defend_G","Defend_G","Defend_G","Defend_G","Defend_G","Survivor","Neutralize+1","Sucker Punch+1","Terror","Cloak And Dagger","Quick Slash+1","Dagger Throw","Footwork","Infinite Blades","Dagger Spray+1","Calculated Gamble"],"special_seed":0,"relics":["Ring of the Snake","FossilizedHelix","Golden Idol","Bronze Scales","Paper Crane","MawBank","Whetstone"],"potions_floor_usage":[16],"damage_taken":[{"damage":0.0,"enemies":"Small Slimes","floor":1.0,"turns":4.0},{"damage":0.0,"enemies":"2 Louse","floor":2.0,"turns":3.0},{"damage":61.0,"enemies":"3 Sentries","floor":6.0,"turns":16.0},{"damage":0.0,"enemies":"Gremlin Nob","floor":8.0,"turns":4.0},{"damage":0.0,"enemies":"Jaw Worm","floor":10.0,"turns":3.0},{"damage":0.0,"enemies":"Red Slaver","floor":11.0,"turns":2.0},{"damage":0.0,"enemies":"Blue Slaver","floor":12.0,"turns":3.0},{"damage":0.0,"enemies":"Lagavulin","floor":14.0,"turns":7.0},{"damage":33,"enemies":"Slime Boss","floor":16,"turns":7}],"seed_played":"8348127783003622580","potions_obtained":[{"floor":1.0,"key":"Fruit Juice"},{"floor":6.0,"key":"SmokeBomb"},{"floor":10.0,"key":"SteroidPotion"},{"floor":14.0,"key":"FearPotion"}],"is_trial":false,"path_per_floor":["M","M","?","?","?","E","R","E","T","M","M","M","$","E","R","B"],"character_chosen":"THE_SILENT","items_purchased":["Dagger Spray"],"campfire_rested":1,"item_purchase_floors":[13],"current_hp_per_floor":[64,64,64,64,69,8,28,28,28,28,28,28,28,28,28,0],"gold":216,"neow_bonus":"ONE_RARE_RELIC","is_prod":false,"is_daily":false,"chose_seed":false,"campfire_upgraded":1,"win_rate":0,"timestamp":1562027263,"path_taken":["M","M","?","?","?","E","R","E","T","M","?","M","?","E","R","BOSS"],"build_version":"2019-07-01","purchased_purges":0,"victory":false,"max_hp_per_floor":[71,71,64,64,69,69,69,69,69,69,69,69,69,69,69,69],"card_choices":[{"not_picked":["Catalyst","Endless Agony"],"picked":"Sucker Punch","floor":1.0},{"not_picked":["Flying Knee","Skewer"],"picked":"Terror","floor":2.0},{"not_picked":["Dodge and Roll","Deadly Poison"],"picked":"Cloak And Dagger","floor":6.0},{"not_picked":["Blade Dance","Accuracy"],"picked":"Quick Slash","floor":8.0},{"not_picked":["Acrobatics","Outmaneuver"],"picked":"Dagger Throw","floor":10.0},{"not_picked":["Terror","Deadly Poison"],"picked":"Footwork","floor":11.0},{"not_picked":["Dagger Throw","Reflex"],"picked":"Infinite Blades","floor":12.0},{"not_picked":["Reflex","Dagger Spray"],"picked":"Calculated Gamble","floor":14.0}],"player_experience":832118,"relics_obtained":[{"floor":6.0,"key":"Bronze Scales"},{"floor":8.0,"key":"Paper Crane"},{"floor":9.0,"key":"MawBank"},{"floor":14.0,"key":"Whetstone"}],"event_choices":[{"damage_healed":0.0,"max_hp_gain":0.0,"max_hp_loss":7.0,"gold_gain":0.0,"event_name":"Golden Idol","player_choice":"Lose Max HP","floor":3.0,"gold_loss":0.0,"damage_taken":0.0,"relics_obtained":["Golden Idol"]},{"damage_healed":0.0,"max_hp_gain":0.0,"max_hp_loss":0.0,"gold_gain":0.0,"event_name":"Living Wall","player_choice":"Grow","floor":4.0,"gold_loss":0.0,"damage_taken":0.0,"cards_upgraded":["Neutralize"]},{"damage_healed":0.0,"max_hp_gain":5.0,"max_hp_loss":0.0,"gold_gain":0.0,"event_name":"Big Fish","player_choice":"Donut","floor":5.0,"gold_loss":0.0,"damage_taken":0.0}],"is_beta":false,"boss_relics":[],"items_purged_floors":[],"is_endless":false,"potions_floor_spawned":[1,6,10,11,14],"killed_by":"Slime Boss","ascension_level":20}