{"gold_per_floor":[116,135,60,71,71,106,106,119,119,137,150,59,59,92,92,196,196,213,213,226,226,236,236,263,263,263,296,296,312,323,223,223,318,318,332,349,329,72,83,108,118,133,133,8,34,44,79,99,99,99],"floor_reached":51,"playtime":3324,"items_purged":["Strike_R","Strike_R","Regret"],"score":841,"play_id":"2861e780-35f7-4158-b2de-71176eef5cc4","local_time":"20190706225452","is_ascension_mode":false,"campfire_choices":[{"data":"Body Slam","floor":7.0,"key":"SMITH"},{"data":"True Grit","floor":13.0,"key":"SMITH"},{"data":"Discovery","floor":15.0,"key":"SMITH"},{"data":"Fiend Fire","floor":23,"key":"SMITH"},{"floor":25,"key":"REST"},{"data":"Metallicize","floor":32,"key":"SMITH"},{"data":"Demon Form","floor":49,"key":"SMITH"}],"neow_cost":"","seed_source_timestamp":1230952398114,"circlet_count":0,"master_deck":["Strike_R+1","Strike_R","Strike_R","Defend_R","Defend_R+1","Defend_R+1","Defend_R+1","Bash","Battle Trance","Body Slam+1","Hemokinesis","Shrug It Off","Pommel Strike","True Grit+1","Shockwave","Discovery+1","Shockwave+1","Fiend Fire+1","Disarm+1","Shrug It Off+1","Cleave","Rupture","Armaments+1","Inflame","Demon Form+1","Metallicize+1","Reaper","Sword Boomerang+1","Shrug It Off+1","Intimidate+1"],"special_seed":0,"relics":["Burning Blood","War Paint","Strawberry","Toxic Egg 2","Orrery","Enchiridion","Thread and Needle","Red Skull","Potion Belt","Cursed Key","Mummified Hand","Bag of Marbles","Ornamental Fan","PreservedInsect","Pear"],"potions_floor_usage":[16,27,40,40,40,47,50,50],"damage_taken":[{"damage":4.0,"enemies":"2 Louse","floor":1.0,"turns":4.0},{"damage":10.0,"enemies":"Jaw Worm","floor":2.0,"turns":6.0},{"damage":7.0,"enemies":"Small Slimes","floor":4.0,"turns":4.0},{"damage":19.0,"enemies":"Lagavulin","floor":6.0,"turns":8.0},{"damage":3.0,"enemies":"Exordium Thugs","floor":8.0,"turns":5.0},{"damage":3.0,"enemies":"2 Fungi Beasts","floor":10.0,"turns":3.0},{"damage":0.0,"enemies":"Gremlin Gang","floor":11.0,"turns":7.0},{"damage":7.0,"enemies":"3 Sentries","floor":14.0,"turns":7.0},{"damage":49,"enemies":"The Guardian","floor":16,"turns":15},{"damage":3,"enemies":"Shell Parasite","floor":18,"turns":9},{"damage":10,"enemies":"2 Thieves","floor":20,"turns":5},{"damage":10,"enemies":"Snecko","floor":22,"turns":7},{"damage":21,"enemies":"Book of Stabbing","floor":24,"turns":8},{"damage":7,"enemies":"Slavers","floor":27,"turns":4},{"damage":3,"enemies":"Centurion and Healer","floor":29,"turns":8},{"damage":5,"enemies":"Snake Plant","floor":30,"turns":6},{"damage":49,"enemies":"Champ","floor":33,"turns":11},{"damage":4,"enemies":"Orb Walker","floor":35,"turns":3},{"damage":11,"enemies":"3 Darklings","floor":36,"turns":7},{"damage":15,"enemies":"Jaw Worm Horde","floor":39,"turns":4},{"damage":50,"enemies":"Reptomancer","floor":40,"turns":7},{"damage":5,"enemies":"Transient","floor":41,"turns":5},{"damage":21,"enemies":"3 Darklings","floor":42,"turns":4},{"damage":3,"enemies":"Giant Head","floor":45,"turns":7},{"damage":2,"enemies":"Writhing Mass","floor":46,"turns":6},{"damage":58,"enemies":"Reptomancer","floor":47,"turns":10},{"damage":5,"enemies":"Transient","floor":48,"turns":5},{"damage":10,"enemies":"Awakened One","floor":50,"turns":14}],"seed_played":"8579391225902008582","potions_obtained":[{"floor":2.0,"key":"GamblersBrew"},{"floor":4.0,"key":"SpeedPotion"},{"floor":6.0,"key":"Energy Potion"},{"floor":14.0,"key":"GamblersBrew"},{"floor":16,"key":"Block Potion"},{"floor":27,"key":"Block Potion"},{"floor":29,"key":"LiquidBronze"},{"floor":37,"key":"SpeedPotion"},{"floor":41,"key":"EssenceOfSteel"},{"floor":45,"key":"Block Potion"},{"floor":46,"key":"LiquidBronze"},{"floor":47,"key":"Ancient Potion"},{"floor":48,"key":"Swift Potion"}],"is_trial":false,"path_per_floor":["M","M","$","M","?","E","R","M","T","M","M","$","R","E","R","B",null,"M","?","M","?","M","R","E","R","T","E","$","M","M","$","R","B",null,"M","M","?","$","M","E","M","M","T","$","E","M","E","M","R","B",null],"character_chosen":"IRONCLAD","items_purchased":["Discovery","Mummified Hand"],"campfire_rested":1,"item_purchase_floors":[12,38],"current_hp_per_floor":[80,76,76,75,59,46,46,49,56,59,65,65,65,64,64,21,87,87,87,83,67,63,63,48,74,74,73,73,76,77,77,77,34,87,87,82,82,82,73,86,87,87,87,87,87,87,75,80,80,97],"gold":99,"neow_bonus":"","is_prod":false,"is_daily":false,"chose_seed":false,"campfire_upgraded":6,"win_rate":0.0,"timestamp":1562446492,"path_taken":["M","M","$","M","?","E","R","M","T","M","M","$","R","E","R","BOSS","M","?","M","?","?","R","E","R","T","E","$","M","M","$","R","BOSS","M","M","?","$","M","E","M","M","T","?","E","M","E","M","R","BOSS"],"build_version":"2019-07-05","purchased_purges":3,"victory":true,"max_hp_per_floor":[80,80,80,80,80,80,80,80,87,87,87,87,87,87,87,87,87,87,87,87,87,87,87,87,87,87,87,87,87,87,87,87,87,87,87,87,87,87,87,87,87,87,87,87,87,87,97,97,97,97],"card_choices":[{"not_picked":["Headbutt","Thunderclap"],"picked":"Battle Trance","floor":1.0},{"not_picked":["Dropkick","Clash"],"picked":"Body Slam","floor":2.0},{"not_picked":["Ghostly Armor","Thunderclap"],"picked":"Hemokinesis","floor":4.0},{"not_picked":["Clothesline","Feel No Pain"],"picked":"Shrug It Off","floor":6.0},{"not_picked":["Pummel","Carnage"],"picked":"Pommel Strike","floor":8.0},{"not_picked":["Intimidate","Dropkick"],"picked":"True Grit","floor":10.0},{"not_picked":["Body Slam","Perfected Strike"],"picked":"Shockwave","floor":11.0},{"not_picked":["Cleave","Shrug It Off"],"picked":"Shockwave","floor":14.0},{"not_picked":["Demon Form","Reaper"],"picked":"Fiend Fire","floor":16},{"not_picked":["Clash","Pommel Strike"],"picked":"Disarm+1","floor":17},{"not_picked":["Flex+1","Uppercut"],"picked":"Shrug It Off+1","floor":17},{"not_picked":["Perfected Strike","Twin Strike"],"picked":"Cleave","floor":17},{"not_picked":["Power Through+1","Clash"],"picked":"Rupture","floor":17},{"not_picked":["Carnage","Anger","Cleave"],"picked":"SKIP","floor":18},{"not_picked":["Dropkick","Sever Soul+1","Headbutt"],"picked":"SKIP","floor":20},{"not_picked":["Second Wind+1","Disarm+1"],"picked":"Armaments+1","floor":22},{"not_picked":["Second Wind+1","Dropkick"],"picked":"Inflame","floor":24},{"not_picked":["Perfected Strike","Iron Wave"],"picked":"Demon Form","floor":27},{"not_picked":["True Grit+1","Iron Wave"],"picked":"Metallicize","floor":29},{"not_picked":["Corruption","Shockwave+1","Perfected Strike+1"],"picked":"SKIP","floor":30},{"not_picked":["Dark Embrace","Juggernaut"],"picked":"Reaper","floor":33},{"not_picked":["Sword Boomerang+1","Dropkick","Twin Strike+1"],"picked":"SKIP","floor":35},{"not_picked":["Anger+1","Cleave+1"],"picked":"Sword Boomerang+1","floor":36},{"not_picked":["Clash","Headbutt+1"],"picked":"Shrug It Off+1","floor":39},{"not_picked":["Cleave","Perfected Strike","Inflame"],"picked":"SKIP","floor":40},{"not_picked":["Corruption","Armaments+1"],"picked":"Intimidate+1","floor":41},{"not_picked":["Iron Wave","Cleave","Berserk"],"picked":"SKIP","floor":42},{"not_picked":["Perfected Strike","True Grit+1","Anger"],"picked":"SKIP","floor":45},{"not_picked":["Bloodletting+1","True Grit+1","Seeing Red+1"],"picked":"SKIP","floor":46},{"not_picked":["Armaments+1","Bloodletting+1","Burning Pact+1"],"picked":"SKIP","floor":47},{"not_picked":["True Grit+1","Perfected Strike","Warcry+1"],"picked":"SKIP","floor":48}],"player_experience":0,"relics_obtained":[{"floor":6.0,"key":"War Paint"},{"floor":9.0,"key":"Strawberry"},{"floor":14.0,"key":"Toxic Egg 2"},{"floor":21,"key":"Enchiridion"},{"floor":24,"key":"Thread and Needle"},{"floor":26,"key":"Red Skull"},{"floor":27,"key":"Potion Belt"},{"floor":40,"key":"Bag of Marbles"},{"floor":43,"key":"Ornamental Fan"},{"floor":45,"key":"PreservedInsect"},{"floor":47,"key":"Pear"}],"event_choices":[{"damage_healed":0.0,"max_hp_gain":0.0,"max_hp_loss":0.0,"gold_gain":0.0,"event_name":"Shining Light","player_choice":"Entered Light","floor":5.0,"gold_loss":0.0,"damage_taken":16.0,"cards_upgraded":["Defend_R","Strike_R"]},{"damage_healed":0,"gold_gain":0,"player_choice":"Ignored","damage_taken":0,"max_hp_gain":0,"max_hp_loss":0,"event_name":"Ghosts","floor":19,"gold_loss":0},{"damage_healed":0,"gold_gain":0,"player_choice":"Obtained Book","damage_taken":16,"max_hp_gain":0,"max_hp_loss":0,"event_name":"Cursed Tome","floor":21,"gold_loss":0},{"damage_healed":0,"gold_gain":0,"player_choice":"Bought 1 Potion","damage_taken":0,"max_hp_gain":0,"max_hp_loss":0,"event_name":"The Woman in Blue","floor":37,"gold_loss":0}],"is_beta":false,"boss_relics":[{"not_picked":["White Beast Statue","Tiny House"],"picked":"Orrery"},{"not_picked":["Lizard Tail","Runic Cube"],"picked":"Cursed Key"}],"items_purged_floors":[3,31,44],"is_endless":false,"potions_floor_spawned":[2,4,6,14,16,24,27,29,41,45,46,47,48],"ascension_level":0}