{"path_per_floor":["M","?","M","M","M","R","M","R","T","R","M","?","$","M","R","B",null,"M","$","M","?"],"character_chosen":"IRONCLAD","items_purchased":["Toolbox","Enlightenment","Pommel Strike","Armaments"],"gold_per_floor":[115,115,130,142,160,160,171,171,471,471,489,489,46,56,56,159,159,176,99,119,119],"floor_reached":22,"campfire_rested":2,"playtime":1194,"current_hp_per_floor":[80,80,75,80,73,73,69,69,69,80,73,66,66,54,78,26,80,54,54,32,32],"items_purged":[],"gold":119,"play_id":"9bd0d87e-d9df-4edf-a162-c36fd8952142","is_prod":false,"is_daily":false,"is_ascension_mode":false,"campfire_upgraded":2,"path_taken":["M","?","M","?","M","R","M","R","T","R","M","?","$","M","R","BOSS","M","$","M","?","M"],"build_version":"2018-02-01-PROD3","purchased_purges":1,"victory":false,"master_deck":["Strike_R","Strike_R","Strike_R","Strike_R","Defend_R","Defend_R","Defend_R","Defend_R","Bash","Infernal Blade+1","Flex+1","Perfected Strike","Combust","Thunderclap","Rage+1","Disarm","Enlightenment","Offering","Double Tap","Headbutt","Pommel Strike","Armaments","Rampage"],"max_hp_per_floor":[80,80,80,80,80,80,80,80,80,80,80,80,80,80,80,80,80,80,80,80,80],"relics":["Black Blood","Old Coin","Blood Vial","Toolbox"],"card_choices":[{"not_picked":["Heavy Blade","Hemokinesis"],"picked":"Flex"},{"not_picked":["Sword Boomerang","Iron Wave"],"picked":"Perfected Strike"},{"not_picked":["Iron Wave","Searing Blow"],"picked":"Combust"},{"not_picked":["Pummel","Flex"],"picked":"Thunderclap"},{"not_picked":["Cleave","Twin Strike"],"picked":"Rage"},{"not_picked":["Body Slam","Shockwave"],"picked":"Disarm"},{"not_picked":["Evolve","Rage"],"picked":"Offering"},{"not_picked":["Offering","Juggernaut"],"picked":"Double Tap"},{"not_picked":["Body Slam","Armaments"],"picked":"Headbutt"},{"not_picked":["Power Through","Cleave"],"picked":"Rampage"}],"player_experience":63715,"potions_floor_usage":[16,16,18],"damage_taken":[{"damage":4,"enemies":"2 Louse","floor":1,"turns":2},{"damage":11,"enemies":"Blue Slaver","floor":3,"turns":4},{"damage":0,"enemies":"Cultist","floor":4,"turns":2},{"damage":13,"enemies":"Lots of Slimes","floor":5,"turns":3},{"damage":10,"enemies":"Looter","floor":7,"turns":3},{"damage":13,"enemies":"Large Slime","floor":11,"turns":6},{"damage":20,"enemies":"Exordium Thugs","floor":14,"turns":5},{"damage":60,"enemies":"Slime Boss","floor":16,"turns":9},{"damage":42,"enemies":"3 Byrds","floor":18,"turns":5},{"damage":34,"enemies":"Shell Parasite","floor":20,"turns":8},{"damage":37,"enemies":"Snake Plant","floor":22,"turns":4}],"event_choices":[{"event_name":"Upgrade Shrine","player_choice":"Upgraded","floor":2,"damage_taken":0},{"event_name":"Scrap Ooze","player_choice":"success","floor":12,"damage_taken":7},{"event_name":"Beggar","player_choice":"Ignored","floor":21,"damage_taken":0}],"boss_relics":[{"not_picked":["Eternal Feather","Runic Dome"],"picked":"Black Blood"}],"potions_floor_spawned":[4,5,14],"seed_played":"1720770775938482804","killed_by":"Snake Plant","ascension_level":0,"is_trial":false}