{"gold_per_floor":[118,118,58,58,58,58,101,101,101,136,161,184,200,223,223,316,316,329,329,354,404,146,146,162,162,188,188,214,239,239,260,260,351,351,372,372,397,410,335,335],"floor_reached":40,"playtime":1396,"items_purged":["Chaos"],"score":729,"play_id":"2ae50bdb-081a-43df-8163-8f2d1b9fb01e","local_time":"20180831122911","is_ascension_mode":true,"campfire_choices":[{"data":"Zap","floor":6.0,"key":"SMITH"},{"floor":8.0,"key":"REST"},{"floor":15.0,"key":"REST"},{"data":"Loop","floor":23.0,"key":"SMITH"},{"data":"Capacitor","floor":27.0,"key":"SMITH"},{"floor":30.0,"key":"REST"},{"floor":32.0,"key":"REST"}],"neow_cost":"NONE","seed_source_timestamp":4721110813730381,"circlet_count":0,"master_deck":["Zap+1","Dualcast","AscendersBane","Cold Snap+1","Conserve Battery","Loop+1","Conserve Battery","Reinforced Body","Capacitor+1","BootSequence","Biased Cognition","Compile Driver+1","Sweeping Beam","Storm","Sweeping Beam","Genetic Algorithm","Ball Lightning","Cold Snap","FTL","Core Surge","Electrodynamics","Fusion+1","Electrodynamics+1","Redo+1","Hologram+1","Stack","Glacier"],"special_seed":0,"relics":["Cracked Core","Art of War","NlothsMask","Mercury Hourglass","Golden Idol","Omamori","Strawberry","Bronze Scales","Pandora\u0027s Box","Lee\u0027s Waffle","Whetstone","Boot","Astrolabe"],"potions_floor_usage":[40],"damage_taken":[{"damage":0.0,"enemies":"2 Louse","floor":1.0,"turns":2.0},{"damage":24.0,"enemies":"Gremlin Nob","floor":7.0,"turns":4.0},{"damage":14.0,"enemies":"3 Sentries","floor":10.0,"turns":6.0},{"damage":1.0,"enemies":"Cultist","floor":11.0,"turns":3.0},{"damage":0.0,"enemies":"Small Slimes","floor":13.0,"turns":3.0},{"damage":9.0,"enemies":"Exordium Thugs","floor":14.0,"turns":4.0},{"damage":13.0,"enemies":"Hexaghost","floor":16.0,"turns":11.0},{"damage":9.0,"enemies":"Chosen","floor":18.0,"turns":6.0},{"damage":34.0,"enemies":"Colosseum Slavers","floor":19.0,"turns":3.0},{"damage":1.0,"enemies":"3 Byrds","floor":20.0,"turns":2.0},{"damage":19.0,"enemies":"Centurion and Healer","floor":24.0,"turns":7.0},{"damage":30.0,"enemies":"Cultist and Chosen","floor":29.0,"turns":5.0},{"damage":15.0,"enemies":"3 Cultists","floor":31.0,"turns":3.0},{"damage":64.0,"enemies":"Automaton","floor":33.0,"turns":8.0},{"damage":13.0,"enemies":"Orb Walker","floor":35.0,"turns":3.0},{"damage":17.0,"enemies":"3 Shapes","floor":37.0,"turns":3.0},{"damage":14.0,"enemies":"Sphere and 2 Shapes","floor":38.0,"turns":5.0},{"damage":24,"enemies":"2 Orb Walkers","floor":40,"turns":3}],"seed_played":"4159803091849030763","potions_obtained":[{"floor":1.0,"key":"EssenceOfSteel"},{"floor":10.0,"key":"SkillPotion"},{"floor":16.0,"key":"SpeedPotion"},{"floor":18.0,"key":"SpeedPotion"},{"floor":35.0,"key":"SteroidPotion"}],"is_trial":false,"path_per_floor":["M","?","$","?","?","R","E","R","T","E","M","T","M","M","R","B",null,"M","?","M","?","$","R","M","?","T","R","T","M","R","M","R","B",null,"M","?","M","M","$"],"character_chosen":"DEFECT","items_purchased":["Conserve Battery","Lee\u0027s Waffle","Ball Lightning"],"campfire_rested":4,"item_purchase_floors":[3,22,22],"current_hp_per_floor":[64,64,64,53,29,29,5,26,26,19,18,18,18,9,32,19,63,54,20,19,19,85,85,66,66,66,66,66,36,61,46,71,7,66,53,53,36,22,22,0],"gold":335,"neow_bonus":"RANDOM_COMMON_RELIC","is_prod":false,"is_daily":false,"chose_seed":false,"campfire_upgraded":3,"win_rate":0,"timestamp":1535732951,"path_taken":["M","?","$","?","?","R","E","R","T","E","M","?","M","M","R","BOSS","M","?","M","?","$","R","M","?","T","R","?","?","R","M","R","BOSS","M","?","M","?","$","E"],"build_version":"2018-08-30","purchased_purges":1,"victory":false,"max_hp_per_floor":[71,71,71,71,71,71,71,71,71,78,78,78,78,78,78,78,78,78,78,78,78,85,85,85,85,85,85,85,85,85,85,85,85,85,85,85,85,85,85,85],"card_choices":[{"not_picked":["Conserve Battery","Sweeping Beam"],"picked":"Cold Snap","floor":1.0},{"not_picked":["Scrape","Compile Driver"],"picked":"Loop","floor":7.0},{"not_picked":["Hologram","Genetic Algorithm"],"picked":"Conserve Battery","floor":10.0},{"not_picked":["Tempest","Darkness"],"picked":"Reinforced Body","floor":11.0},{"not_picked":["Rip and Tear","Heatsinks"],"picked":"Capacitor","floor":13.0},{"not_picked":["Barrage","Darkness"],"picked":"BootSequence","floor":14.0},{"not_picked":["Reboot","All For One"],"picked":"Biased Cognition","floor":16.0},{"not_picked":["Aggregate","Beam Cell","Gash"],"picked":"SKIP","floor":18.0},{"not_picked":["Gash+1","Redo"],"picked":"Genetic Algorithm","floor":20.0},{"not_picked":["Barrage+1","Consume"],"picked":"Cold Snap","floor":24.0},{"not_picked":["Auto Shields","Capacitor"],"picked":"FTL","floor":29.0},{"not_picked":["Redo","Rebound"],"picked":"Core Surge","floor":31.0},{"not_picked":["Meteor Strike","All For One"],"picked":"Electrodynamics","floor":33.0},{"not_picked":["Cold Snap","Tempest"],"picked":"Hologram+1","floor":35.0},{"not_picked":["Chill+1","Lockon"],"picked":"Stack","floor":37.0},{"not_picked":["Redo+1","Tempest+1"],"picked":"Glacier","floor":38.0}],"player_experience":291052,"relics_obtained":[{"floor":7.0,"key":"Omamori"},{"floor":10.0,"key":"Strawberry"},{"floor":12.0,"key":"Bronze Scales"},{"floor":26.0,"key":"Whetstone"},{"floor":28.0,"key":"Boot"}],"event_choices":[{"event_name":"FaceTrader","player_choice":"Trade","floor":2.0,"damage_taken":0.0},{"event_name":"Scrap Ooze","player_choice":"success","floor":4.0,"damage_taken":11.0},{"event_name":"Golden Idol","player_choice":"Take Damage","floor":5.0,"damage_taken":0.0},{"event_name":"Colosseum","player_choice":"Fight","floor":19.0,"damage_taken":0.0},{"event_name":"Colosseum","player_choice":"Fled From Nobs","floor":19.0,"damage_taken":0.0},{"event_name":"Golden Shrine","player_choice":"Pray","floor":21.0,"damage_taken":0.0},{"event_name":"Ghosts","player_choice":"Ignored","floor":25.0,"damage_taken":0.0},{"event_name":"Transmorgrifier","player_choice":"Transform","floor":36.0,"damage_taken":0.0}],"is_beta":false,"boss_relics":[{"not_picked":["Empty Cage","Black Star"],"picked":"Pandora\u0027s Box"},{"not_picked":["Philosopher\u0027s Stone","Runic Pyramid"],"picked":"Astrolabe"}],"items_purged_floors":[39],"is_endless":false,"potions_floor_spawned":[1,10,16,18,20,24,31,35,37],"killed_by":"2 Orb Walkers","ascension_level":17}