{"gold_per_floor":[116,127,86,33,33,60,60,93,138,154,154,186,201,151,151,249,249,249,162,162,162,162,162,77,77,77,77,2,2,2,2,2,2,2,2,2,2,0,0,0,0,0,0,0,0,0,0,0,0,0],"floor_reached":50,"playtime":1860,"items_purged":["Strike_G","Strike_G"],"score":780,"play_id":"a0a2c641-811c-4cea-9846-a861b2df7273","local_time":"20180806135434","is_ascension_mode":true,"campfire_choices":[{"data":"1","floor":7.0,"key":"LIFT"},{"data":"2","floor":11.0,"key":"LIFT"},{"data":"3","floor":15.0,"key":"LIFT"},{"data":"Neutralize","floor":25.0,"key":"SMITH"},{"data":"Dagger Spray","floor":27.0,"key":"SMITH"},{"data":"Blade Dance","floor":32.0,"key":"SMITH"},{"data":"Infinite Blades","floor":40.0,"key":"SMITH"},{"floor":42.0,"key":"REST"},{"data":"Adrenaline","floor":44.0,"key":"SMITH"},{"data":"Malaise","floor":47.0,"key":"SMITH"},{"data":"Leg Sweep","floor":49.0,"key":"SMITH"}],"neow_cost":"NONE","seed_source_timestamp":2566102111019538,"circlet_count":0,"master_deck":["Defend_G","Defend_G","Defend_G","Defend_G","Defend_G","Survivor","Neutralize+1","Unload","Sucker Punch","Backstab","Dagger Spray+1","Poisoned Stab","Backstab","Riddle With Holes","Deadly Poison","Cloak And Dagger","Adrenaline+1","PiercingWail+1","Skewer","Infinite Blades+1","Poisoned Stab","Flying Knee+1","Blade Dance+1","Reflex+1","A Thousand Cuts+1","Expertise+1","Dodge and Roll+1","Sucker Punch","Leg Sweep+1","Malaise+1","PiercingWail+1"],"special_seed":0,"relics":["Ring of the Snake","Bag of Preparation","Girya","Smiling Mask","Centennial Puzzle","Bag of Marbles","Ectoplasm","Bottled Flame","Juzu Bracelet","Oddly Smooth Stone","Tiny Chest","Astrolabe","Shuriken","Gambling Chip","Red Mask","Vajra","Boot","Happy Flower"],"potions_floor_usage":[50],"damage_taken":[{"damage":1.0,"enemies":"Small Slimes","floor":1.0,"turns":3.0},{"damage":0.0,"enemies":"Cultist","floor":2.0,"turns":3.0},{"damage":14.0,"enemies":"3 Sentries","floor":6.0,"turns":9.0},{"damage":3.0,"enemies":"Lagavulin","floor":8.0,"turns":4.0},{"damage":0.0,"enemies":"2 Louse","floor":10.0,"turns":1.0},{"damage":0.0,"enemies":"Gremlin Nob","floor":12.0,"turns":2.0},{"damage":0.0,"enemies":"Lots of Slimes","floor":13.0,"turns":1.0},{"damage":0.0,"enemies":"Slime Boss","floor":16.0,"turns":5.0},{"damage":0.0,"enemies":"3 Byrds","floor":18.0,"turns":2.0},{"damage":0.0,"enemies":"Spheric Guardian","floor":20.0,"turns":1.0},{"damage":0.0,"enemies":"Centurion and Healer","floor":21.0,"turns":2.0},{"damage":0.0,"enemies":"Snecko","floor":22.0,"turns":2.0},{"damage":14.0,"enemies":"Slavers","floor":23.0,"turns":3.0},{"damage":0.0,"enemies":"Book of Stabbing","floor":31.0,"turns":3.0},{"damage":25.0,"enemies":"Champ","floor":33.0,"turns":7.0},{"damage":0.0,"enemies":"3 Shapes","floor":35.0,"turns":2.0},{"damage":0.0,"floor":37.0,"turns":2.0},{"damage":0.0,"enemies":"Flame Bruiser 1 Orb","floor":39.0,"turns":1.0},{"damage":15.0,"enemies":"2 Orb Walkers","floor":41.0,"turns":3.0},{"damage":12.0,"enemies":"Giant Head","floor":48.0,"turns":6.0},{"damage":81,"enemies":"Time Eater","floor":50,"turns":12}],"seed_played":"-2762465509774130303","potions_obtained":[{"floor":2.0,"key":"GhostInAJar"},{"floor":6.0,"key":"SteroidPotion"},{"floor":8.0,"key":"Regen Potion"},{"floor":10.0,"key":"Strength Potion"},{"floor":21.0,"key":"Dexterity Potion"},{"floor":31.0,"key":"SteroidPotion"},{"floor":35.0,"key":"EssenceOfSteel"}],"is_trial":false,"path_per_floor":["M","M","?","$","?","E","R","E","T","M","R","E","M","$","R","B",null,"M","$","M","M","M","E","?","R","T","R","?","$","?","E","R","B",null,"M","T","?","?","M","R","E","R","T","R","$","?","R","E","R"],"character_chosen":"THE_SILENT","items_purchased":["Dagger Spray","Skewer"],"campfire_rested":1,"item_purchase_floors":[4,19],"current_hp_per_floor":[69,69,69,69,66,52,52,49,49,49,49,49,49,49,49,49,70,70,70,70,70,70,56,56,56,56,56,56,56,56,65,65,40,70,70,70,70,70,70,70,55,70,70,70,70,70,70,58,58,0],"gold":0,"neow_bonus":"ONE_RANDOM_RARE_CARD","is_prod":false,"is_daily":false,"chose_seed":false,"campfire_upgraded":7,"win_rate":0,"timestamp":1533578074,"path_taken":["M","M","?","$","?","E","R","E","T","M","R","E","M","$","R","BOSS","M","$","M","?","M","E","?","R","T","R","?","?","?","E","R","BOSS","M","?","?","?","M","R","E","R","T","R","?","?","R","E","R","BOSS"],"build_version":"2018-08-02","purchased_purges":2,"victory":false,"max_hp_per_floor":[70,70,70,70,70,70,70,70,70,70,70,70,70,70,70,70,70,70,70,70,70,70,70,70,70,70,70,70,70,70,70,70,70,70,70,70,70,70,70,70,70,70,70,70,70,70,70,70,70,70],"card_choices":[{"not_picked":["Prepared","Deflect"],"picked":"Sucker Punch","floor":1.0},{"not_picked":["Deflect","Finisher"],"picked":"Backstab","floor":2.0},{"not_picked":["Distraction","Unload"],"picked":"Poisoned Stab","floor":6.0},{"not_picked":["Prepared","Skewer"],"picked":"Backstab","floor":8.0},{"not_picked":["Deflect","Escape Plan"],"picked":"Riddle With Holes","floor":10.0},{"not_picked":["Flying Knee","Sucker Punch"],"picked":"Deadly Poison","floor":12.0},{"not_picked":["Deadly Poison","Tactician"],"picked":"Cloak And Dagger","floor":13.0},{"not_picked":["Doppelganger","Wraith Form v2"],"picked":"Adrenaline","floor":16.0},{"not_picked":["Slice+1","Underhanded Strike"],"picked":"PiercingWail+1","floor":18.0},{"not_picked":["Bane+1","Sucker Punch"],"picked":"Cloak And Dagger","floor":20.0},{"not_picked":["Reflex","All Out Attack+1"],"picked":"Infinite Blades","floor":21.0},{"not_picked":["Acrobatics","Flechettes+1"],"picked":"Poisoned Stab","floor":22.0},{"not_picked":["Predator","Slice"],"picked":"Flying Knee+1","floor":23.0},{"not_picked":["Blur","PiercingWail+1"],"picked":"Blade Dance","floor":31.0},{"not_picked":["Corpse Explosion","Venomology"],"picked":"Storm of Steel","floor":33.0},{"not_picked":["Eviscerate","Outmaneuver"],"picked":"Dodge and Roll+1","floor":35.0},{"not_picked":["Concentrate","Dagger Throw"],"picked":"Sucker Punch","floor":37.0},{"not_picked":["Sucker Punch","Dagger Spray+1"],"picked":"Leg Sweep","floor":39.0},{"not_picked":["Poisoned Stab","Predator+1"],"picked":"Malaise","floor":41.0},{"not_picked":["All Out Attack","Flying Knee"],"picked":"PiercingWail+1","floor":48.0}],"player_experience":223877,"relics_obtained":[{"floor":6.0,"key":"Girya"},{"floor":8.0,"key":"Smiling Mask"},{"floor":9.0,"key":"Centennial Puzzle"},{"floor":12.0,"key":"Bag of Marbles"},{"floor":23.0,"key":"Bottled Flame"},{"floor":26.0,"key":"Oddly Smooth Stone"},{"floor":31.0,"key":"Tiny Chest"},{"floor":36.0,"key":"Shuriken"},{"floor":37.0,"key":"Gambling Chip"},{"floor":41.0,"key":"Vajra"},{"floor":43.0,"key":"Boot"},{"floor":48.0,"key":"Happy Flower"}],"event_choices":[{"event_name":"World of Goop","player_choice":"Left","floor":3.0,"damage_taken":0.0},{"event_name":"Scrap Ooze","player_choice":"success","floor":5.0,"damage_taken":3.0},{"event_name":"Addict","player_choice":"Obtained Relic","floor":24.0,"damage_taken":0.0},{"event_name":"Beggar","player_choice":"Gave Gold","floor":28.0,"damage_taken":0.0},{"event_name":"N\u0027loth","player_choice":"Ignored","floor":30.0,"damage_taken":0.0},{"event_name":"MindBloom","player_choice":"Fight","floor":37.0,"damage_taken":0.0},{"event_name":"Tomb of Lord Red Mask","player_choice":"Paid","floor":38.0,"damage_taken":0.0},{"event_name":"Falling","player_choice":"Removed Skill","floor":46.0,"damage_taken":0.0}],"is_beta":false,"boss_relics":[{"not_picked":["Orrery","Velvet Choker"],"picked":"Ectoplasm"},{"not_picked":["Tiny House","Busted Crown"],"picked":"Astrolabe"}],"items_purged_floors":[14,19],"is_endless":false,"potions_floor_spawned":[2,6,8,10,21,31,35],"killed_by":"Time Eater","ascension_level":4}