{"gold_per_floor":[111,111,111,36,50,50,83,8,8,8,8,8,39,54,54,54],"floor_reached":16,"playtime":363,"items_purged":["Strike_R"],"score":212,"play_id":"6f96c77e-81e7-4f29-a907-f4519bfcb148","local_time":"20190615232554","is_ascension_mode":true,"campfire_choices":[{"floor":10,"key":"REST"},{"data":"Clothesline","floor":12,"key":"SMITH"},{"floor":15,"key":"REST"}],"neow_cost":"NONE","seed_source_timestamp":139836165436300,"circlet_count":0,"master_deck":["AscendersBane","Strike_R","Strike_R","Strike_R","Strike_R","Defend_R","Defend_R","Defend_R","Bash+1","Purity","Clothesline+1","Shrug It Off","Shrug It Off","Rampage","Exhume"],"special_seed":0,"relics":["Burning Blood","Golden Idol","Letter Opener","Gremlin Horn","Mummified Hand"],"potions_floor_usage":[7,16],"damage_taken":[{"damage":16.0,"enemies":"Jaw Worm","floor":1.0,"turns":5.0},{"damage":9,"enemies":"2 Louse","floor":5,"turns":3},{"damage":46,"enemies":"3 Sentries","floor":7,"turns":13},{"damage":32,"enemies":"Gremlin Nob","floor":13,"turns":4},{"damage":1,"enemies":"Cultist","floor":14,"turns":4},{"damage":29,"enemies":"Slime Boss","floor":16,"turns":6}],"seed_played":"-5379126007778995368","potions_obtained":[{"floor":1.0,"key":"SneckoOil"},{"floor":13,"key":"Weak Potion"},{"floor":14,"key":"BloodPotion"}],"is_trial":false,"path_per_floor":["M","?","?","$","M","?","E","?","T","R","$","R","E","M","R","B"],"character_chosen":"IRONCLAD","items_purchased":[],"campfire_rested":2,"item_purchase_floors":[],"current_hp_per_floor":[58,58,58,58,55,60,20,20,20,41,41,41,15,20,41,19],"gold":54,"neow_bonus":"RANDOM_COLORLESS","is_prod":false,"is_daily":false,"chose_seed":false,"campfire_upgraded":1,"win_rate":0,"timestamp":1560637554,"path_taken":["M","?","?","$","M","?","E","?","T","R","$","R","E","M","R","BOSS"],"build_version":"2019-01-23","purchased_purges":1,"victory":false,"max_hp_per_floor":[75,75,68,68,68,73,73,73,73,73,73,73,73,73,73,73],"card_choices":[{"not_picked":["Headbutt","Perfected Strike"],"picked":"Clothesline","floor":1.0},{"not_picked":["Wild Strike","Cleave"],"picked":"Shrug It Off","floor":5},{"not_picked":["Second Wind","Intimidate"],"picked":"Shrug It Off","floor":7},{"not_picked":["Sword Boomerang","Flex"],"picked":"Rampage","floor":13},{"not_picked":["Clash","Havoc"],"picked":"Exhume","floor":14}],"player_experience":1464815,"relics_obtained":[{"floor":7,"key":"Letter Opener"},{"floor":9,"key":"Gremlin Horn"},{"floor":13,"key":"Mummified Hand"}],"event_choices":[{"damage_healed":0,"gold_gain":0,"player_choice":"Grow","damage_taken":0,"max_hp_gain":0,"max_hp_loss":0,"event_name":"Living Wall","floor":2,"gold_loss":0,"cards_upgraded":["Bash"]},{"damage_healed":0,"gold_gain":0,"player_choice":"Lose Max HP","damage_taken":0,"relics_obtained":["Golden Idol"],"max_hp_gain":0,"max_hp_loss":7,"event_name":"Golden Idol","floor":3,"gold_loss":0},{"damage_healed":0,"gold_gain":0,"player_choice":"Donut","damage_taken":0,"max_hp_gain":5,"max_hp_loss":0,"event_name":"Big Fish","floor":6,"gold_loss":0},{"cards_removed":["Defend_R"],"damage_healed":0,"gold_gain":0,"player_choice":"Card Removal","damage_taken":0,"max_hp_gain":0,"max_hp_loss":0,"event_name":"The Cleric","floor":8,"gold_loss":75}],"is_beta":false,"boss_relics":[],"items_purged_floors":[4],"is_endless":false,"potions_floor_spawned":[1,13,14],"killed_by":"Slime Boss","ascension_level":20}