{"gold_per_floor":[113,38,38,54,54,54,54,54,54,54,77,77],"floor_reached":12,"playtime":174,"items_purged":[],"score":132,"play_id":"4c5527dd-9419-4dff-8086-d8010ea2e52f","local_time":"20190522180558","is_ascension_mode":true,"campfire_choices":[{"data":"Bash","floor":6,"key":"SMITH"},{"data":"Whirlwind","floor":8,"key":"SMITH"},{"data":"Sword Boomerang","floor":10,"key":"SMITH"}],"neow_cost":"NONE","seed_source_timestamp":84857894689600,"circlet_count":0,"master_deck":["AscendersBane","Strike_R","Strike_R","Strike_R","Strike_R","Defend_R","Defend_R","Defend_R","Defend_R","Bash+1","Whirlwind+1","Regret","Sword Boomerang+1","Rupture"],"relics":["Burning Blood","Paper Frog","Golden Idol","Mummified Hand"],"potions_floor_usage":[12],"damage_taken":[{"damage":12,"enemies":"Small Slimes","floor":1,"turns":5},{"damage":2,"enemies":"2 Louse","floor":4,"turns":2},{"damage":13,"enemies":"Cultist","floor":11,"turns":4},{"damage":46,"enemies":"Lagavulin","floor":12,"turns":5}],"seed_played":"-7860106944319702738","potions_obtained":[{"floor":1,"key":"BloodPotion"}],"is_trial":false,"path_per_floor":["M","?","?","M","?","R","$","R","T","R","M","E"],"character_chosen":"IRONCLAD","items_purchased":[],"campfire_rested":0,"item_purchase_floors":[],"current_hp_per_floor":[69,69,69,73,45,45,45,45,45,45,38,0],"gold":77,"neow_bonus":"TEN_PERCENT_HP_BONUS","is_prod":false,"is_daily":false,"chose_seed":false,"campfire_upgraded":3,"win_rate":0,"timestamp":1558544758,"path_taken":["M","?","?","M","?","R","$","R","T","R","M","E"],"build_version":"2019-01-23","purchased_purges":0,"victory":false,"max_hp_per_floor":[82,82,82,82,82,82,82,82,82,82,82,82],"card_choices":[{"not_picked":["Wild Strike","Flex"],"picked":"Whirlwind","floor":1},{"not_picked":["Clash","Wild Strike"],"picked":"Sword Boomerang","floor":4},{"not_picked":["Thunderclap","Headbutt"],"picked":"Rupture","floor":11}],"player_experience":1383243,"relics_obtained":[{"floor":9,"key":"Mummified Hand"}],"event_choices":[{"cards_removed":["Strike_R"],"damage_healed":0,"gold_gain":0,"player_choice":"Card Removal","damage_taken":0,"max_hp_gain":0,"max_hp_loss":0,"event_name":"The Cleric","floor":2,"gold_loss":75},{"damage_healed":0,"gold_gain":0,"player_choice":"Box","damage_taken":0,"relics_obtained":["Paper Frog"],"max_hp_gain":0,"max_hp_loss":0,"event_name":"Big Fish","floor":3,"gold_loss":0,"cards_obtained":["Regret"]},{"damage_healed":0,"gold_gain":0,"player_choice":"Take Damage","damage_taken":28,"relics_obtained":["Golden Idol"],"max_hp_gain":0,"max_hp_loss":0,"event_name":"Golden Idol","floor":5,"gold_loss":0}],"is_beta":false,"boss_relics":[],"items_purged_floors":[],"is_endless":false,"potions_floor_spawned":[1],"killed_by":"Lagavulin","ascension_level":20}