{"path_per_floor":["M","?","?","?","M","E","R","E","T","T","M","$","M","M","R","B",null,"M","M","?","$","M","R","T","M","T","$","M","M","?","M","R","B",null,"M","$","M","T","$","R","M","M","T","R","M","R","M","M","R"],"character_chosen":"IRONCLAD","items_purchased":["Meat on the Bone","Dark Shackles","Dual Wield"],"gold_per_floor":[118,193,193,368,378,403,403,430,453,480,494,166,178,189,189,293,293,281,296,296,106,125,125,125,142,142,65,79,90,90,106,106,208,208,219,94,109,163,13,13,30,44,44,44,64,64,77,90,90],"floor_reached":50,"campfire_rested":7,"playtime":4086,"current_hp_per_floor":[77,66,59,59,48,37,61,30,37,37,43,43,35,51,77,32,87,65,60,44,44,47,73,87,63,63,63,72,51,84,79,101,79,101,62,62,67,67,67,67,56,59,59,89,65,95,54,66,96],"items_purged":["Defend_R","Doubt","Strike_R","Shrug It Off"],"gold":90,"play_id":"19136120-41bf-4ac8-abb8-d69e68c4d47e","is_prod":false,"is_daily":false,"is_ascension_mode":false,"campfire_upgraded":1,"path_taken":["M","?","?","?","M","E","R","E","T","?","?","$","M","?","R","BOSS","M","M","?","$","M","R","?","M","T","$","M","M","?","M","R","BOSS","M","?","M","?","$","R","M","M","T","R","M","R","?","M","R","BOSS"],"build_version":"2018-01-26-BETA1","purchased_purges":4,"victory":false,"master_deck":["Strike_R","Strike_R","Strike_R","Defend_R","Defend_R","Defend_R","Bash","Intimidate","Uppercut","Thunderclap","Pommel Strike","Metallicize","Demon Form+1","Flex+1","Dark Shackles","Shrug It Off+1","Dual Wield","Cleave+1","Double Tap","Sever Soul+1","Headbutt+1","Dropkick+1","Whirlwind+1","Thunderclap+1"],"max_hp_per_floor":[80,80,80,80,80,80,80,80,87,87,87,87,87,87,87,87,87,87,87,87,87,87,87,101,101,101,101,101,101,101,101,101,101,101,101,101,101,101,101,101,101,101,101,101,101,101,101,101,101],"relics":["Black Blood","Frozen Eye","Bird Faced Urn","Strawberry","Dream Catcher","Meat on the Bone","Sozu","Enchiridion","Mango","Gambling Chip","Bronze Scales","Ginger"],"card_choices":[{"not_picked":["Power Through","Battle Trance"],"picked":"Intimidate"},{"not_picked":["Power Through","Thunderclap"],"picked":"Uppercut"},{"not_picked":["Iron Wave","Dark Embrace"],"picked":"Thunderclap"},{"not_picked":["Perfected Strike","Combust"],"picked":"Shrug It Off"},{"not_picked":["Iron Wave","Pummel"],"picked":"Pommel Strike"},{"not_picked":["Uppercut","Headbutt"],"picked":"Metallicize"},{"not_picked":["Juggernaut","Brutality"],"picked":"Demon Form"},{"not_picked":["Clash","True Grit"],"picked":"Flex"},{"not_picked":["Clash","Uppercut"],"picked":"Shrug It Off"},{"not_picked":["Clash","Pummel"],"picked":"Cleave"},{"not_picked":["Impervious","Berserk"],"picked":"Double Tap"},{"not_picked":["Sword Boomerang","Hemokinesis"],"picked":"Sever Soul"},{"not_picked":["Cleave","Bloodletting"],"picked":"Headbutt"},{"not_picked":["Rupture","Second Wind"],"picked":"Dropkick"},{"not_picked":["Sword Boomerang","Battle Trance"],"picked":"Whirlwind"},{"not_picked":["Disarm","Twin Strike"],"picked":"Thunderclap"}],"player_experience":0,"potions_floor_usage":[6,8,8,16],"damage_taken":[{"damage":9,"enemies":"Cultist","floor":1,"turns":4},{"damage":17,"enemies":"Jaw Worm","floor":5,"turns":5},{"damage":26,"enemies":"Gremlin Nob","floor":6,"turns":5},{"damage":52,"enemies":"3 Sentries","floor":8,"turns":10},{"damage":0,"enemies":"2 Louse","floor":11,"turns":2},{"damage":26,"enemies":"Exordium Wildlife","floor":13,"turns":9},{"damage":2,"enemies":"2 Fungi Beasts","floor":14,"turns":4},{"damage":65,"enemies":"The Guardian","floor":16,"turns":16},{"damage":30,"enemies":"2 Thieves","floor":18,"turns":4},{"damage":25,"enemies":"3 Byrds","floor":19,"turns":6},{"damage":21,"enemies":"Centurion and Healer","floor":22,"turns":7},{"damage":34,"enemies":"3 Cultists","floor":25,"turns":8},{"damage":3,"enemies":"Snecko","floor":28,"turns":5},{"damage":41,"enemies":"Slaver and Parasite","floor":29,"turns":6},{"damage":15,"enemies":"Snake Plant","floor":31,"turns":4},{"damage":28,"enemies":"Champ","floor":33,"turns":13},{"damage":51,"enemies":"3 Shapes","floor":35,"turns":4},{"damage":23,"enemies":"3 Darklings","floor":37,"turns":5},{"damage":39,"enemies":"Spire Growth","floor":41,"turns":5},{"damage":23,"enemies":"Flame Bruiser 2 Orb","floor":42,"turns":4},{"damage":38,"enemies":"3 Darklings","floor":45,"turns":4},{"damage":67,"enemies":"Sphere and 2 Shapes","floor":47,"turns":4},{"damage":0,"enemies":"Flame Bruiser 2 Orb","floor":48,"turns":3},{"damage":106,"enemies":"Awakened One","floor":50,"turns":8}],"event_choices":[{"event_name":"World of Goop","player_choice":"Gather Gold","floor":2,"damage_taken":0},{"event_name":"Golden Wing","player_choice":"Card Removal","floor":3,"damage_taken":0},{"event_name":"Liars Game","player_choice":"agreed","floor":4,"damage_taken":0},{"event_name":"Cursed Tome","player_choice":"Obtained Book","floor":20,"damage_taken":0},{"event_name":"The Library","player_choice":"Heal","floor":30,"damage_taken":0}],"boss_relics":[{"not_picked":["Question Card","Velvet Choker"],"picked":"Sozu"},{"not_picked":["Black Star","Cursed Key"],"picked":"Black Blood"}],"potions_floor_spawned":[1,5,6,14,18,22,31,33,35,41,48],"seed_played":"3863539662098601505","killed_by":"Awakened One","ascension_level":0,"is_trial":false}