{"gold_per_floor":[119,130,145,160,160,160,188,188,188,188,216,228,239,259,259,334,334,350,440,460,49,49],"floor_reached":22,"playtime":680,"items_purged":["Strike_R"],"score":396,"play_id":"d4581a3f-28cd-4695-95f0-3b54f2e07454","local_time":"20190609204836","is_ascension_mode":true,"campfire_choices":[{"data":"Bash","floor":6,"key":"SMITH"},{"floor":8,"key":"REST"},{"data":"Intimidate","floor":10,"key":"SMITH"},{"floor":15,"key":"REST"}],"neow_cost":"NONE","seed_source_timestamp":9166604114400,"circlet_count":0,"master_deck":["AscendersBane","Strike_R","Strike_R","Strike_R","Defend_R","Defend_R","Defend_R","Defend_R","Bash+1","Shrug It Off+1","Flame Barrier+1","Dropkick","Intimidate+1","Twin Strike","Twin Strike","Pummel","Infernal Blade","Iron Wave","Offering","Clothesline"],"relics":["Burning Blood","Happy Flower","Turnip","Kunai","Regal Pillow","Cursed Key","War Paint","Blood Vial"],"potions_floor_usage":[11,14,16],"damage_taken":[{"damage":12,"enemies":"Cultist","floor":1,"turns":4},{"damage":7,"enemies":"Small Slimes","floor":2,"turns":4},{"damage":12,"enemies":"Jaw Worm","floor":3,"turns":5},{"damage":6,"enemies":"Red Slaver","floor":4,"turns":5},{"damage":47,"enemies":"3 Sentries","floor":7,"turns":13},{"damage":19,"enemies":"Gremlin Nob","floor":11,"turns":4},{"damage":10,"enemies":"Lots of Slimes","floor":12,"turns":6},{"damage":2,"enemies":"2 Fungi Beasts","floor":13,"turns":4},{"damage":9,"enemies":"Exordium Thugs","floor":14,"turns":5},{"damage":39,"enemies":"The Guardian","floor":16,"turns":7},{"damage":27,"enemies":"2 Thieves","floor":18,"turns":4},{"damage":15,"enemies":"Spheric Guardian","floor":20,"turns":4},{"damage":20,"enemies":"Snake Plant","floor":22,"turns":1}],"seed_played":"8568854242640057582","potions_obtained":[{"floor":3,"key":"Ancient Potion"},{"floor":4,"key":"Weak Potion"},{"floor":7,"key":"Energy Potion"},{"floor":12,"key":"AttackPotion"},{"floor":14,"key":"PowerPotion"},{"floor":20,"key":"Energy Potion"}],"is_trial":false,"path_per_floor":["M","M","M","M","?","R","E","R","T","R","E","M","M","M","R","B",null,"M","?","M","$","M"],"character_chosen":"IRONCLAD","items_purchased":["War Paint","Blood Vial"],"campfire_rested":2,"item_purchase_floors":[21,21],"current_hp_per_floor":[62,61,55,55,55,55,14,36,36,36,23,19,23,20,57,24,62,41,27,18,18,0],"gold":49,"neow_bonus":"REMOVE_CARD","is_prod":false,"is_daily":false,"chose_seed":false,"campfire_upgraded":2,"win_rate":0,"timestamp":1560109716,"path_taken":["M","M","?","M","?","R","E","R","T","R","E","M","?","M","R","BOSS","M","?","?","$","M"],"build_version":"2019-01-23","purchased_purges":1,"victory":false,"max_hp_per_floor":[75,75,75,75,75,75,75,75,75,75,75,75,75,75,75,75,75,75,75,75,75,75],"card_choices":[{"not_picked":["Pummel","Second Wind"],"picked":"Shrug It Off","floor":1},{"not_picked":["Warcry","Intimidate"],"picked":"Flame Barrier","floor":2},{"not_picked":["Pummel","Pommel Strike"],"picked":"Dropkick","floor":3},{"not_picked":["Flex","Evolve"],"picked":"Intimidate","floor":4},{"not_picked":["Berserk","Entrench"],"picked":"Twin Strike","floor":7},{"not_picked":["Anger","Armaments"],"picked":"Twin Strike","floor":11},{"not_picked":["Armaments","True Grit"],"picked":"Pummel","floor":12},{"not_picked":["Sword Boomerang","Clash"],"picked":"Infernal Blade","floor":13},{"not_picked":["Headbutt","Clash"],"picked":"Iron Wave","floor":14},{"not_picked":["Reaper","Limit Break"],"picked":"Offering","floor":16},{"not_picked":["Feel No Pain+1","Twin Strike"],"picked":"Clothesline","floor":18},{"not_picked":["Warcry","Thunderclap","Clash"],"picked":"SKIP","floor":20}],"player_experience":1437608,"relics_obtained":[{"floor":7,"key":"Turnip"},{"floor":9,"key":"Kunai"},{"floor":11,"key":"Regal Pillow"}],"event_choices":[{"damage_healed":0,"gold_gain":0,"player_choice":"Gave Potion","damage_taken":0,"relics_obtained":["Happy Flower"],"max_hp_gain":0,"max_hp_loss":0,"event_name":"WeMeetAgain","floor":5,"gold_loss":0},{"damage_healed":0,"gold_gain":90,"player_choice":"GOLD ","damage_taken":14,"max_hp_gain":0,"max_hp_loss":0,"event_name":"Knowing Skull","floor":19,"potions_obtained":[],"gold_loss":0,"cards_obtained":[]}],"is_beta":false,"boss_relics":[{"not_picked":["Ectoplasm","Black Blood"],"picked":"Cursed Key"}],"items_purged_floors":[21],"is_endless":false,"potions_floor_spawned":[3,4,7,12,14,20],"killed_by":"Snake Plant","ascension_level":20}