{"gold_per_floor":[118,118,118,118,33,33,64,82,164,164],"floor_reached":10,"playtime":98,"items_purged":[],"score":178,"play_id":"8a19e1f1-6571-45fe-bfa7-d6b1bc107c97","local_time":"20190419193245","is_ascension_mode":true,"campfire_choices":[{"data":"Neutralize","floor":6,"key":"SMITH"}],"neow_cost":"NONE","seed_source_timestamp":10300817946843998,"circlet_count":0,"master_deck":["AscendersBane","Defend_G","Defend_G","Defend_G","Defend_G","Defend_G","Strike_G","Strike_G","Strike_G","Strike_G","Survivor","Neutralize+1","Dagger Throw","Noxious Fumes","A Thousand Cuts","Flying Knee"],"relics":["Ring of the Snake","NeowsBlessing","Bottled Flame","Incense Burner","Gremlin Horn"],"potions_floor_usage":[],"damage_taken":[{"damage":0,"enemies":"2 Louse","floor":1,"turns":1},{"damage":0,"enemies":"3 Sentries","floor":7,"turns":1},{"damage":0,"enemies":"Jaw Worm","floor":8,"turns":1},{"damage":53,"enemies":"Gremlin Nob","floor":10,"turns":4}],"seed_played":"1664085051957190801","potions_obtained":[{"floor":1,"key":"SmokeBomb"},{"floor":7,"key":"LiquidBronze"}],"is_trial":false,"path_per_floor":["M","?","?","T","$","R","E","M","T","E"],"character_chosen":"THE_SILENT","items_purchased":["Noxious Fumes"],"campfire_rested":0,"item_purchase_floors":[5],"current_hp_per_floor":[59,52,52,52,52,52,52,52,52,0],"gold":164,"neow_bonus":"THREE_ENEMY_KILL","is_prod":false,"is_daily":false,"chose_seed":false,"campfire_upgraded":1,"win_rate":0,"timestamp":1555716765,"path_taken":["M","?","?","?","$","R","E","?","T","E"],"build_version":"2019-01-23","purchased_purges":0,"victory":false,"max_hp_per_floor":[66,66,66,66,66,66,66,66,66,66],"card_choices":[{"not_picked":["Reflex","Slice"],"picked":"Dagger Throw","floor":1},{"not_picked":["Underhanded Strike","Terror"],"picked":"A Thousand Cuts","floor":7},{"not_picked":["Prepared","Deflect"],"picked":"Flying Knee","floor":8}],"player_experience":649462,"relics_obtained":[{"floor":4,"key":"Bottled Flame"},{"floor":7,"key":"Incense Burner"},{"floor":9,"key":"Gremlin Horn"}],"event_choices":[{"cards_removed":["Strike_G"],"damage_healed":0,"gold_gain":0,"player_choice":"Card Removal","damage_taken":7,"max_hp_gain":0,"max_hp_loss":0,"event_name":"Golden Wing","floor":2,"gold_loss":0},{"damage_healed":0,"gold_gain":0,"player_choice":"Leave","damage_taken":0,"max_hp_gain":0,"max_hp_loss":0,"event_name":"The Cleric","floor":3,"gold_loss":0}],"is_beta":false,"boss_relics":[],"items_purged_floors":[],"is_endless":false,"potions_floor_spawned":[1,7],"killed_by":"Gremlin Nob","ascension_level":20}