{"gold_per_floor":[118,118,49,49,63,90,90,120,146,157,174,13,13,13,13,90,90,101,121,171,96,0,29,29,57,84,84],"floor_reached":27,"playtime":767,"items_purged":["Strike_R"],"score":475,"play_id":"04ac06e1-3b85-494e-b692-a19b7728965e","local_time":"20190215205519","is_ascension_mode":true,"campfire_choices":[{"floor":7.0,"key":"REST"},{"data":"Armaments","floor":13.0,"key":"SMITH"},{"data":"Shockwave","floor":15.0,"key":"SMITH"},{"floor":24.0,"key":"REST"}],"neow_cost":"PERCENT_DAMAGE","seed_source_timestamp":4866767949839005,"circlet_count":0,"master_deck":["AscendersBane","Strike_R+1","Strike_R","Strike_R","Defend_R","Defend_R","Defend_R","Defend_R","Bash+1","Iron Wave","Corruption","Inflame","Clothesline+1","Armaments+1","Disarm","Shockwave+1","Demon Form","Evolve","Shrug It Off","Headbutt","Impervious"],"special_seed":0,"relics":["Burning Blood","Magic Flower","Oddly Smooth Stone","Happy Flower","Pen Nib","Strawberry","Mark of Pain","Dodecahedron","Whetstone","Potion Belt"],"potions_floor_usage":[25],"damage_taken":[{"damage":3.0,"enemies":"2 Louse","floor":1.0,"turns":2.0},{"damage":12.0,"enemies":"Jaw Worm","floor":5.0,"turns":4.0},{"damage":35.0,"enemies":"Lagavulin","floor":6.0,"turns":8.0},{"damage":30.0,"enemies":"Gremlin Nob","floor":8.0,"turns":5.0},{"damage":6.0,"enemies":"Small Slimes","floor":10.0,"turns":3.0},{"damage":10.0,"enemies":"Blue Slaver","floor":11.0,"turns":4.0},{"damage":12.0,"enemies":"Hexaghost","floor":16.0,"turns":13.0},{"damage":1.0,"enemies":"Chosen","floor":18.0,"turns":4.0},{"damage":34.0,"enemies":"Spheric Guardian","floor":19.0,"turns":6.0},{"damage":31.0,"enemies":"Book of Stabbing","floor":23.0,"turns":5.0},{"damage":51,"enemies":"Gremlin Leader","floor":25,"turns":9},{"damage":15,"enemies":"Chosen and Byrds","floor":27,"turns":2}],"seed_played":"-1136327917440301787","potions_obtained":[{"floor":1.0,"key":"SkillPotion"},{"floor":8.0,"key":"Strength Potion"},{"floor":11.0,"key":"GamblersBrew"},{"floor":16.0,"key":"PowerPotion"}],"is_trial":false,"path_per_floor":["M","?","?","?","M","E","R","E","T","M","M","$","R","$","R","B",null,"M","M","?","?","?","E","R","E","T","M"],"character_chosen":"IRONCLAD","items_purchased":["Shockwave"],"campfire_rested":2,"item_purchase_floors":[12],"current_hp_per_floor":[56,51,51,51,48,22,44,23,30,33,32,32,32,32,32,29,69,77,52,52,52,52,30,54,12,12,0],"gold":84,"neow_bonus":"ONE_RARE_RELIC","is_prod":false,"is_daily":false,"chose_seed":false,"campfire_upgraded":2,"win_rate":0,"timestamp":1550282119,"path_taken":["M","?","?","?","M","E","R","E","T","M","M","$","R","?","R","BOSS","M","M","?","?","?","E","R","E","T","M"],"build_version":"2019-01-23","purchased_purges":1,"victory":false,"max_hp_per_floor":[75,75,75,75,75,75,75,75,82,82,82,82,82,82,82,82,82,82,82,82,82,82,82,82,82,82,82],"card_choices":[{"not_picked":["Sentinel","Heavy Blade"],"picked":"Iron Wave","floor":1.0},{"not_picked":["Thunderclap","Anger"],"picked":"Corruption","floor":5.0},{"not_picked":["Infernal Blade","Heavy Blade"],"picked":"Inflame","floor":6.0},{"not_picked":["Twin Strike","Metallicize"],"picked":"Clothesline","floor":8.0},{"not_picked":["True Grit","Reckless Charge"],"picked":"Armaments","floor":10.0},{"not_picked":["Hemokinesis","Immolate"],"picked":"Disarm","floor":11.0},{"not_picked":["Dark Embrace","Double Tap"],"picked":"Demon Form","floor":16.0},{"not_picked":["True Grit","Ghostly Armor"],"picked":"Evolve","floor":18.0},{"not_picked":["Heavy Blade","Dual Wield"],"picked":"Shrug It Off","floor":19.0},{"not_picked":["Evolve","Rampage"],"picked":"Headbutt","floor":23.0},{"not_picked":["Armaments+1","Carnage"],"picked":"Impervious","floor":25}],"player_experience":572799,"relics_obtained":[{"floor":6.0,"key":"Happy Flower"},{"floor":8.0,"key":"Pen Nib"},{"floor":9.0,"key":"Strawberry"},{"floor":23.0,"key":"Dodecahedron"},{"floor":25,"key":"Whetstone"},{"floor":26,"key":"Potion Belt"}],"event_choices":[{"damage_healed":0.0,"max_hp_gain":0.0,"max_hp_loss":0.0,"gold_gain":0.0,"event_name":"Scrap Ooze","player_choice":"Success","floor":2.0,"gold_loss":0.0,"damage_taken":5.0,"relics_obtained":["Oddly Smooth Stone"]},{"damage_healed":0.0,"max_hp_gain":0.0,"max_hp_loss":0.0,"gold_gain":0.0,"event_name":"World of Goop","player_choice":"Left Gold","floor":3.0,"gold_loss":69.0,"damage_taken":0.0},{"damage_healed":0.0,"max_hp_gain":0.0,"max_hp_loss":0.0,"gold_gain":0.0,"event_name":"Living Wall","player_choice":"Grow","floor":4.0,"gold_loss":0.0,"damage_taken":0.0,"cards_upgraded":["Bash"]},{"damage_healed":0.0,"max_hp_gain":0.0,"max_hp_loss":0.0,"gold_gain":50.0,"event_name":"Nest","player_choice":"Stole From Cult","floor":20.0,"gold_loss":0.0,"damage_taken":0.0},{"cards_removed":["Strike_R"],"damage_healed":0.0,"max_hp_gain":0.0,"max_hp_loss":0.0,"gold_gain":0.0,"event_name":"Beggar","player_choice":"Gave Gold","floor":21.0,"gold_loss":75.0,"damage_taken":0.0},{"damage_healed":0.0,"max_hp_gain":0.0,"max_hp_loss":0.0,"gold_gain":0.0,"event_name":"Masked Bandits","player_choice":"Paid Fearfully","floor":22.0,"gold_loss":96.0,"damage_taken":0.0}],"is_beta":false,"boss_relics":[{"not_picked":["Philosopher\u0027s Stone","Tiny House"],"picked":"Mark of Pain"}],"items_purged_floors":[12],"is_endless":false,"potions_floor_spawned":[1,8,11,16,18,19],"killed_by":"Chosen and Byrds","ascension_level":17}