{"gold_per_floor":[118,12,12,12,12,44,44,57,83,83,115,128,162,177,177,177],"floor_reached":16,"playtime":486,"items_purged":[],"score":286,"play_id":"2072998d-e83f-430b-8397-dbf73134b407","local_time":"20190704002413","is_ascension_mode":true,"campfire_choices":[{"data":"Noxious Fumes","floor":7,"key":"SMITH"},{"data":"All Out Attack","floor":10,"key":"SMITH"},{"data":"Sucker Punch","floor":15,"key":"SMITH"}],"neow_cost":"NONE","seed_source_timestamp":5832032073633985,"circlet_count":0,"master_deck":["AscendersBane","Strike_G","Strike_G","Strike_G","Strike_G","Defend_G","Defend_G","Defend_G","Defend_G","Defend_G","Survivor","Neutralize+1","Slice","Sucker Punch+1","Noxious Fumes+1","All Out Attack+1","Dagger Spray","Flying Knee","PiercingWail"],"relics":["Ring of the Snake","NeowsBlessing","Unceasing Top","Juzu Bracelet","Lantern","Thread and Needle"],"potions_floor_usage":[13,16],"damage_taken":[{"damage":0,"enemies":"Cultist","floor":1,"turns":1},{"damage":0,"enemies":"Gremlin Nob","floor":6,"turns":1},{"damage":0,"enemies":"Jaw Worm","floor":8,"turns":1},{"damage":20,"enemies":"Lagavulin","floor":11,"turns":6},{"damage":1,"enemies":"Small Slimes","floor":12,"turns":3},{"damage":17,"enemies":"3 Sentries","floor":13,"turns":4},{"damage":0,"enemies":"Blue Slaver","floor":14,"turns":3},{"damage":23,"enemies":"Hexaghost","floor":16,"turns":11}],"seed_played":"6856020475923842019","potions_obtained":[{"floor":8,"key":"Explosive Potion"},{"floor":13,"key":"Explosive Potion"}],"is_trial":false,"path_per_floor":["M","$","?","?","?","E","R","M","T","R","E","M","E","M","R","B"],"character_chosen":"THE_SILENT","items_purchased":["Slice","Sucker Punch"],"campfire_rested":0,"item_purchase_floors":[2,2],"current_hp_per_floor":[59,59,64,57,57,57,57,57,57,57,37,36,19,19,19,0],"gold":177,"neow_bonus":"THREE_ENEMY_KILL","is_prod":false,"is_daily":false,"chose_seed":false,"campfire_upgraded":3,"win_rate":0,"timestamp":1562214253,"path_taken":["M","$","?","?","?","E","R","M","T","R","E","M","E","M","R","BOSS"],"build_version":"2019-07-01","purchased_purges":0,"victory":false,"max_hp_per_floor":[66,66,71,71,71,71,71,71,71,71,71,71,71,71,71,71],"card_choices":[{"not_picked":["Prepared","Expertise","Underhanded Strike"],"picked":"SKIP","floor":1},{"not_picked":["Tools of the Trade","Reflex"],"picked":"Noxious Fumes","floor":6},{"not_picked":["Backflip","Outmaneuver"],"picked":"All Out Attack","floor":8},{"not_picked":["Deadly Poison","Blade Dance"],"picked":"Dagger Spray","floor":11},{"not_picked":["PiercingWail","Poisoned Stab","Deadly Poison"],"picked":"SKIP","floor":12},{"not_picked":["Underhanded Strike","Bane"],"picked":"Flying Knee","floor":13},{"not_picked":["Infinite Blades","Blade Dance"],"picked":"PiercingWail","floor":14}],"player_experience":854408,"relics_obtained":[{"floor":6,"key":"Unceasing Top"},{"floor":9,"key":"Juzu Bracelet"},{"floor":11,"key":"Lantern"},{"floor":13,"key":"Thread and Needle"}],"event_choices":[{"damage_healed":0,"gold_gain":0,"player_choice":"Donut","damage_taken":0,"max_hp_gain":5,"max_hp_loss":0,"event_name":"Big Fish","floor":3,"gold_loss":0},{"cards_removed":["Strike_G"],"damage_healed":0,"gold_gain":0,"player_choice":"Card Removal","damage_taken":7,"max_hp_gain":0,"max_hp_loss":0,"event_name":"Golden Wing","floor":4,"gold_loss":0},{"damage_healed":0,"gold_gain":0,"player_choice":"Grow","damage_taken":0,"max_hp_gain":0,"max_hp_loss":0,"event_name":"Living Wall","floor":5,"gold_loss":0,"cards_upgraded":["Neutralize"]}],"is_beta":false,"boss_relics":[],"items_purged_floors":[],"is_endless":false,"potions_floor_spawned":[8,13],"killed_by":"Hexaghost","ascension_level":20}