{"gold_per_floor":[109,109,126,126,38,38,49,76,123,143,162,162],"floor_reached":12,"playtime":251,"items_purged":[],"score":160,"play_id":"69ab0043-f0e4-46f8-a783-980330fb185e","local_time":"20190228065606","is_ascension_mode":true,"campfire_choices":[{"data":"Bouncing Flask","floor":6,"key":"SMITH"}],"neow_cost":"NONE","seed_source_timestamp":194809196432600,"circlet_count":0,"master_deck":["AscendersBane","Defend_G","Defend_G","Defend_G","Defend_G","Defend_G","Strike_G","Strike_G","Strike_G","Survivor","Neutralize","Poisoned Stab","Bouncing Flask+1","Outmaneuver","Bane","Footwork","All Out Attack","Noxious Fumes","Poisoned Stab"],"relics":["Ring of the Snake","NeowsBlessing","Omamori"],"potions_floor_usage":[8,10],"damage_taken":[{"damage":0,"enemies":"2 Louse","floor":1,"turns":1},{"damage":0,"enemies":"Cultist","floor":3,"turns":1},{"damage":0,"enemies":"Jaw Worm","floor":7,"turns":1},{"damage":31,"enemies":"Gremlin Nob","floor":8,"turns":4},{"damage":10,"enemies":"Exordium Thugs","floor":10,"turns":5},{"damage":20,"enemies":"Lots of Slimes","floor":11,"turns":3},{"damage":10,"enemies":"3 Sentries","floor":12,"turns":2}],"seed_played":"7574882628034338668","potions_obtained":[{"floor":3,"key":"AttackPotion"},{"floor":10,"key":"Fruit Juice"}],"is_trial":false,"path_per_floor":["M","?","M","?","$","R","M","E","T","M","M","E"],"character_chosen":"THE_SILENT","items_purchased":["Bane","Footwork"],"campfire_rested":0,"item_purchase_floors":[5,5],"current_hp_per_floor":[59,59,59,59,59,59,59,28,28,23,3,0],"gold":162,"neow_bonus":"THREE_ENEMY_KILL","is_prod":false,"is_daily":false,"chose_seed":false,"campfire_upgraded":1,"win_rate":0,"timestamp":1551365766,"path_taken":["M","?","?","?","?","R","M","E","T","M","M","E"],"build_version":"2019-01-23","purchased_purges":0,"victory":false,"max_hp_per_floor":[66,66,66,66,66,66,66,66,66,71,71,71],"card_choices":[{"not_picked":["Dodge and Roll","Slice"],"picked":"Poisoned Stab","floor":1},{"not_picked":["Dash","Dagger Spray"],"picked":"Bouncing Flask","floor":3},{"not_picked":["Slice","Accuracy","Setup"],"picked":"SKIP","floor":7},{"not_picked":["Outmaneuver","Sucker Punch"],"picked":"All Out Attack","floor":8},{"not_picked":["Endless Agony","Dagger Throw"],"picked":"Noxious Fumes","floor":10},{"not_picked":["Outmaneuver","Dodge and Roll"],"picked":"Poisoned Stab","floor":11}],"player_experience":1216437,"relics_obtained":[{"floor":8,"key":"Omamori"}],"event_choices":[{"cards_removed":["Strike_G"],"damage_healed":0,"gold_gain":0,"player_choice":"Purged","damage_taken":0,"max_hp_gain":0,"max_hp_loss":0,"event_name":"Purifier","floor":2,"gold_loss":0},{"damage_healed":0,"gold_gain":0,"cards_transformed":["Strike_G"],"player_choice":"Transformed","damage_taken":0,"max_hp_gain":0,"max_hp_loss":0,"event_name":"Transmorgrifier","floor":4,"gold_loss":0,"cards_obtained":["Outmaneuver"]}],"is_beta":false,"boss_relics":[],"items_purged_floors":[],"is_endless":false,"potions_floor_spawned":[3,10],"killed_by":"3 Sentries","ascension_level":20}