{"gold_per_floor":[117,117,42,42,192,192,16,16,43,43,69,69,83,97,97,97],"floor_reached":16,"playtime":346,"items_purged":["Shame","Regret"],"score":192,"play_id":"ac16e43a-bd9b-4a80-9c50-71c21eefcfe1","local_time":"20190710082737","is_ascension_mode":true,"campfire_choices":[{"data":"Zap","floor":6.0,"key":"SMITH"},{"data":"Lockon","floor":8.0,"key":"SMITH"},{"data":"Dualcast","floor":10.0,"key":"SMITH"},{"floor":15.0,"key":"REST"}],"neow_cost":"NONE","seed_source_timestamp":1942690800700,"circlet_count":0,"master_deck":["AscendersBane","Strike_B","Strike_B","Strike_B","Strike_B","Defend_B","Defend_B","Defend_B","Defend_B","Zap+1","Dualcast+1","Injury","Steam","Doubt","Lockon+1","Glacier"],"special_seed":0,"relics":["Calling Bell","Boot","Singing Bowl","Dead Branch","Dream Catcher","Omamori","Prayer Wheel","FaceOfCleric"],"potions_floor_usage":[],"damage_taken":[{"damage":5.0,"enemies":"2 Louse","floor":1.0,"turns":3.0},{"damage":43.0,"enemies":"Lagavulin","floor":11.0,"turns":9.0},{"damage":0.0,"enemies":"Small Slimes","floor":13.0,"turns":2.0},{"damage":0.0,"enemies":"Cultist","floor":14.0,"turns":3.0},{"damage":45,"enemies":"Hexaghost","floor":16,"turns":9}],"seed_played":"1739808109738907959","potions_obtained":[],"is_trial":false,"path_per_floor":["M","?","$","?","?","R","$","R","T","R","E","?","M","M","R","B"],"character_chosen":"DEFECT","items_purchased":["Lockon"],"campfire_rested":1,"item_purchase_floors":[7],"current_hp_per_floor":[59,52,52,52,52,52,52,52,52,52,11,11,16,21,45,0],"gold":97,"neow_bonus":"BOSS_RELIC","is_prod":false,"is_daily":false,"chose_seed":false,"campfire_upgraded":3,"win_rate":0,"timestamp":1562772457,"path_taken":["M","?","$","?","?","R","$","R","T","R","E","?","M","M","R","BOSS"],"build_version":"2019-07-05","purchased_purges":2,"victory":false,"max_hp_per_floor":[71,71,71,71,71,71,71,71,71,71,73,73,78,83,83,83],"card_choices":[{"not_picked":["Rebound","Rip and Tear"],"picked":"Steam","floor":1.0},{"not_picked":["Tempest","Conserve Battery","Beam Cell"],"picked":"Singing Bowl","floor":11.0},{"not_picked":["Rebound","Sweeping Beam","Fusion"],"picked":"Singing Bowl","floor":13.0},{"not_picked":["BootSequence","Blizzard","Auto Shields"],"picked":"Singing Bowl","floor":13.0},{"not_picked":["Hologram","Turbo","Tempest"],"picked":"Singing Bowl","floor":14.0},{"not_picked":["Steam","Doom and Gloom","Beam Cell"],"picked":"Singing Bowl","floor":14.0},{"not_picked":["Reinforced Body","Beam Cell"],"picked":"Glacier","floor":15.0}],"player_experience":1253171,"relics_obtained":[{"floor":0.0,"key":"Boot"},{"floor":0.0,"key":"Singing Bowl"},{"floor":0.0,"key":"Dead Branch"},{"floor":9.0,"key":"Omamori"},{"floor":11.0,"key":"Prayer Wheel"}],"event_choices":[{"cards_removed":["Pain"],"damage_healed":0.0,"max_hp_gain":0.0,"max_hp_loss":0.0,"gold_gain":0.0,"event_name":"Golden Wing","player_choice":"Card Removal","floor":2.0,"gold_loss":0.0,"damage_taken":7.0},{"damage_healed":0.0,"max_hp_gain":0.0,"max_hp_loss":0.0,"gold_gain":0.0,"event_name":"Big Fish","player_choice":"Box","floor":4.0,"gold_loss":0.0,"damage_taken":0.0,"relics_obtained":["Dream Catcher"],"cards_obtained":["Regret"]},{"damage_healed":0.0,"max_hp_gain":0.0,"max_hp_loss":0.0,"gold_gain":150.0,"event_name":"Liars Game","player_choice":"AGREE","floor":5.0,"gold_loss":0.0,"damage_taken":0.0,"cards_obtained":["Doubt"]},{"damage_healed":0.0,"max_hp_gain":0.0,"max_hp_loss":0.0,"gold_gain":0.0,"event_name":"FaceTrader","player_choice":"Trade","floor":12.0,"gold_loss":0.0,"damage_taken":0.0,"relics_obtained":["FaceOfCleric"]}],"is_beta":false,"boss_relics":[],"items_purged_floors":[3,7],"is_endless":false,"potions_floor_spawned":[],"killed_by":"Hexaghost","ascension_level":20}