{"gold_per_floor":[119,119,119,136,166,166,179,179,179,205,205,218,218,231,231,231],"floor_reached":16,"playtime":431,"items_purged":[],"score":200,"play_id":"775b81f0-2cbd-49a4-a7e5-edb942b8bdcf","local_time":"20190703141429","is_ascension_mode":true,"campfire_choices":[{"data":"Flying Knee","floor":6,"key":"SMITH"},{"data":"Dagger Spray","floor":8,"key":"SMITH"},{"floor":13,"key":"REST"},{"data":"A Thousand Cuts","floor":15,"key":"SMITH"}],"neow_cost":"NONE","seed_source_timestamp":5795500071676415,"circlet_count":0,"master_deck":["AscendersBane","Strike_G","Strike_G","Strike_G","Strike_G","Strike_G","Defend_G","Defend_G","Defend_G","Defend_G","Defend_G","Survivor","Neutralize+1","Adrenaline","Flying Knee+1","Bane","Dagger Spray+1","A Thousand Cuts+1","PiercingWail","Slice"],"relics":["Ring of the Snake","Tiny Chest","The Courier","Bottled Flame"],"potions_floor_usage":[16],"damage_taken":[{"damage":0,"enemies":"Small Slimes","floor":1,"turns":4},{"damage":0,"enemies":"Jaw Worm","floor":4,"turns":6},{"damage":0,"enemies":"Cultist","floor":7,"turns":4},{"damage":42,"enemies":"Gremlin Nob","floor":10,"turns":5},{"damage":8,"enemies":"Exordium Thugs","floor":12,"turns":5},{"damage":12,"enemies":"Exordium Wildlife","floor":14,"turns":2},{"damage":18,"enemies":"Hexaghost","floor":16,"turns":11}],"seed_played":"8967146230333741326","potions_obtained":[{"floor":4,"key":"Energy Potion"},{"floor":12,"key":"Dexterity Potion"}],"is_trial":false,"path_per_floor":["M","?","?","M","?","R","M","R","T","E","?","M","R","M","R","B"],"character_chosen":"THE_SILENT","items_purchased":[],"campfire_rested":1,"item_purchase_floors":[],"current_hp_per_floor":[59,64,64,64,59,59,59,59,59,17,17,9,30,18,18,0],"gold":231,"neow_bonus":"ONE_RANDOM_RARE_CARD","is_prod":false,"is_daily":false,"chose_seed":false,"campfire_upgraded":3,"win_rate":0,"timestamp":1562177669,"path_taken":["M","?","?","M","?","R","M","R","T","E","?","M","R","M","R","BOSS"],"build_version":"2019-07-01","purchased_purges":0,"victory":false,"max_hp_per_floor":[66,71,71,71,71,71,71,71,71,71,71,71,71,71,71,71],"card_choices":[{"not_picked":["Underhanded Strike","Outmaneuver"],"picked":"Flying Knee","floor":1},{"not_picked":["PiercingWail","Escape Plan"],"picked":"Bane","floor":4},{"not_picked":["Cloak And Dagger","Slice"],"picked":"Dagger Spray","floor":7},{"not_picked":["Expertise","Doppelganger"],"picked":"A Thousand Cuts","floor":10},{"not_picked":["Dagger Spray","Bane"],"picked":"PiercingWail","floor":12},{"not_picked":["Bane","Deadly Poison"],"picked":"Slice","floor":14}],"player_experience":845195,"relics_obtained":[{"floor":9,"key":"The Courier"},{"floor":10,"key":"Bottled Flame"}],"event_choices":[{"damage_healed":0,"gold_gain":0,"player_choice":"Donut","damage_taken":0,"max_hp_gain":5,"max_hp_loss":0,"event_name":"Big Fish","floor":2,"gold_loss":0},{"damage_healed":0,"gold_gain":0,"player_choice":"Grow","damage_taken":0,"max_hp_gain":0,"max_hp_loss":0,"event_name":"Living Wall","floor":3,"gold_loss":0,"cards_upgraded":["Neutralize"]},{"damage_healed":0,"gold_gain":0,"player_choice":"Success","damage_taken":5,"relics_obtained":["Tiny Chest"],"max_hp_gain":0,"max_hp_loss":0,"event_name":"Scrap Ooze","floor":5,"gold_loss":0},{"damage_healed":0,"gold_gain":0,"player_choice":"Ignored","damage_taken":0,"max_hp_gain":0,"max_hp_loss":0,"event_name":"Shining Light","floor":11,"gold_loss":0}],"is_beta":false,"boss_relics":[],"items_purged_floors":[],"is_endless":false,"potions_floor_spawned":[4,12,14],"killed_by":"Hexaghost","ascension_level":20}