{"gold_per_floor":[119,80,80,99,174,174,70,70,122,139,64,14,46,64,64,159,159,174,174,174,26,27,27,52,52,52,65,65,79,79,112,112,210,210,230,230,230,242,242,277,290,290],"floor_reached":42,"playtime":1882,"items_purged":["Defend_R"],"score":563,"play_id":"d0fe6884-bb99-4c2f-8f84-44480b35f78e","local_time":"20190303100044","is_ascension_mode":true,"campfire_choices":[{"floor":6,"key":"REST"},{"data":"Armaments","floor":8,"key":"SMITH"},{"floor":15,"key":"REST"},{"floor":23,"key":"REST"},{"floor":25,"key":"REST"},{"data":"Double Tap","floor":28,"key":"SMITH"},{"floor":30,"key":"REST"},{"floor":32,"key":"REST"}],"neow_cost":"NONE","seed_source_timestamp":1498480024448271,"circlet_count":0,"master_deck":["Strike_R","Strike_R","Strike_R","Defend_R","Defend_R","Defend_R","Bash","Armaments+1","Metallicize","Rage","Shrug It Off","Finesse","Twin Strike","Burning Pact","Impervious","Pommel Strike","Double Tap+1","Shrug It Off","Writhe","Cleave+1","Inflame","Injury","Flex+1","Shrug It Off+1","Shockwave+1","Shrug It Off+1","Limit Break+1","Burning Pact+1","Body Slam+1","Offering+1","Jack Of All Trades+1","Spot Weakness+1","Dark Embrace"],"relics":["White Beast Statue","Dream Catcher","Dead Branch","Cursed Key","Thread and Needle","Oddly Smooth Stone","Pen Nib","Toxic Egg 2","Lantern","Orrery","The Courier"],"potions_floor_usage":[10,13,16,16,16,24,31,33,35,38,40,41],"damage_taken":[{"damage":10,"enemies":"Cultist","floor":1,"turns":4},{"damage":0,"enemies":"2 Louse","floor":4,"turns":4},{"damage":1,"enemies":"Jaw Worm","floor":10,"turns":6},{"damage":69,"enemies":"Gremlin Nob","floor":13,"turns":7},{"damage":1,"enemies":"3 Louse","floor":14,"turns":5},{"damage":28,"enemies":"Slime Boss","floor":16,"turns":22},{"damage":8,"enemies":"Shell Parasite","floor":18,"turns":8},{"damage":1,"enemies":"2 Thieves","floor":22,"turns":4},{"damage":0,"enemies":"Book of Stabbing","floor":24,"turns":7},{"damage":3,"enemies":"Centurion and Healer","floor":27,"turns":8},{"damage":16,"enemies":"Cultist and Chosen","floor":29,"turns":7},{"damage":13,"enemies":"Slavers","floor":31,"turns":7},{"damage":6,"enemies":"Collector","floor":33,"turns":10},{"damage":0,"enemies":"Orb Walker","floor":35,"turns":3},{"damage":22,"enemies":"3 Darklings","floor":38,"turns":5},{"damage":32,"enemies":"Nemesis","floor":40,"turns":5},{"damage":32,"enemies":"Writhing Mass","floor":41,"turns":7},{"damage":6,"enemies":"Reptomancer","floor":42,"turns":1}],"seed_played":"8994343058678457146","potions_obtained":[{"floor":1,"key":"Weak Potion"},{"floor":4,"key":"FearPotion"},{"floor":10,"key":"Poison Potion"},{"floor":13,"key":"Block Potion"},{"floor":14,"key":"Weak Potion"},{"floor":16,"key":"SteroidPotion"},{"floor":18,"key":"GamblersBrew"},{"floor":22,"key":"EssenceOfSteel"},{"floor":24,"key":"BloodPotion"},{"floor":31,"key":"PowerPotion"},{"floor":33,"key":"AttackPotion"},{"floor":35,"key":"Ancient Potion"},{"floor":38,"key":"SpeedPotion"},{"floor":40,"key":"PowerPotion"},{"floor":41,"key":"Ancient Potion"}],"is_trial":false,"path_per_floor":["M","$","?","M","?","R","$","R","T","M","$","?","E","M","R","B",null,"M","?","?","$","M","R","E","R","T","M","R","M","R","E","R","B",null,"M","?","?","M","?","E","M","E"],"character_chosen":"IRONCLAD","items_purchased":["Metallicize","Shrug It Off","Finesse","Oddly Smooth Stone"],"campfire_rested":6,"item_purchase_floors":[2,7,7,21],"current_hp_per_floor":[70,70,63,63,52,76,76,76,76,75,75,75,6,5,29,1,80,72,72,72,72,71,80,80,80,80,77,77,61,80,67,80,74,80,80,80,80,66,66,34,2,0],"gold":290,"neow_bonus":"BOSS_RELIC","is_prod":false,"is_daily":false,"chose_seed":false,"campfire_upgraded":2,"win_rate":0,"timestamp":1551636044,"path_taken":["M","?","?","M","?","R","$","R","T","M","$","?","E","M","R","BOSS","M","?","?","$","M","R","E","R","T","M","R","M","R","E","R","BOSS","M","?","?","M","?","E","M","E"],"build_version":"2019-01-23","purchased_purges":1,"victory":false,"max_hp_per_floor":[80,80,80,80,80,80,80,80,80,80,80,80,80,80,80,80,80,80,80,80,80,80,80,80,80,80,80,80,80,80,80,80,80,80,80,80,80,80,80,80,80,80],"card_choices":[{"not_picked":["Flex","True Grit"],"picked":"Armaments","floor":1},{"not_picked":["Armaments","Heavy Blade"],"picked":"Rage","floor":4},{"not_picked":["Rupture","Havoc"],"picked":"Twin Strike","floor":10},{"not_picked":["Perfected Strike","Armaments"],"picked":"Burning Pact","floor":13},{"not_picked":["Thunderclap","Cleave"],"picked":"Impervious","floor":14},{"not_picked":["Heavy Blade","Seeing Red"],"picked":"Pommel Strike","floor":15},{"not_picked":["Feed","Demon Form"],"picked":"Double Tap","floor":16},{"not_picked":["Headbutt","Pommel Strike"],"picked":"Shrug It Off","floor":18},{"not_picked":["Battle Trance+1","Thunderclap+1"],"picked":"Cleave+1","floor":22},{"not_picked":["Cleave","Wild Strike"],"picked":"Inflame","floor":23},{"not_picked":["Heavy Blade","Cleave","Reaper"],"picked":"SKIP","floor":24},{"not_picked":["Reckless Charge","Headbutt"],"picked":"Flex+1","floor":27},{"not_picked":["Body Slam","Perfected Strike+1"],"picked":"Shrug It Off+1","floor":29},{"not_picked":["Thunderclap","Power Through+1"],"picked":"Shockwave+1","floor":30},{"not_picked":["Thunderclap","Rage+1"],"picked":"Shrug It Off+1","floor":31},{"not_picked":["Brutality","Dark Embrace"],"picked":"Limit Break+1","floor":33},{"not_picked":["Whirlwind","Headbutt"],"picked":"Burning Pact+1","floor":34},{"not_picked":["Armaments+1","Clash"],"picked":"Body Slam+1","floor":34},{"not_picked":["Perfected Strike","Flex+1"],"picked":"Offering+1","floor":34},{"not_picked":["Second Wind+1","Perfected Strike+1","Heavy Blade+1"],"picked":"SKIP","floor":35},{"not_picked":["Purity+1","Flash of Steel"],"picked":"Jack Of All Trades+1","floor":37},{"not_picked":["Armaments+1","Inflame+1"],"picked":"Spot Weakness+1","floor":38},{"not_picked":["Havoc+1","Searing Blow+1"],"picked":"Dark Embrace","floor":40},{"not_picked":["Intimidate+1","Pommel Strike+1","Warcry+1"],"picked":"SKIP","floor":41}],"player_experience":232044,"relics_obtained":[{"floor":9,"key":"Dream Catcher"},{"floor":13,"key":"Dead Branch"},{"floor":24,"key":"Pen Nib"},{"floor":26,"key":"Toxic Egg 2"},{"floor":31,"key":"Lantern"},{"floor":40,"key":"The Courier"}],"event_choices":[{"cards_removed":["Strike_R"],"damage_healed":0,"gold_gain":0,"player_choice":"Card Removal","damage_taken":7,"max_hp_gain":0,"max_hp_loss":0,"event_name":"Golden Wing","floor":3,"gold_loss":0},{"damage_healed":0,"gold_gain":75,"player_choice":"Gather Gold","damage_taken":11,"max_hp_gain":0,"max_hp_loss":0,"event_name":"World of Goop","floor":5,"gold_loss":0},{"cards_removed":["Strike_R"],"damage_healed":0,"gold_gain":0,"player_choice":"Card Removal","damage_taken":0,"max_hp_gain":0,"max_hp_loss":0,"event_name":"The Cleric","floor":12,"gold_loss":50},{"damage_healed":0,"gold_gain":0,"player_choice":"Opened","damage_taken":0,"relics_obtained":["Thread and Needle"],"max_hp_gain":0,"max_hp_loss":0,"event_name":"The Mausoleum","floor":19,"gold_loss":0,"cards_obtained":["Writhe"]},{"damage_healed":0,"gold_gain":0,"player_choice":"Bought 0 Potions","damage_taken":0,"max_hp_gain":0,"max_hp_loss":0,"event_name":"The Woman in Blue","floor":20,"gold_loss":0},{"damage_healed":0,"gold_gain":0,"player_choice":"Ignored","damage_taken":0,"max_hp_gain":0,"max_hp_loss":0,"event_name":"Tomb of Lord Red Mask","floor":36,"gold_loss":0},{"damage_healed":0,"gold_gain":0,"player_choice":"Memory 1","damage_taken":0,"max_hp_gain":0,"max_hp_loss":0,"event_name":"SensoryStone","floor":37,"gold_loss":0},{"damage_healed":0,"gold_gain":0,"player_choice":"Ignored","damage_taken":0,"max_hp_gain":0,"max_hp_loss":0,"event_name":"Mysterious Sphere","floor":39,"gold_loss":0}],"is_beta":false,"boss_relics":[{"not_picked":["Sozu","Busted Crown"],"picked":"Cursed Key"},{"not_picked":["Mark of Pain","Tiny House"],"picked":"Orrery"}],"items_purged_floors":[11],"is_endless":false,"potions_floor_spawned":[1,4,10,13,14,16,18,22,24,27,29,31,33,35,38,40,41],"killed_by":"Reptomancer","ascension_level":1}