{"gold_per_floor":[115,115,42,61,80,80,80,80,107,121,133,153,183,234,234,330,330,344,344,344,344,74,74,90,90,114,128,128,128,58,70,70,174,174,186,204,204,216,216,216,228,188,188,188,198,198,198,217,217,217],"floor_reached":50,"playtime":1638,"items_purged":[],"score":507,"play_id":"2c9bf8aa-e420-4ff9-9951-18a36b33af57","local_time":"20190710175609","is_ascension_mode":false,"campfire_choices":[{"data":"Noxious Fumes","floor":6.0,"key":"SMITH"},{"data":"Neutralize","floor":8.0,"key":"SMITH"},{"data":"Bouncing Flask","floor":15.0,"key":"SMITH"},{"data":"Sadistic Nature","floor":23.0,"key":"SMITH"},{"data":"Footwork","floor":25.0,"key":"SMITH"},{"floor":29.0,"key":"REST"},{"data":"Catalyst","floor":32.0,"key":"SMITH"},{"floor":40.0,"key":"REST"},{"floor":44.0,"key":"REST"},{"floor":46.0,"key":"REST"},{"floor":49.0,"key":"REST"}],"neow_cost":"NONE","seed_source_timestamp":6412181849591530,"circlet_count":0,"master_deck":["Defend_G+1","Defend_G+1","Defend_G+1","Defend_G+1","Defend_G+1","Survivor","Neutralize+1","Sucker Punch+1","Endless Agony+1","Cloak And Dagger","Noxious Fumes+1","PiercingWail","Bouncing Flask+1","Adrenaline","Flying Knee","Burst","Dagger Spray","Bite","Bite","Bite","Bite","Bite","Crippling Poison","Footwork+1","Sadistic Nature+1","Crippling Poison+1","Catalyst+1","Dodge and Roll","Malaise","Terror+1","Blur+1","Flechettes","Well Laid Plans+1","PiercingWail","Cloak And Dagger+1"],"special_seed":0,"relics":["Astrolabe"],"potions_floor_usage":[50],"damage_taken":[{"damage":0.0,"enemies":"Small Slimes","floor":1.0,"turns":4.0},{"damage":0.0,"enemies":"2 Louse","floor":4.0,"turns":3.0},{"damage":0.0,"enemies":"Cultist","floor":5.0,"turns":4.0},{"damage":0.0,"enemies":"Large Slime","floor":10.0,"turns":7.0},{"damage":0.0,"enemies":"Blue Slaver","floor":11.0,"turns":4.0},{"damage":9.0,"enemies":"3 Louse","floor":12.0,"turns":4.0},{"damage":21.0,"enemies":"The Mushroom Lair","floor":13.0,"turns":5.0},{"damage":30.0,"enemies":"Hexaghost","floor":16.0,"turns":10.0},{"damage":7.0,"enemies":"Shell Parasite","floor":18.0,"turns":5.0},{"damage":2.0,"enemies":"Chosen","floor":24.0,"turns":5.0},{"damage":22.0,"enemies":"Shelled Parasite and Fungi","floor":27.0,"turns":7.0},{"damage":3.0,"enemies":"Sentry and Sphere","floor":31.0,"turns":5.0},{"damage":28.0,"enemies":"Collector","floor":33.0,"turns":7.0},{"damage":24.0,"enemies":"3 Shapes","floor":35.0,"turns":19.0},{"damage":14.0,"enemies":"3 Darklings","floor":36.0,"turns":6.0},{"damage":16.0,"enemies":"Spire Growth","floor":38.0,"turns":7.0},{"damage":27.0,"enemies":"Jaw Worm Horde","floor":41.0,"turns":4.0},{"damage":11.0,"enemies":"Maw","floor":45.0,"turns":7.0},{"damage":28.0,"enemies":"Transient","floor":48.0,"turns":5.0},{"damage":48,"enemies":"Awakened One","floor":50,"turns":4}],"seed_played":"2687039673417179827","potions_obtained":[{"floor":5.0,"key":"Regen Potion"},{"floor":10.0,"key":"Energy Potion"},{"floor":12.0,"key":"EssenceOfSteel"},{"floor":18.0,"key":"GhostInAJar"},{"floor":35.0,"key":"SteroidPotion"},{"floor":36.0,"key":"Ancient Potion"},{"floor":41.0,"key":"SpeedPotion"},{"floor":42.0,"key":"EssenceOfSteel"}],"is_trial":false,"path_per_floor":["M","?","$","M","M","R","?","R","T","M","M","M","?","T","R","B",null,"M","?","?","?","$","R","M","R","T","M","?","R","$","M","R","B",null,"M","M","$","M","?","R","M","?","T","R","M","R","?","M","R","B"],"character_chosen":"THE_SILENT","items_purchased":["Noxious Fumes","Footwork","Sadistic Nature","Catalyst"],"campfire_rested":5,"item_purchase_floors":[3,22,22,30],"current_hp_per_floor":[70,70,70,70,70,70,70,70,70,70,70,61,40,40,40,25,70,63,49,49,49,49,49,49,49,49,29,29,43,43,42,42,20,49,43,33,33,23,23,37,18,18,18,32,31,45,45,21,35,0],"gold":217,"neow_bonus":"BOSS_RELIC","is_prod":false,"is_daily":false,"chose_seed":false,"campfire_upgraded":6,"win_rate":0,"timestamp":1562795769,"path_taken":["M","?","$","M","M","R","?","R","T","M","?","M","?","?","R","BOSS","M","?","?","?","$","R","M","R","T","M","?","R","$","M","R","BOSS","M","M","$","M","?","R","?","?","T","R","?","R","?","M","R","BOSS"],"build_version":"2019-07-05","purchased_purges":0,"victory":false,"max_hp_per_floor":[70,70,70,70,70,70,70,70,70,70,70,70,70,70,70,70,70,70,49,49,49,49,49,49,49,49,49,49,49,49,49,49,49,49,49,49,49,49,49,49,49,49,49,49,49,49,49,49,49,49],"card_choices":[{"not_picked":["Deflect","Reflex"],"picked":"Cloak And Dagger","floor":1.0},{"not_picked":["Prepared","Skewer","Underhanded Strike"],"picked":"SKIP","floor":4.0},{"not_picked":["Prepared","Distraction"],"picked":"PiercingWail","floor":5.0},{"not_picked":["Deflect","Tactician","Reflex"],"picked":"SKIP","floor":10.0},{"not_picked":["Finisher","Dodge and Roll"],"picked":"Bouncing Flask","floor":11.0},{"not_picked":["PiercingWail","Acrobatics"],"picked":"Adrenaline","floor":12.0},{"not_picked":["Poisoned Stab","Outmaneuver"],"picked":"Flying Knee","floor":13.0},{"not_picked":["Tools of the Trade","Unload"],"picked":"Burst","floor":16.0},{"not_picked":["Predator","Outmaneuver"],"picked":"Dagger Spray","floor":18.0},{"not_picked":["Prepared","Sucker Punch","Quick Slash"],"picked":"SKIP","floor":24.0},{"not_picked":["Prepared+1","Bane"],"picked":"Crippling Poison+1","floor":27.0},{"not_picked":["Escape Plan","Calculated Gamble"],"picked":"Dodge and Roll","floor":31.0},{"not_picked":["Phantasmal Killer","Burst"],"picked":"Malaise","floor":33.0},{"not_picked":["Outmaneuver+1","Deflect+1"],"picked":"Terror+1","floor":35.0},{"not_picked":["Blade Dance+1","Quick Slash","Tactician"],"picked":"SKIP","floor":36.0},{"not_picked":["Flechettes","Eviscerate"],"picked":"Blur+1","floor":38.0},{"not_picked":["Deflect+1","Endless Agony","Blade Dance"],"picked":"SKIP","floor":41.0},{"not_picked":["Predator+1","Noxious Fumes"],"picked":"Well Laid Plans+1","floor":45.0},{"not_picked":["Glass Knife","Flying Knee+1"],"picked":"Cloak And Dagger+1","floor":48.0}],"player_experience":948350,"relics_obtained":[],"event_choices":[{"damage_healed":0.0,"max_hp_gain":0.0,"max_hp_loss":0.0,"gold_gain":0.0,"event_name":"Scrap Ooze","player_choice":"Fled","floor":2.0,"gold_loss":0.0,"damage_taken":0.0},{"damage_healed":0.0,"max_hp_gain":0.0,"max_hp_loss":0.0,"gold_gain":0.0,"event_name":"WeMeetAgain","player_choice":"Ignored","floor":7.0,"gold_loss":0.0,"damage_taken":0.0},{"damage_healed":0.0,"max_hp_gain":0.0,"max_hp_loss":0.0,"gold_gain":0.0,"event_name":"Mushrooms","player_choice":"Fought Mushrooms","floor":13.0,"gold_loss":0.0,"damage_taken":0.0},{"damage_healed":0.0,"max_hp_gain":0.0,"max_hp_loss":21.0,"gold_gain":0.0,"event_name":"Vampires","player_choice":"Became a vampire","floor":19.0,"gold_loss":0.0,"damage_taken":0.0,"cards_obtained":["Bite","Bite","Bite","Bite","Bite"]},{"damage_healed":0.0,"max_hp_gain":0.0,"max_hp_loss":0.0,"gold_gain":0.0,"event_name":"The Mausoleum","player_choice":"Ignored","floor":20.0,"gold_loss":0.0,"damage_taken":0.0},{"damage_healed":0.0,"max_hp_gain":0.0,"max_hp_loss":0.0,"gold_gain":0.0,"event_name":"The Library","player_choice":"Read","floor":21.0,"gold_loss":0.0,"damage_taken":0.0,"cards_obtained":["Crippling Poison"]},{"damage_healed":0.0,"max_hp_gain":0.0,"max_hp_loss":0.0,"gold_gain":0.0,"event_name":"Back to Basics","player_choice":"Simplicity","floor":28.0,"gold_loss":0.0,"damage_taken":0.0,"cards_upgraded":["Defend_G","Defend_G","Defend_G","Defend_G","Defend_G"]},{"damage_healed":0.0,"max_hp_gain":0.0,"max_hp_loss":0.0,"gold_gain":0.0,"cards_transformed":["Grand Finale"],"event_name":"Transmorgrifier","player_choice":"Transformed","floor":39.0,"gold_loss":0.0,"damage_taken":0.0,"cards_obtained":["Flechettes"]},{"damage_healed":0.0,"max_hp_gain":0.0,"max_hp_loss":0.0,"gold_gain":0.0,"event_name":"The Woman in Blue","player_choice":"Bought 3 Potions","floor":42.0,"gold_loss":0.0,"damage_taken":0.0},{"damage_healed":0.0,"max_hp_gain":0.0,"max_hp_loss":0.0,"gold_gain":0.0,"event_name":"Duplicator","player_choice":"Copied","floor":47.0,"gold_loss":0.0,"damage_taken":0.0,"cards_obtained":["PiercingWail"]}],"is_beta":false,"boss_relics":[{"not_picked":[]},{"not_picked":["Fusion Hammer","Calling Bell","Coffee Dripper"]}],"items_purged_floors":[],"is_endless":false,"potions_floor_spawned":[5,10,12,18,27,35,36,41],"killed_by":"Awakened One","ascension_level":0}