{"gold_per_floor":[114,94,111,111,111,154,154,154,154,154],"floor_reached":10,"playtime":160,"items_purged":[],"score":178,"play_id":"f34a6017-6f67-4ffa-a124-82dee78f1529","local_time":"20190414215050","is_ascension_mode":true,"campfire_choices":[{"data":"Neutralize","floor":8.0,"key":"SMITH"}],"neow_cost":"NONE","seed_source_timestamp":9877108203804980,"circlet_count":0,"master_deck":["AscendersBane","Defend_G","Defend_G","Defend_G","Defend_G","Defend_G","Strike_G","Strike_G","Strike_G","Strike_G","Survivor","Neutralize+1","Quick Slash","Footwork","Backstab"],"special_seed":0,"relics":["Ring of the Snake","NeowsBlessing","Golden Idol","Potion Belt","Toxic Egg 2"],"potions_floor_usage":[10,10],"damage_taken":[{"damage":0.0,"enemies":"2 Louse","floor":1.0,"turns":1.0},{"damage":0.0,"enemies":"Cultist","floor":3.0,"turns":1.0},{"damage":0.0,"enemies":"3 Sentries","floor":6.0,"turns":1.0},{"damage":57,"enemies":"Lagavulin","floor":10,"turns":14}],"seed_played":"7691240025041931315","potions_obtained":[{"floor":2.0,"key":"Fruit Juice"},{"floor":3.0,"key":"Ancient Potion"},{"floor":6.0,"key":"GhostInAJar"}],"is_trial":false,"path_per_floor":["M","?","M","?","?","E","?","R","T","E"],"character_chosen":"THE_SILENT","items_purchased":[],"campfire_rested":0,"item_purchase_floors":[],"current_hp_per_floor":[59,64,64,40,33,33,38,38,38,0],"gold":154,"neow_bonus":"THREE_ENEMY_KILL","is_prod":false,"is_daily":false,"chose_seed":false,"campfire_upgraded":1,"win_rate":0,"timestamp":1555293050,"path_taken":["M","?","?","?","?","E","?","R","T","E"],"build_version":"2019-01-23","purchased_purges":0,"victory":false,"max_hp_per_floor":[66,71,71,71,71,71,76,76,76,76],"card_choices":[{"not_picked":["Dagger Throw","Backflip"],"picked":"Quick Slash","floor":1.0},{"not_picked":["Dagger Throw","Underhanded Strike"],"picked":"Footwork","floor":3.0},{"not_picked":["Concentrate","Backflip"],"picked":"Backstab","floor":6.0}],"player_experience":640682,"relics_obtained":[{"floor":6.0,"key":"Potion Belt"},{"floor":9.0,"key":"Toxic Egg 2"}],"event_choices":[{"damage_healed":0.0,"max_hp_gain":0.0,"max_hp_loss":0.0,"gold_gain":0.0,"event_name":"The Woman in Blue","player_choice":"Bought 1 Potion","floor":2.0,"gold_loss":0.0,"damage_taken":0.0},{"damage_healed":0.0,"max_hp_gain":0.0,"max_hp_loss":0.0,"gold_gain":0.0,"event_name":"Golden Idol","player_choice":"Take Damage","floor":4.0,"gold_loss":0.0,"damage_taken":24.0,"relics_obtained":["Golden Idol"]},{"cards_removed":["Strike_G"],"damage_healed":0.0,"max_hp_gain":0.0,"max_hp_loss":0.0,"gold_gain":0.0,"event_name":"Golden Wing","player_choice":"Card Removal","floor":5.0,"gold_loss":0.0,"damage_taken":7.0},{"damage_healed":0.0,"max_hp_gain":5.0,"max_hp_loss":0.0,"gold_gain":0.0,"event_name":"Big Fish","player_choice":"Donut","floor":7.0,"gold_loss":0.0,"damage_taken":0.0}],"is_beta":false,"boss_relics":[],"items_purged_floors":[],"is_endless":false,"potions_floor_spawned":[3,6],"killed_by":"Lagavulin","ascension_level":20}