{"gold_per_floor":[112,112,162,180,206,206,223,237,237,256,267,267,281,292,292,364,364,384,58,58,74,84,84],"floor_reached":23,"playtime":887,"items_purged":["Strike_G"],"score":374,"play_id":"9b138d19-3ec2-4109-85bb-35fbc18e657c","local_time":"20190430132545","is_ascension_mode":true,"campfire_choices":[{"floor":6.0,"key":"REST"},{"data":"Noxious Fumes","floor":12,"key":"SMITH"},{"data":"Caltrops","floor":15,"key":"SMITH"}],"neow_cost":"PERCENT_DAMAGE","seed_source_timestamp":263540292151336,"circlet_count":0,"master_deck":["AscendersBane","Defend_G","Defend_G","Defend_G","Defend_G","Defend_G","Strike_G","Strike_G","Strike_G","Strike_G","Survivor","Neutralize+1","Dodge and Roll","Leg Sweep","Noxious Fumes+1","Caltrops+1","Flying Knee","Leg Sweep","Bouncing Flask","After Image","Crippling Poison","Dash","Blade Dance"],"special_seed":0,"relics":["Ring of the Snake","StoneCalendar","Matryoshka","Strawberry","Bag of Marbles","Anchor","Blood Vial","Sozu","Snake Skull"],"potions_floor_usage":[11,11,14],"damage_taken":[{"damage":4.0,"enemies":"Small Slimes","floor":1.0,"turns":5.0},{"damage":0.0,"enemies":"Jaw Worm","floor":4.0,"turns":7.0},{"damage":0.0,"enemies":"Cultist","floor":7.0,"turns":4.0},{"damage":10.0,"enemies":"Exordium Wildlife","floor":8.0,"turns":7.0},{"damage":0,"enemies":"3 Louse","floor":10,"turns":4},{"damage":7,"enemies":"Gremlin Gang","floor":11,"turns":7},{"damage":0,"enemies":"Blue Slaver","floor":13,"turns":4},{"damage":0,"enemies":"Exordium Thugs","floor":14,"turns":4},{"damage":8,"enemies":"The Guardian","floor":16,"turns":9},{"damage":1,"enemies":"3 Byrds","floor":18,"turns":2},{"damage":0,"enemies":"Spheric Guardian","floor":21,"turns":3},{"damage":43,"enemies":"Cultist and Chosen","floor":22,"turns":6},{"damage":30,"enemies":"Slavers","floor":23,"turns":3}],"seed_played":"-143636885484368974","potions_obtained":[{"floor":1.0,"key":"GamblersBrew"},{"floor":10,"key":"Swift Potion"},{"floor":13,"key":"AttackPotion"},{"floor":16,"key":"Strength Potion"}],"is_trial":false,"path_per_floor":["M","?","?","M","T","R","M","M","T","M","M","R","M","M","R","B",null,"M","$","?","M","M","E"],"character_chosen":"THE_SILENT","items_purchased":["Snake Skull","Dash"],"campfire_rested":1,"item_purchase_floors":[19,19],"current_hp_per_floor":[40,22,22,22,29,50,50,40,40,42,37,37,39,41,41,35,64,65,65,65,67,26,0],"gold":84,"neow_bonus":"ONE_RARE_RELIC","is_prod":false,"is_daily":false,"chose_seed":false,"campfire_upgraded":2,"win_rate":0,"timestamp":1556645145,"path_taken":["M","?","?","?","?","R","M","M","T","M","M","R","M","M","R","BOSS","M","$","?","M","?","E"],"build_version":"2019-01-23","purchased_purges":1,"victory":false,"max_hp_per_floor":[66,66,66,66,73,73,73,73,73,73,73,73,73,73,73,73,73,73,73,73,73,73,73],"card_choices":[{"not_picked":["Setup","Expertise"],"picked":"Dodge and Roll","floor":1.0},{"not_picked":["PiercingWail","Accuracy"],"picked":"Leg Sweep","floor":4.0},{"not_picked":["Quick Slash","Eviscerate"],"picked":"Noxious Fumes","floor":7.0},{"not_picked":["Flying Knee","Poisoned Stab"],"picked":"Caltrops","floor":8.0},{"not_picked":["Prepared","Calculated Gamble"],"picked":"Flying Knee","floor":10},{"not_picked":["Grand Finale","Finisher"],"picked":"Leg Sweep","floor":11},{"not_picked":["Underhanded Strike","Blade Dance"],"picked":"Bouncing Flask","floor":13},{"not_picked":["Outmaneuver","Accuracy","Dagger Throw"],"picked":"SKIP","floor":14},{"not_picked":["Storm of Steel","A Thousand Cuts"],"picked":"After Image","floor":16},{"not_picked":["Slice","Flechettes"],"picked":"Crippling Poison","floor":18},{"not_picked":["Prepared+1","Underhanded Strike+1","Flechettes"],"picked":"SKIP","floor":21},{"not_picked":["Sucker Punch","Underhanded Strike"],"picked":"Blade Dance","floor":22}],"player_experience":667798,"relics_obtained":[{"floor":5.0,"key":"Strawberry"},{"floor":5.0,"key":"Bag of Marbles"},{"floor":9.0,"key":"Anchor"},{"floor":9.0,"key":"Blood Vial"}],"event_choices":[{"damage_healed":0.0,"max_hp_gain":0.0,"max_hp_loss":0.0,"gold_gain":0.0,"event_name":"Scrap Ooze","player_choice":"Success","floor":2.0,"gold_loss":0.0,"damage_taken":18.0,"relics_obtained":["Matryoshka"]},{"damage_healed":0.0,"max_hp_gain":0.0,"max_hp_loss":0.0,"gold_gain":50.0,"event_name":"Golden Shrine","player_choice":"Pray","floor":3.0,"gold_loss":0.0,"damage_taken":0.0},{"damage_healed":0,"gold_gain":0,"player_choice":"Upgraded","damage_taken":0,"max_hp_gain":0,"max_hp_loss":0,"event_name":"Upgrade Shrine","floor":20,"gold_loss":0,"cards_upgraded":["Neutralize"]}],"is_beta":false,"boss_relics":[{"not_picked":["Empty Cage","Lizard Tail"],"picked":"Sozu"}],"items_purged_floors":[19],"is_endless":false,"potions_floor_spawned":[1,10,13,16],"killed_by":"Slavers","ascension_level":20}