{"gold_per_floor":[118,193,212,97,111,111,144,170,170,170,183,183,193,218,218,292,292,306,206,236,161,36,36,71,84,131,131,131,131,32,45,45,119,119,134,152,2,2,2,32,32,51,51,69,81,111,111,128,128,128],"floor_reached":50,"playtime":1596,"items_purged":["Strike_R","Strike_R","Defend_R","Normality"],"score":1081,"play_id":"aaa654d1-a812-41ea-8ad0-19d7727bd577","local_time":"20190510224735","is_ascension_mode":true,"campfire_choices":[{"data":"Bash","floor":6.0,"key":"SMITH"},{"data":"Carnage","floor":10.0,"key":"SMITH"},{"data":"Rampage","floor":12.0,"key":"SMITH"},{"data":"True Grit","floor":15.0,"key":"SMITH"},{"floor":27.0,"key":"REST"},{"data":"Demon Form","floor":29.0,"key":"SMITH"},{"data":"Shrug It Off","floor":32.0,"key":"SMITH"},{"floor":41.0,"key":"REST"},{"floor":47.0,"key":"REST"},{"data":"Master of Strategy","floor":49.0,"key":"SMITH"}],"neow_cost":"NONE","seed_source_timestamp":0,"circlet_count":0,"master_deck":["AscendersBane","Strike_R","Strike_R","Defend_R","Defend_R","Bash+1","Pummel","Dropkick","Rampage+1","Headbutt","Carnage+1","Feed+1","Inflame","True Grit+1","Reaper+1","Iron Wave+1","Necronomicurse","Shrug It Off+1","Demon Form+1","Swift Strike+1","Immolate+1","Heavy Blade+1","Iron Wave+1","Master of Strategy+1","Feed+1","Iron Wave+1","Doubt","Flame Barrier+1","Body Slam+1","Metallicize"],"special_seed":0,"relics":["Burning Blood","Ancient Tea Set","Happy Flower","Regal Pillow","Molten Egg 2","Pear","Cursed Key","Red Mask","Necronomicon","Kunai","Oddly Smooth Stone","Philosopher\u0027s Stone","Darkstone Periapt","Bronze Scales"],"potions_floor_usage":[],"damage_taken":[{"damage":11.0,"enemies":"Jaw Worm","floor":1.0,"turns":6.0},{"damage":6.0,"enemies":"Small Slimes","floor":3.0,"turns":4.0},{"damage":8.0,"enemies":"2 Louse","floor":5.0,"turns":2.0},{"damage":8.0,"enemies":"Gremlin Nob","floor":7.0,"turns":3.0},{"damage":3.0,"enemies":"Large Slime","floor":11.0,"turns":4.0},{"damage":13.0,"enemies":"Exordium Thugs","floor":13.0,"turns":3.0},{"damage":20.0,"enemies":"Lagavulin","floor":14.0,"turns":5.0},{"damage":28.0,"enemies":"Hexaghost","floor":16.0,"turns":9.0},{"damage":30.0,"enemies":"2 Thieves","floor":18.0,"turns":4.0},{"damage":6.0,"enemies":"Masked Bandits","floor":20.0,"turns":4.0},{"damage":21.0,"enemies":"Book of Stabbing","floor":24.0,"turns":3.0},{"damage":12.0,"enemies":"Shell Parasite","floor":25.0,"turns":3.0},{"damage":2.0,"enemies":"3 Cultists","floor":31.0,"turns":4.0},{"damage":73.0,"enemies":"Collector","floor":33.0,"turns":9.0},{"damage":39.0,"enemies":"3 Shapes","floor":35.0,"turns":6.0},{"damage":0.0,"enemies":"Orb Walker","floor":36.0,"turns":2.0},{"damage":62.0,"enemies":"Reptomancer","floor":40.0,"turns":5.0},{"damage":0.0,"enemies":"Jaw Worm Horde","floor":42.0,"turns":1.0},{"damage":62.0,"enemies":"Spire Growth","floor":44.0,"turns":4.0},{"damage":0.0,"enemies":"Sphere and 2 Shapes","floor":45.0,"turns":1.0},{"damage":28.0,"enemies":"Nemesis","floor":46.0,"turns":5.0},{"damage":15.0,"enemies":"Writhing Mass","floor":48.0,"turns":4.0},{"damage":97,"enemies":"Awakened One","floor":50,"turns":6}],"seed_played":"-2412596077430211441","potions_obtained":[{"floor":1.0,"key":"Weak Potion"},{"floor":7.0,"key":"Fire Potion"},{"floor":16.0,"key":"LiquidBronze"},{"floor":18.0,"key":"Ancient Potion"},{"floor":20.0,"key":"LiquidBronze"}],"is_trial":false,"path_per_floor":["M","?","M","$","M","R","E","T","T","R","M","R","M","E","R","B",null,"M","$","?","?","$","?","E","M","T","R","?","R","$","M","R","B",null,"M","M","$","?","?","E","R","M","T","M","M","E","R","M","R","B"],"character_chosen":"IRONCLAD","items_purchased":["Rampage","Swift Strike+1"],"campfire_rested":3,"item_purchase_floors":[4,30],"current_hp_per_floor":[63,52,52,52,50,50,48,48,48,48,51,51,44,40,40,18,68,62,62,73,73,73,52,41,39,39,84,101,101,101,101,101,58,90,57,63,63,63,63,45,90,96,102,46,52,56,103,94,94,0],"gold":128,"neow_bonus":"RANDOM_COMMON_RELIC","is_prod":false,"is_daily":false,"chose_seed":false,"campfire_upgraded":7,"win_rate":0,"timestamp":1557524855,"path_taken":["M","?","M","$","M","R","E","?","T","R","M","R","M","E","R","BOSS","M","$","?","?","?","?","E","M","T","R","?","R","?","?","R","BOSS","M","M","$","?","?","E","R","M","T","?","M","E","R","M","R","BOSS"],"build_version":"2019-01-23","purchased_purges":4,"victory":false,"max_hp_per_floor":[75,75,75,75,75,75,75,75,75,75,75,75,75,85,85,85,85,89,89,93,93,93,93,97,101,101,101,101,101,101,101,101,101,101,101,101,101,101,101,101,101,101,107,107,107,107,107,107,107,107],"card_choices":[{"not_picked":["Headbutt","Searing Blow"],"picked":"Pummel","floor":1.0},{"not_picked":["Anger","Power Through"],"picked":"Dropkick","floor":3.0},{"not_picked":["Perfected Strike","Clash"],"picked":"Headbutt","floor":5.0},{"not_picked":["Rage","Burning Pact"],"picked":"Carnage","floor":7.0},{"not_picked":["Rage","Iron Wave+1"],"picked":"Feed+1","floor":11.0},{"not_picked":["Clash+1","Perfected Strike+1"],"picked":"Inflame","floor":13.0},{"not_picked":["Power Through","Ghostly Armor"],"picked":"True Grit","floor":14.0},{"not_picked":["Dark Embrace","Impervious"],"picked":"Reaper+1","floor":16.0},{"not_picked":["Anger+1","Fire Breathing"],"picked":"Iron Wave+1","floor":18.0},{"not_picked":["Anger+1","Searing Blow+1"],"picked":"Shrug It Off","floor":24.0},{"not_picked":["Iron Wave+1","Shrug It Off"],"picked":"Demon Form","floor":25.0},{"not_picked":["Warcry","Seeing Red","Dual Wield"],"picked":"SKIP","floor":31.0},{"not_picked":["Demon Form","Dark Embrace"],"picked":"Immolate+1","floor":33.0},{"not_picked":["Hemokinesis+1","Thunderclap+1"],"picked":"Heavy Blade+1","floor":35.0},{"not_picked":["Armaments+1","Body Slam+1"],"picked":"Iron Wave+1","floor":36.0},{"not_picked":["Panacea","Discovery"],"picked":"Master of Strategy","floor":38.0},{"not_picked":["Searing Blow+1","Anger+1"],"picked":"Iron Wave+1","floor":40.0},{"not_picked":["Dual Wield","Power Through","Battle Trance"],"picked":"SKIP","floor":42.0},{"not_picked":["Dual Wield","Clash+1","Sever Soul+1"],"picked":"SKIP","floor":44.0},{"not_picked":["Searing Blow+1","Infernal Blade"],"picked":"Flame Barrier+1","floor":45.0},{"not_picked":["Clothesline+1","Warcry+1"],"picked":"Body Slam+1","floor":46.0},{"not_picked":["Carnage+1","Havoc"],"picked":"Metallicize","floor":48.0}],"player_experience":1348031,"relics_obtained":[{"floor":7.0,"key":"Happy Flower"},{"floor":8.0,"key":"Regal Pillow"},{"floor":9.0,"key":"Molten Egg 2"},{"floor":14.0,"key":"Pear"},{"floor":20.0,"key":"Red Mask"},{"floor":23.0,"key":"Necronomicon"},{"floor":24.0,"key":"Kunai"},{"floor":26.0,"key":"Oddly Smooth Stone"},{"floor":40.0,"key":"Darkstone Periapt"},{"floor":46.0,"key":"Bronze Scales"}],"event_choices":[{"damage_healed":0.0,"max_hp_gain":0.0,"max_hp_loss":0.0,"gold_gain":75.0,"event_name":"World of Goop","player_choice":"Gather Gold","floor":2.0,"gold_loss":0.0,"damage_taken":11.0},{"damage_healed":0.0,"max_hp_gain":0.0,"max_hp_loss":0.0,"gold_gain":0.0,"event_name":"Masked Bandits","player_choice":"Fought Bandits","floor":20.0,"gold_loss":0.0,"damage_taken":0.0},{"cards_removed":["Strike_R"],"damage_healed":0.0,"max_hp_gain":0.0,"max_hp_loss":0.0,"gold_gain":0.0,"event_name":"Beggar","player_choice":"Gave Gold","floor":21.0,"gold_loss":75.0,"damage_taken":0.0},{"damage_healed":0.0,"max_hp_gain":0.0,"max_hp_loss":0.0,"gold_gain":0.0,"event_name":"Cursed Tome","player_choice":"Obtained Book","floor":23.0,"gold_loss":0.0,"damage_taken":21.0},{"damage_healed":20.0,"max_hp_gain":0.0,"max_hp_loss":0.0,"gold_gain":0.0,"event_name":"The Library","player_choice":"Heal","floor":28.0,"gold_loss":0.0,"damage_taken":0.0},{"damage_healed":0.0,"max_hp_gain":0.0,"max_hp_loss":0.0,"gold_gain":0.0,"event_name":"SensoryStone","player_choice":"Memory 1","floor":38.0,"gold_loss":0.0,"damage_taken":0.0},{"damage_healed":0.0,"max_hp_gain":0.0,"max_hp_loss":0.0,"gold_gain":0.0,"cards_transformed":["Defend_R"],"event_name":"Transmorgrifier","player_choice":"Transformed","floor":39.0,"gold_loss":0.0,"damage_taken":0.0,"cards_obtained":["Feed"]}],"is_beta":false,"boss_relics":[{"not_picked":["Pandora\u0027s Box","Black Blood"],"picked":"Cursed Key"},{"not_picked":["White Beast Statue","Lizard Tail"],"picked":"Philosopher\u0027s Stone"}],"items_purged_floors":[4,19,22,37],"is_endless":false,"potions_floor_spawned":[1,7,13,16,18,20,40,42,45,46],"killed_by":"Awakened One","ascension_level":20}