{"gold_per_floor":[113,123,123,21,37,37,37,37,37,37,56,76,111,111,111,111],"floor_reached":16,"playtime":483,"items_purged":[],"score":200,"play_id":"1d280cd3-cc1f-4b3e-b7b6-2cd68c1357ac","local_time":"20181129192036","is_ascension_mode":true,"campfire_choices":[{"data":"Neutralize","floor":6,"key":"SMITH"},{"data":"Noxious Fumes","floor":8,"key":"SMITH"},{"data":"Burst","floor":10,"key":"SMITH"},{"floor":15,"key":"REST"}],"neow_cost":"NONE","seed_source_timestamp":4938413901548,"circlet_count":0,"master_deck":["AscendersBane","Defend_G","Defend_G","Defend_G","Defend_G","Defend_G","Strike_G","Strike_G","Strike_G","Strike_G","Strike_G+1","Survivor","Neutralize+1","Burst+1","Quick Slash","Sucker Punch","Noxious Fumes+1","Cloak And Dagger","Riddle With Holes","Dagger Spray+1","Catalyst","Flying Knee"],"relics":["Ring of the Snake","Ornamental Fan","Whetstone","Meat on the Bone"],"potions_floor_usage":[13,16],"damage_taken":[{"damage":0,"enemies":"2 Louse","floor":1,"turns":4},{"damage":14,"enemies":"Cultist","floor":2,"turns":7},{"damage":0,"enemies":"Jaw Worm","floor":5,"turns":4},{"damage":1,"enemies":"Blue Slaver","floor":11,"turns":4},{"damage":1,"enemies":"Red Slaver","floor":12,"turns":6},{"damage":25,"enemies":"Lagavulin","floor":13,"turns":9},{"damage":45,"enemies":"The Guardian","floor":16,"turns":6}],"seed_played":"8050632452379475219","potions_obtained":[{"floor":3,"key":"PowerPotion"},{"floor":3,"key":"Swift Potion"},{"floor":11,"key":"EssenceOfSteel"}],"is_trial":false,"path_per_floor":["M","M","?","$","M","R","?","R","T","R","M","M","E","T","R","B"],"character_chosen":"THE_SILENT","items_purchased":["Noxious Fumes","Cloak And Dagger"],"campfire_rested":1,"item_purchase_floors":[4,4],"current_hp_per_floor":[59,45,45,45,45,45,50,50,50,50,49,48,23,23,44,0],"gold":111,"neow_bonus":"ONE_RANDOM_RARE_CARD","is_prod":false,"is_daily":false,"chose_seed":false,"campfire_upgraded":3,"win_rate":0,"timestamp":1543537236,"path_taken":["M","M","?","?","M","R","?","R","T","R","M","M","E","?","R","BOSS"],"build_version":"2018-11-15","purchased_purges":0,"victory":false,"max_hp_per_floor":[66,66,66,66,66,66,71,71,71,71,71,71,71,71,71,71],"card_choices":[{"not_picked":["Dodge and Roll","Footwork"],"picked":"Quick Slash","floor":1},{"not_picked":["Outmaneuver","Blur"],"picked":"Sucker Punch","floor":2},{"not_picked":["Tactician","Dodge and Roll"],"picked":"Riddle With Holes","floor":5},{"not_picked":["Acrobatics","Setup"],"picked":"Dagger Spray","floor":11},{"not_picked":["Poisoned Stab","Deadly Poison"],"picked":"Catalyst","floor":12},{"not_picked":["Burst","Poisoned Stab"],"picked":"Flying Knee","floor":13}],"player_experience":465194,"relics_obtained":[{"floor":9,"key":"Ornamental Fan"},{"floor":13,"key":"Whetstone"},{"floor":14,"key":"Meat on the Bone"}],"event_choices":[{"damage_healed":0,"gold_gain":0,"player_choice":"Got Potions","damage_taken":0,"max_hp_gain":0,"max_hp_loss":0,"event_name":"Lab","floor":3,"gold_loss":0},{"damage_healed":0,"gold_gain":0,"player_choice":"Donut","damage_taken":0,"max_hp_gain":5,"max_hp_loss":0,"event_name":"Big Fish","floor":7,"gold_loss":0}],"is_beta":false,"boss_relics":[],"items_purged_floors":[],"is_endless":false,"potions_floor_spawned":[11,12],"killed_by":"The Guardian","ascension_level":20}