{"gold_per_floor":[110,110,110,127,92,92,125,125,150,150,161,174,201,213,213,290,290,304,304,14,34,47,47,65,65,112,112,112,37,87,97,97,173,173,183,198,216,236,236,236,249,260,286,286,300,16,16,28,28,28],"floor_reached":50,"playtime":1923,"items_purged":["Strike_G"],"score":937,"play_id":"50758b9e-726b-4e68-8bc0-a926413f6fc1","local_time":"20190428203546","is_ascension_mode":true,"campfire_choices":[{"data":"Neutralize","floor":6.0,"key":"SMITH"},{"floor":8.0,"key":"REST"},{"data":"Dodge and Roll","floor":15.0,"key":"SMITH"},{"data":"A Thousand Cuts","floor":23.0,"key":"SMITH"},{"data":"Cloak And Dagger","floor":25.0,"key":"SMITH"},{"data":"Dash","floor":32.0,"key":"SMITH"},{"floor":40,"key":"RECALL"},{"data":"Madness","floor":49,"key":"SMITH"}],"neow_cost":"NONE","seed_source_timestamp":115381199667208,"circlet_count":0,"master_deck":["AscendersBane","Defend_G","Defend_G","Defend_G","Defend_G","Survivor","Neutralize+1","Dash+1","Dagger Spray","All Out Attack","Dodge and Roll+1","Sucker Punch+1","Dagger Spray+1","A Thousand Cuts+1","Crippling Poison","Cloak And Dagger+1","Dodge and Roll+1","Caltrops+1","Poisoned Stab+1","Unload+1","Unload+1","Bullet Time+1","Footwork+1","Bouncing Flask+1","Blur","Dodge and Roll+1","Bane+1","PiercingWail+1","Tactician","Madness+1","Cloak And Dagger+1"],"special_seed":0,"relics":["Ring of the Snake","Oddly Smooth Stone","Pocketwatch","Bronze Scales","Art of War","Pear","Molten Egg 2","Coffee Dripper","MutagenicStrength","ClockworkSouvenir","Lantern","Bottled Flame","Astrolabe","Toy Ornithopter"],"potions_floor_usage":[38,38,48,50],"damage_taken":[{"damage":2.0,"enemies":"Small Slimes","floor":1.0,"turns":6.0},{"damage":0.0,"enemies":"Jaw Worm","floor":4.0,"turns":4.0},{"damage":25.0,"enemies":"Gremlin Nob","floor":7.0,"turns":5.0},{"damage":0.0,"enemies":"2 Louse","floor":11.0,"turns":2.0},{"damage":0.0,"enemies":"Looter","floor":12.0,"turns":2.0},{"damage":16.0,"enemies":"3 Sentries","floor":13.0,"turns":7.0},{"damage":0.0,"enemies":"Blue Slaver","floor":14.0,"turns":3.0},{"damage":19.0,"enemies":"Slime Boss","floor":16.0,"turns":7.0},{"damage":0.0,"enemies":"3 Byrds","floor":18.0,"turns":2.0},{"damage":8.0,"enemies":"2 Thieves","floor":21.0,"turns":3.0},{"damage":22.0,"enemies":"Cultist and Chosen","floor":22.0,"turns":5.0},{"damage":0.0,"enemies":"Centurion and Healer","floor":24.0,"turns":6.0},{"damage":0.0,"enemies":"Snake Plant","floor":31.0,"turns":3.0},{"damage":31.0,"enemies":"Collector","floor":33.0,"turns":8.0},{"damage":0,"enemies":"3 Shapes","floor":35,"turns":5},{"damage":0,"enemies":"Orb Walker","floor":36,"turns":3},{"damage":12,"enemies":"Maw","floor":37,"turns":8},{"damage":14,"enemies":"Transient","floor":38,"turns":6},{"damage":17,"enemies":"Writhing Mass","floor":41,"turns":6},{"damage":25,"enemies":"Maw","floor":42,"turns":8},{"damage":0,"enemies":"4 Shapes","floor":45,"turns":6},{"damage":15,"enemies":"Jaw Worm Horde","floor":48,"turns":4},{"damage":20,"enemies":"Awakened One","floor":50,"turns":5}],"seed_played":"4620816963462710432","potions_obtained":[{"floor":4.0,"key":"Strength Potion"},{"floor":11.0,"key":"EssenceOfSteel"},{"floor":22.0,"key":"Swift Potion"},{"floor":35,"key":"Weak Potion"},{"floor":37,"key":"SkillPotion"},{"floor":41,"key":"Swift Potion"}],"is_trial":false,"path_per_floor":["M","?","?","M","?","R","E","R","T","T","M","M","E","M","R","B",null,"M","?","$","M","M","R","M","R","T","T","?","?","?","M","R","B",null,"M","M","M","M","?","R","M","M","T","?","M","$","?","M","R","B"],"character_chosen":"THE_SILENT","items_purchased":["ClockworkSouvenir","Explosive Potion","Toy Ornithopter"],"campfire_rested":1,"item_purchase_floors":[20,46,46],"current_hp_per_floor":[57,57,39,39,55,55,30,49,49,59,59,59,43,43,43,24,63,63,63,63,55,33,33,33,33,33,33,33,33,33,33,33,2,58,58,58,46,32,62,62,45,20,20,20,20,20,20,10,10,0],"gold":28,"neow_bonus":"RANDOM_COMMON_RELIC","is_prod":false,"is_daily":false,"chose_seed":false,"campfire_upgraded":6,"win_rate":0,"timestamp":1556498146,"path_taken":["M","?","?","M","?","R","E","R","T","?","M","?","E","M","R","BOSS","M","?","$","M","M","R","M","R","T","?","?","?","?","M","R","BOSS","M","?","M","M","?","R","M","M","T","?","?","$","?","M","R","BOSS"],"build_version":"2019-01-23","purchased_purges":1,"victory":false,"max_hp_per_floor":[66,66,66,66,66,66,66,66,66,76,76,76,76,76,76,76,76,76,76,76,76,76,76,76,76,76,76,76,76,76,76,76,76,76,76,76,76,76,62,62,62,62,62,62,62,62,62,62,62,62],"card_choices":[{"not_picked":["Sucker Punch","PiercingWail"],"picked":"Dash","floor":1.0},{"not_picked":["Blade Dance","Prepared","Backflip"],"picked":"SKIP","floor":4.0},{"not_picked":["Acrobatics","Terror"],"picked":"Dagger Spray","floor":7.0},{"not_picked":["Underhanded Strike","Backflip"],"picked":"All Out Attack","floor":11.0},{"not_picked":["All Out Attack","Catalyst"],"picked":"Dodge and Roll","floor":12.0},{"not_picked":["Flying Knee","Phantasmal Killer"],"picked":"Sucker Punch","floor":13.0},{"not_picked":["Masterful Stab+1","Underhanded Strike+1"],"picked":"Dagger Spray+1","floor":14.0},{"not_picked":["Night Terror","Phantasmal Killer"],"picked":"A Thousand Cuts","floor":16.0},{"not_picked":["Sucker Punch+1","Choke+1"],"picked":"Crippling Poison","floor":18.0},{"not_picked":["Bane+1","Masterful Stab+1"],"picked":"Cloak And Dagger","floor":21.0},{"not_picked":["Blade Dance","Skewer+1"],"picked":"Dodge and Roll+1","floor":22.0},{"not_picked":["Infinite Blades","Dagger Spray+1"],"picked":"Caltrops+1","floor":24.0},{"not_picked":["Acrobatics","Deadly Poison+1"],"picked":"Poisoned Stab+1","floor":31.0},{"not_picked":["Night Terror","Grand Finale+1"],"picked":"Unload+1","floor":33.0},{"not_picked":["Prepared","Sucker Punch+1"],"picked":"Bouncing Flask+1","floor":35},{"not_picked":["Prepared","Blade Dance"],"picked":"Blur","floor":36},{"not_picked":["Blade Dance","Eviscerate+1"],"picked":"Dodge and Roll+1","floor":37},{"not_picked":["Infinite Blades","Concentrate"],"picked":"Bane+1","floor":38},{"not_picked":["Acrobatics","Bane+1"],"picked":"PiercingWail+1","floor":41},{"not_picked":["Underhanded Strike+1","Crippling Poison+1","Infinite Blades"],"picked":"SKIP","floor":42},{"not_picked":["Expertise+1","Night Terror","Quick Slash+1"],"picked":"SKIP","floor":45},{"not_picked":["Discovery","Thinking Ahead"],"picked":"Madness","floor":47},{"not_picked":["Underhanded Strike+1","Sucker Punch+1"],"picked":"Cloak And Dagger+1","floor":48}],"player_experience":663336,"relics_obtained":[{"floor":7.0,"key":"Bronze Scales"},{"floor":9.0,"key":"Art of War"},{"floor":10.0,"key":"Pear"},{"floor":13.0,"key":"Molten Egg 2"},{"floor":26.0,"key":"Lantern"},{"floor":27.0,"key":"Bottled Flame"}],"event_choices":[{"damage_healed":0.0,"max_hp_gain":0.0,"max_hp_loss":0.0,"gold_gain":0.0,"event_name":"Liars Game","player_choice":"Ignored","floor":2.0,"gold_loss":0.0,"damage_taken":0.0},{"damage_healed":0.0,"max_hp_gain":0.0,"max_hp_loss":0.0,"gold_gain":0.0,"event_name":"Scrap Ooze","player_choice":"Success","floor":3.0,"gold_loss":0.0,"damage_taken":18.0,"relics_obtained":["Pocketwatch"]},{"damage_healed":16.0,"max_hp_gain":0.0,"max_hp_loss":0.0,"gold_gain":0.0,"event_name":"The Cleric","player_choice":"Healed","floor":5.0,"gold_loss":35.0,"damage_taken":0.0},{"damage_healed":0.0,"max_hp_gain":0.0,"max_hp_loss":0.0,"gold_gain":0.0,"event_name":"Drug Dealer","player_choice":"Inject Mutagens","floor":19.0,"gold_loss":0.0,"damage_taken":0.0,"relics_obtained":["MutagenicStrength"]},{"damage_healed":0.0,"max_hp_gain":0.0,"max_hp_loss":0.0,"gold_gain":0.0,"event_name":"Ghosts","player_choice":"Ignored","floor":28.0,"gold_loss":0.0,"damage_taken":0.0},{"cards_removed":["Strike_G"],"damage_healed":0.0,"max_hp_gain":0.0,"max_hp_loss":0.0,"gold_gain":0.0,"event_name":"Beggar","player_choice":"Gave Gold","floor":29.0,"gold_loss":75.0,"damage_taken":0.0},{"damage_healed":0.0,"max_hp_gain":0.0,"max_hp_loss":0.0,"gold_gain":50.0,"event_name":"Golden Shrine","player_choice":"Pray","floor":30.0,"gold_loss":0.0,"damage_taken":0.0},{"damage_healed":62,"gold_gain":0,"player_choice":"Heal","damage_taken":0,"max_hp_gain":0,"max_hp_loss":14,"event_name":"The Moai Head","floor":39,"gold_loss":0},{"damage_healed":0,"gold_gain":0,"cards_transformed":["Defend_G"],"player_choice":"Transformed","damage_taken":0,"max_hp_gain":0,"max_hp_loss":0,"event_name":"Transmorgrifier","floor":44,"gold_loss":0,"cards_obtained":["Tactician"]},{"damage_healed":0,"gold_gain":0,"player_choice":"Memory 1","damage_taken":0,"max_hp_gain":0,"max_hp_loss":0,"event_name":"SensoryStone","floor":47,"gold_loss":0}],"is_beta":false,"boss_relics":[{"not_picked":["HoveringKite","Runic Dome"],"picked":"Coffee Dripper"},{"not_picked":["Busted Crown","Pandora\u0027s Box"],"picked":"Astrolabe"}],"items_purged_floors":[20],"is_endless":false,"potions_floor_spawned":[4,11,12,22,24,31,35,37,41],"killed_by":"Awakened One","ascension_level":20}