{"gold_per_floor":[115,115,115,131,151,151,162,162,162,193,208,240,270,297,297,297],"floor_reached":16,"playtime":371,"items_purged":[],"score":240,"play_id":"7717c02a-a820-4565-ac8c-64fadd49e319","local_time":"20190701140611","is_ascension_mode":true,"campfire_choices":[{"data":"Neutralize","floor":6.0,"key":"SMITH"},{"data":"Dagger Spray","floor":8.0,"key":"SMITH"},{"floor":15.0,"key":"REST"}],"neow_cost":"NONE","seed_source_timestamp":0,"circlet_count":0,"master_deck":["AscendersBane","Defend_G","Defend_G","Defend_G","Defend_G","Defend_G","Strike_G","Strike_G","Strike_G","Strike_G","Strike_G","Survivor","Neutralize+1","Dagger Throw","Dagger Spray+1","Riddle With Holes","Deadly Poison","Noxious Fumes","Poisoned Stab"],"special_seed":0,"relics":["Ring of the Snake","NeowsBlessing","Unceasing Top","Calipers","PreservedInsect","Potion Belt","Matryoshka","Anchor"],"potions_floor_usage":[16],"damage_taken":[{"damage":0.0,"enemies":"2 Louse","floor":1.0,"turns":1.0},{"damage":0.0,"enemies":"Jaw Worm","floor":4.0,"turns":1.0},{"damage":0.0,"enemies":"Small Slimes","floor":5.0,"turns":1.0},{"damage":8.0,"enemies":"Exordium Wildlife","floor":7.0,"turns":5.0},{"damage":6.0,"enemies":"Gremlin Nob","floor":10.0,"turns":3.0},{"damage":0.0,"enemies":"Blue Slaver","floor":11.0,"turns":3.0},{"damage":17.0,"enemies":"3 Sentries","floor":12.0,"turns":7.0},{"damage":6.0,"enemies":"Gremlin Nob","floor":14.0,"turns":3.0},{"damage":23,"enemies":"Hexaghost","floor":16,"turns":8}],"seed_played":"-7203034413563374435","potions_obtained":[{"floor":4.0,"key":"GamblersBrew"},{"floor":7.0,"key":"FearPotion"},{"floor":10.0,"key":"SteroidPotion"},{"floor":12.0,"key":"FearPotion"},{"floor":14.0,"key":"AttackPotion"}],"is_trial":false,"path_per_floor":["M","?","?","M","M","R","M","R","T","E","M","E","?","E","R","B"],"character_chosen":"THE_SILENT","items_purchased":[],"campfire_rested":1,"item_purchase_floors":[],"current_hp_per_floor":[59,41,41,41,41,41,33,33,33,27,27,10,10,4,23,0],"gold":297,"neow_bonus":"THREE_ENEMY_KILL","is_prod":false,"is_daily":false,"chose_seed":false,"campfire_upgraded":2,"win_rate":0,"timestamp":1562004371,"path_taken":["M","?","?","?","M","R","M","R","T","E","M","E","?","E","R","BOSS"],"build_version":"2019-01-23","purchased_purges":0,"victory":false,"max_hp_per_floor":[66,66,66,66,66,66,66,66,66,66,66,66,66,66,66,66],"card_choices":[{"not_picked":["PiercingWail","Slice"],"picked":"Dagger Throw","floor":1.0},{"not_picked":["Quick Slash","Crippling Poison"],"picked":"Dagger Spray","floor":4.0},{"not_picked":["Poisoned Stab","Backflip"],"picked":"Riddle With Holes","floor":5.0},{"not_picked":["Dagger Throw","Dodge and Roll"],"picked":"Deadly Poison","floor":7.0},{"not_picked":["Adrenaline","Well Laid Plans"],"picked":"Noxious Fumes","floor":10.0},{"not_picked":["Reflex","Eviscerate"],"picked":"Poisoned Stab","floor":11.0},{"not_picked":["Masterful Stab","Catalyst","Riddle With Holes"],"picked":"SKIP","floor":12.0},{"not_picked":["Accuracy","Deflect","Setup"],"picked":"SKIP","floor":14.0}],"player_experience":824284,"relics_obtained":[{"floor":9.0,"key":"Calipers"},{"floor":10.0,"key":"PreservedInsect"},{"floor":12.0,"key":"Potion Belt"},{"floor":14.0,"key":"Anchor"}],"event_choices":[{"damage_healed":0.0,"max_hp_gain":0.0,"max_hp_loss":0.0,"gold_gain":0.0,"event_name":"Scrap Ooze","player_choice":"Success","floor":2.0,"gold_loss":0.0,"damage_taken":18.0,"relics_obtained":["Unceasing Top"]},{"damage_healed":0.0,"max_hp_gain":0.0,"max_hp_loss":0.0,"gold_gain":0.0,"event_name":"Shining Light","player_choice":"Ignored","floor":3.0,"gold_loss":0.0,"damage_taken":0.0},{"damage_healed":0.0,"max_hp_gain":0.0,"max_hp_loss":0.0,"gold_gain":30.0,"event_name":"Dead Adventurer","player_choice":"Searched \u00272\u0027 times","floor":13.0,"gold_loss":0.0,"damage_taken":0.0,"relics_obtained":["Matryoshka"]}],"is_beta":false,"boss_relics":[],"items_purged_floors":[],"is_endless":false,"potions_floor_spawned":[4,7,10,12,14],"killed_by":"Hexaghost","ascension_level":20}