{"gold_per_floor":[118,131,131,149,149,149,178,101,149,184,184,149,22,22,22,123,123,140,152,70,70],"floor_reached":21,"playtime":938,"items_purged":[],"score":287,"play_id":"f53e0207-f3a5-4416-8da7-37ff74a3ca0f","local_time":"20180907183154","is_ascension_mode":true,"campfire_choices":[{"data":"Neutralize","floor":6.0,"key":"SMITH"},{"data":"Neutralize","floor":11.0,"key":"SMITH"},{"data":"Discovery","floor":15.0,"key":"SMITH"}],"neow_cost":"","seed_source_timestamp":0,"circlet_count":0,"master_deck":["Defend_G","Defend_G","Defend_G","Defend_G","Defend_G","Strike_G","Strike_G","Strike_G","Strike_G","Survivor","Neutralize+1","AscendersBane","Dodge and Roll","Neutralize+1","Discovery+1","Quick Slash","Cloak And Dagger","Accuracy","Blade Dance","Corpse Explosion","Infinite Blades","Cloak And Dagger","A Thousand Cuts","Infinite Blades","Heel Hook"],"special_seed":0,"relics":["Ring of the Serpent","MawBank","Art of War","Question Card"],"potions_floor_usage":[21],"damage_taken":[{"damage":0.0,"enemies":"Cultist","floor":1.0,"turns":5.0},{"damage":0.0,"enemies":"2 Louse","floor":2.0,"turns":5.0},{"damage":4.0,"enemies":"Small Slimes","floor":4.0,"turns":4.0},{"damage":20.0,"enemies":"3 Sentries","floor":7.0,"turns":12.0},{"damage":24.0,"enemies":"Gremlin Nob","floor":10.0,"turns":5.0},{"damage":23.0,"enemies":"Hexaghost","floor":16.0,"turns":13.0},{"damage":15.0,"enemies":"3 Byrds","floor":18.0,"turns":3.0},{"damage":18.0,"enemies":"Chosen","floor":19.0,"turns":8.0},{"damage":33,"enemies":"Sentry and Sphere","floor":21,"turns":7}],"seed_played":"5334732854451163842","potions_obtained":[{"floor":1.0,"key":"Regen Potion"},{"floor":4.0,"key":"Poison Potion"},{"floor":10.0,"key":"SpeedPotion"}],"is_trial":false,"path_per_floor":["M","M","?","M","?","R","E","$","T","E","R","?","$","?","R","B",null,"M","M","$"],"character_chosen":"THE_SILENT","items_purchased":["Accuracy","Blade Dance","Infinite Blades","Cloak And Dagger","Heel Hook"],"campfire_rested":0,"item_purchase_floors":[8,8,13,13,20],"current_hp_per_floor":[63,63,63,59,52,52,47,47,47,23,23,40,40,45,45,22,62,47,29,29,0],"gold":70,"neow_bonus":"","is_prod":false,"is_daily":false,"chose_seed":false,"campfire_upgraded":3,"win_rate":0,"timestamp":1536359514,"path_taken":["M","M","?","?","?","R","E","$","T","E","R","?","?","?","R","BOSS","M","?","$","M"],"build_version":"2018-09-06","purchased_purges":0,"victory":false,"max_hp_per_floor":[70,70,70,70,70,70,70,70,70,70,70,70,70,75,75,75,75,75,75,75,75],"card_choices":[{"not_picked":["Finisher","Slice"],"picked":"Dodge and Roll","floor":1.0},{"not_picked":["Deadly Poison","Bane","Tactician"],"picked":"SKIP","floor":2.0},{"not_picked":["Sucker Punch","Poisoned Stab"],"picked":"Quick Slash","floor":4.0},{"not_picked":["Choke","Masterful Stab"],"picked":"Cloak And Dagger","floor":7.0},{"not_picked":["Backflip","Underhanded Strike"],"picked":"Corpse Explosion","floor":10.0},{"not_picked":["Storm of Steel","Bullet Time","Phantasmal Killer"],"picked":"A Thousand Cuts","floor":16.0},{"not_picked":["Eviscerate","Sucker Punch","Slice","Choke"],"picked":"SKIP","floor":18.0},{"not_picked":["Dodge and Roll+1","Crippling Poison","Slice"],"picked":"Infinite Blades","floor":19.0}],"player_experience":327297,"relics_obtained":[{"floor":7.0,"key":"MawBank"},{"floor":9.0,"key":"Art of War"},{"floor":10.0,"key":"Question Card"}],"event_choices":[{"event_name":"Match and Keep!","player_choice":"2 cards matched","floor":3.0,"damage_taken":0.0},{"event_name":"Golden Wing","player_choice":"Card Removal","floor":5.0,"damage_taken":0.0},{"event_name":"The Cleric","player_choice":"Healed","floor":12.0,"damage_taken":0.0},{"event_name":"Big Fish","player_choice":"Donut","floor":14.0,"damage_taken":0.0}],"is_beta":false,"boss_relics":[{"not_picked":["White Beast Statue","Pandora\u0027s Box"],"picked":"Ring of the Serpent"}],"items_purged_floors":[],"is_endless":false,"potions_floor_spawned":[1,4,10,18,19],"killed_by":"Sentry and Sphere","ascension_level":11}