{"gold_per_floor":[217,237,387,10,28,28,11,11,11,25,25,52,65,30,30,124,124,124,124,124,9,9,9,9,9,9,9,9,9,9,9,9,9],"floor_reached":33,"playtime":1397,"items_purged":["Doubt"],"score":510,"play_id":"92564645-0264-46cc-a18c-098b8476ab93","local_time":"20190317002749","is_ascension_mode":true,"campfire_choices":[{"data":"Defragment","floor":6,"key":"SMITH"},{"data":"Defragment","floor":8,"key":"SMITH"},{"data":"Zap","floor":11,"key":"SMITH"},{"data":"Hologram","floor":15,"key":"SMITH"},{"floor":23,"key":"REST"},{"floor":27,"key":"REST"},{"floor":32,"key":"REST"}],"neow_cost":"NONE","seed_source_timestamp":7380403725706182,"circlet_count":0,"master_deck":["AscendersBane","Strike_B","Strike_B","Strike_B","Strike_B","Defend_B","Defend_B","Defend_B","Defend_B","Zap+1","Dualcast","Defragment+1","Defragment+1","Glacier","Hologram+1","Electrodynamics","Turbo","Go for the Eyes","Echo Form","Coolheaded+1","Force Field","Conserve Battery","Ball Lightning","Loop","Go for the Eyes","White Noise","Stack+1","Conserve Battery","Ball Lightning"],"special_seed":0,"relics":["Cracked Core","Toolbox","Boot","Ornamental Fan","Ectoplasm","Gambling Chip"],"potions_floor_usage":[16,25,28,29,30,33],"damage_taken":[{"damage":2,"enemies":"Jaw Worm","floor":1,"turns":5},{"damage":0,"enemies":"Small Slimes","floor":2,"turns":3},{"damage":3,"enemies":"2 Louse","floor":5,"turns":3},{"damage":14,"enemies":"Exordium Thugs","floor":7,"turns":6},{"damage":3,"enemies":"Looter","floor":10,"turns":3},{"damage":25,"enemies":"3 Sentries","floor":12,"turns":4},{"damage":15,"enemies":"Large Slime","floor":13,"turns":4},{"damage":6,"enemies":"Hexaghost","floor":16,"turns":10},{"damage":18,"enemies":"Chosen","floor":18,"turns":5},{"damage":4,"enemies":"3 Byrds","floor":19,"turns":4},{"damage":11,"enemies":"Sentry and Sphere","floor":20,"turns":8},{"damage":6,"enemies":"Snecko","floor":24,"turns":5},{"damage":31,"enemies":"Centurion and Healer","floor":25,"turns":6},{"damage":17,"enemies":"Sentry and Sphere","floor":28,"turns":4},{"damage":3,"enemies":"Snake Plant","floor":29,"turns":5},{"damage":0,"enemies":"Snecko","floor":30,"turns":5},{"damage":2,"enemies":"Chosen and Byrds","floor":31,"turns":5},{"damage":28,"enemies":"Collector","floor":33,"turns":2}],"seed_played":"552880675743729935","potions_obtained":[{"floor":1,"key":"Poison Potion"},{"floor":7,"key":"Weak Potion"},{"floor":16,"key":"SpeedPotion"},{"floor":25,"key":"EssenceOfSteel"},{"floor":28,"key":"GamblersBrew"},{"floor":30,"key":"Swift Potion"}],"is_trial":false,"path_per_floor":["M","M","?","$","M","R","M","R","T","M","R","E","M","?","R","B",null,"M","M","M","$","?","R","M","M","T","R","M","M","M","M","R","B"],"character_chosen":"DEFECT","items_purchased":["Toolbox","Glacier","Ball Lightning","Loop"],"campfire_rested":3,"item_purchase_floors":[4,4,21,21],"current_hp_per_floor":[62,62,62,62,59,59,45,45,45,42,42,17,2,19,19,13,57,39,35,24,24,24,45,39,8,8,29,12,9,9,7,28,0],"gold":9,"neow_bonus":"HUNDRED_GOLD","is_prod":false,"is_daily":false,"chose_seed":false,"campfire_upgraded":4,"win_rate":0,"timestamp":1552796869,"path_taken":["M","M","?","$","M","R","M","R","T","M","R","E","M","?","R","BOSS","M","M","M","$","?","R","M","M","T","R","M","M","M","M","R","BOSS"],"build_version":"2019-01-23","purchased_purges":1,"victory":false,"max_hp_per_floor":[71,71,71,71,71,71,71,71,71,71,71,71,71,71,71,71,71,71,71,71,71,71,71,71,71,71,71,71,71,71,71,71,71],"card_choices":[{"not_picked":["Barrage","Reprogram"],"picked":"Defragment","floor":1},{"not_picked":["Turbo","Coolheaded"],"picked":"Defragment","floor":2},{"not_picked":["Double Energy","Gash"],"picked":"Hologram","floor":5},{"not_picked":["Hologram","Darkness","Redo"],"picked":"SKIP","floor":7},{"not_picked":["Rebound","FTL"],"picked":"Electrodynamics","floor":10},{"not_picked":["Scrape","Compile Driver"],"picked":"Turbo","floor":12},{"not_picked":["Genetic Algorithm","Barrage"],"picked":"Go for the Eyes","floor":13},{"not_picked":["Creative AI","Fission"],"picked":"Echo Form","floor":16},{"not_picked":["Tempest","Compile Driver"],"picked":"Coolheaded+1","floor":18},{"not_picked":["Stack","Barrage"],"picked":"Force Field","floor":19},{"not_picked":["Compile Driver","Melter"],"picked":"Conserve Battery","floor":20},{"not_picked":["Steam Power","Turbo"],"picked":"Go for the Eyes","floor":24},{"not_picked":["Lockon","Barrage+1"],"picked":"White Noise","floor":25},{"not_picked":["Barrage","Steam Power"],"picked":"Stack+1","floor":28},{"not_picked":["Beam Cell","Tempest"],"picked":"Conserve Battery","floor":29},{"not_picked":["Rebound+1","Meteor Strike"],"picked":"Ball Lightning","floor":30},{"not_picked":["Sweeping Beam","Rip and Tear","Lockon"],"picked":"SKIP","floor":31}],"player_experience":588059,"relics_obtained":[{"floor":9,"key":"Boot"},{"floor":12,"key":"Ornamental Fan"},{"floor":26,"key":"Gambling Chip"}],"event_choices":[{"damage_healed":0,"gold_gain":150,"player_choice":"AGREE","damage_taken":0,"max_hp_gain":0,"max_hp_loss":0,"event_name":"Liars Game","floor":3,"gold_loss":0,"cards_obtained":["Doubt"]},{"damage_healed":17,"gold_gain":0,"player_choice":"Healed","damage_taken":0,"max_hp_gain":0,"max_hp_loss":0,"event_name":"The Cleric","floor":14,"gold_loss":35},{"damage_healed":0,"gold_gain":0,"player_choice":"Ignored","damage_taken":0,"max_hp_gain":0,"max_hp_loss":0,"event_name":"Cursed Tome","floor":22,"gold_loss":0}],"is_beta":false,"boss_relics":[{"not_picked":["Cursed Key","Eternal Feather"],"picked":"Ectoplasm"}],"items_purged_floors":[4],"is_endless":false,"potions_floor_spawned":[1,7,13,16,18,19,25,28,30],"killed_by":"Collector","ascension_level":20}