{"gold_per_floor":[214,61,61,61,82,82,122,137,137,171,19,43,8,8,8,8],"floor_reached":16,"playtime":363,"items_purged":["Strike_R","Strike_R"],"score":216,"play_id":"5c280fc7-fc7c-4fba-8321-c4481ac40bb1","local_time":"20190603230735","is_ascension_mode":true,"campfire_choices":[{"data":"Inflame","floor":6.0,"key":"SMITH"},{"data":"Bloodletting","floor":15,"key":"SMITH"}],"neow_cost":"NONE","seed_source_timestamp":25036036778900,"circlet_count":0,"master_deck":["AscendersBane","Strike_R","Strike_R","Strike_R","Defend_R","Defend_R","Defend_R","Bash","Bloodletting+1","Inflame+1","Iron Wave","Perfected Strike+1","Heavy Blade+1","Iron Wave+1","Perfected Strike+1","Inflame","Feed+1"],"special_seed":0,"relics":["Burning Blood","Gremlin Horn","Golden Idol","Molten Egg 2","Dodecahedron","Bottled Lightning"],"potions_floor_usage":[10],"damage_taken":[{"damage":1.0,"enemies":"Cultist","floor":1.0,"turns":3.0},{"damage":9.0,"enemies":"Jaw Worm","floor":5.0,"turns":4.0},{"damage":54.0,"enemies":"Lagavulin","floor":7.0,"turns":9.0},{"damage":9.0,"enemies":"2 Louse","floor":8.0,"turns":2.0},{"damage":11,"enemies":"Gremlin Nob","floor":10,"turns":3},{"damage":10,"enemies":"Exordium Thugs","floor":12,"turns":4},{"damage":28,"enemies":"Hexaghost","floor":16,"turns":9}],"seed_played":"6170824723726647306","potions_obtained":[{"floor":7.0,"key":"Poison Potion"},{"floor":8.0,"key":"Fruit Juice"}],"is_trial":false,"path_per_floor":["M","$","T","?","M","R","E","M","T","E","$","M","?","?","R","B"],"character_chosen":"IRONCLAD","items_purchased":["Inflame","Perfected Strike+1"],"campfire_rested":0,"item_purchase_floors":[2,11],"current_hp_per_floor":[73,73,73,68,65,65,17,19,19,14,14,10,28,28,28,0],"gold":8,"neow_bonus":"HUNDRED_GOLD","is_prod":false,"is_daily":false,"chose_seed":false,"campfire_upgraded":2,"win_rate":0,"timestamp":1559599655,"path_taken":["M","$","?","?","M","R","E","M","T","E","$","M","?","?","R","BOSS"],"build_version":"2019-01-23","purchased_purges":2,"victory":false,"max_hp_per_floor":[75,75,75,68,68,68,68,73,73,73,73,73,73,73,73,73],"card_choices":[{"not_picked":["Havoc","Armaments"],"picked":"Bloodletting","floor":1.0},{"not_picked":["Thunderclap","Armaments"],"picked":"Iron Wave","floor":5.0},{"not_picked":["Burning Pact","Feel No Pain"],"picked":"Perfected Strike","floor":7.0},{"not_picked":["Flex","Demon Form"],"picked":"Heavy Blade+1","floor":8.0},{"not_picked":["Wild Strike+1","Sever Soul+1"],"picked":"Iron Wave+1","floor":10},{"not_picked":["Sever Soul+1","Evolve"],"picked":"Inflame","floor":12}],"player_experience":1426958,"relics_obtained":[{"floor":3.0,"key":"Gremlin Horn"},{"floor":7.0,"key":"Molten Egg 2"},{"floor":9.0,"key":"Dodecahedron"},{"floor":10,"key":"Bottled Lightning"}],"event_choices":[{"damage_healed":0.0,"max_hp_gain":0.0,"max_hp_loss":7.0,"gold_gain":0.0,"event_name":"Golden Idol","player_choice":"Lose Max HP","floor":4.0,"gold_loss":0.0,"damage_taken":0.0,"relics_obtained":["Golden Idol"]},{"damage_healed":18,"gold_gain":0,"player_choice":"Healed","damage_taken":0,"max_hp_gain":0,"max_hp_loss":0,"event_name":"The Cleric","floor":13,"gold_loss":35},{"damage_healed":0,"gold_gain":0,"cards_transformed":["Defend_R"],"player_choice":"Transformed","damage_taken":0,"max_hp_gain":0,"max_hp_loss":0,"event_name":"Transmorgrifier","floor":14,"gold_loss":0,"cards_obtained":["Feed"]}],"is_beta":false,"boss_relics":[],"items_purged_floors":[2,11],"is_endless":false,"potions_floor_spawned":[7,8],"killed_by":"Hexaghost","ascension_level":20}