{"gold_per_floor":[215,215,230,9,24,58,58,93,118,133,133,133,161,177,177,273,273,243,243,243,37,37,37,37,37,37,37,37,37,37,37,37,37,37,37,37,2,2,2,2,2,2,2,2,2,2,2,2,2,2],"floor_reached":51,"playtime":1700,"items_purged":["Strike_R","Strike_R+1"],"score":1339,"play_id":"e86ef528-b2d4-4dc5-bf51-e008de3ecc72","local_time":"20190112164755","is_ascension_mode":true,"campfire_choices":[{"data":"Armaments","floor":7.0,"key":"SMITH"},{"data":"Enlightenment","floor":11.0,"key":"SMITH"},{"floor":15.0,"key":"REST"},{"data":"Uppercut","floor":25.0,"key":"SMITH"},{"data":"Bludgeon","floor":32.0,"key":"SMITH"},{"data":"Demon Form","floor":40.0,"key":"SMITH"},{"data":"Rupture","floor":42.0,"key":"SMITH"},{"data":"Shockwave","floor":49,"key":"SMITH"}],"neow_cost":"NONE","seed_source_timestamp":1908518035904374,"circlet_count":0,"master_deck":["AscendersBane","Strike_R+1","Strike_R+1","Strike_R+1","Defend_R+1","Defend_R+1","Defend_R+1","Defend_R+1","Bash","Bludgeon+1","Enlightenment+1","Headbutt","Armaments+1","Shrug It Off","Cleave","Bludgeon+1","Feed","Combust","RitualDagger","Uppercut+1","Inflame","Metallicize","Flame Barrier","Necronomicurse","Headbutt","Shockwave+1","Demon Form+1","Headbutt+1","Rupture+1","Rupture+1","Shrug It Off+1","Entrench+1","Sword Boomerang","Inflame+1","Heavy Blade+1"],"special_seed":0,"relics":["Burning Blood","Bag of Marbles","Ancient Tea Set","Anchor","PreservedInsect","Mummified Hand","Ectoplasm","Orichalcum","Gambling Chip","Necronomicon","Boot","Sozu","Calipers","Self Forming Clay","Strawberry"],"potions_floor_usage":[50,50],"damage_taken":[{"damage":10.0,"enemies":"2 Louse","floor":1.0,"turns":3.0},{"damage":6.0,"enemies":"Cultist","floor":3.0,"turns":3.0},{"damage":0.0,"enemies":"Small Slimes","floor":5.0,"turns":2.0},{"damage":29.0,"enemies":"Lagavulin","floor":6.0,"turns":6.0},{"damage":25.0,"enemies":"3 Sentries","floor":8.0,"turns":7.0},{"damage":0.0,"enemies":"Blue Slaver","floor":10.0,"turns":3.0},{"damage":10.0,"enemies":"Lagavulin","floor":13.0,"turns":3.0},{"damage":10.0,"enemies":"2 Fungi Beasts","floor":14.0,"turns":3.0},{"damage":37.0,"enemies":"Slime Boss","floor":16.0,"turns":11.0},{"damage":1.0,"enemies":"2 Thieves","floor":18.0,"turns":3.0},{"damage":4.0,"enemies":"Spheric Guardian","floor":22.0,"turns":3.0},{"damage":36.0,"enemies":"Book of Stabbing","floor":23.0,"turns":5.0},{"damage":0.0,"enemies":"Snake Plant","floor":29.0,"turns":1.0},{"damage":0.0,"enemies":"Centurion and Healer","floor":30.0,"turns":3.0},{"damage":0.0,"enemies":"Gremlin Leader","floor":31.0,"turns":1.0},{"damage":44.0,"enemies":"Champ","floor":33.0,"turns":6.0},{"damage":0.0,"enemies":"Orb Walker","floor":35.0,"turns":1.0},{"damage":10.0,"enemies":"3 Shapes","floor":38.0,"turns":5.0},{"damage":17.0,"enemies":"Writhing Mass","floor":39.0,"turns":2.0},{"damage":0.0,"enemies":"Reptomancer","floor":41.0,"turns":1.0},{"damage":0.0,"enemies":"Spire Growth","floor":44.0,"turns":2.0},{"damage":2,"enemies":"Maw","floor":46,"turns":3},{"damage":11,"enemies":"3 Darklings","floor":47,"turns":4},{"damage":10,"enemies":"Giant Head","floor":48,"turns":5},{"damage":64,"enemies":"Donu and Deca","floor":50,"turns":6}],"seed_played":"6562300574923883837","potions_obtained":[{"floor":1.0,"key":"Ancient Potion"},{"floor":6.0,"key":"Regen Potion"},{"floor":8.0,"key":"Energy Potion"},{"floor":22.0,"key":"Regen Potion"}],"is_trial":false,"path_per_floor":["M","?","M","$","M","E","R","E","T","M","R","?","E","M","R","B",null,"M","?","?","$","M","E","?","R","T","?","$","M","M","E","R","B",null,"M","?","$","M","M","R","E","R","T","M","?","M","M","E","R","B",null],"character_chosen":"IRONCLAD","items_purchased":["Bag of Marbles","Uppercut","Inflame","Rupture"],"campfire_rested":1,"item_purchase_floors":[4,21,21,37],"current_hp_per_floor":[68,68,68,68,74,51,51,47,47,53,53,37,33,29,53,22,66,74,74,68,68,70,40,67,67,67,51,51,57,63,69,69,31,70,76,76,76,75,64,64,70,70,70,76,76,80,75,78,78,35],"gold":2,"neow_bonus":"HUNDRED_GOLD","is_prod":false,"is_daily":false,"chose_seed":false,"campfire_upgraded":7,"win_rate":0,"timestamp":1547329675,"path_taken":["M","?","?","$","M","E","R","E","T","M","R","?","E","M","R","BOSS","M","?","?","$","M","E","?","R","T","?","?","M","?","E","R","BOSS","M","?","?","M","M","R","E","R","T","M","?","M","?","E","R","BOSS"],"build_version":"2019-01-10","purchased_purges":2,"victory":true,"max_hp_per_floor":[80,80,80,80,80,80,80,80,80,80,80,80,80,80,80,80,80,83,83,83,83,83,83,83,83,83,83,83,83,83,83,83,83,83,83,83,83,86,86,86,86,86,86,86,86,86,86,93,93,93],"card_choices":[{"not_picked":["Havoc","Hemokinesis","Rage"],"picked":"SKIP","floor":1.0},{"not_picked":["Warcry","Entrench"],"picked":"Headbutt","floor":3.0},{"not_picked":["Perfected Strike","Thunderclap"],"picked":"Armaments","floor":5.0},{"not_picked":["Clash","Intimidate","Corruption"],"picked":"SKIP","floor":6.0},{"not_picked":["Body Slam","Clothesline"],"picked":"Shrug It Off","floor":8.0},{"not_picked":["Perfected Strike","Shrug It Off"],"picked":"Cleave","floor":10.0},{"not_picked":["Thunderclap","Cleave","Body Slam"],"picked":"SKIP","floor":13.0},{"not_picked":["Perfected Strike","Heavy Blade"],"picked":"Bludgeon","floor":14.0},{"not_picked":["Immolate","Reaper"],"picked":"Feed","floor":16.0},{"not_picked":["Burning Pact","True Grit"],"picked":"Combust","floor":18.0},{"not_picked":["True Grit","Uppercut"],"picked":"Metallicize","floor":22.0},{"not_picked":["Anger","Bludgeon"],"picked":"Flame Barrier","floor":23.0},{"not_picked":["Heavy Blade","Shrug It Off","Armaments"],"picked":"SKIP","floor":29.0},{"not_picked":["Intimidate","Sentinel"],"picked":"Headbutt","floor":30.0},{"not_picked":["Intimidate","Anger"],"picked":"Shockwave","floor":31.0},{"not_picked":["Reaper","Impervious"],"picked":"Demon Form","floor":33.0},{"not_picked":["Clothesline","True Grit"],"picked":"Headbutt+1","floor":35.0},{"not_picked":["Burning Pact","Shrug It Off+1"],"picked":"Rupture+1","floor":38.0},{"not_picked":["Disarm","Perfected Strike","True Grit"],"picked":"SKIP","floor":39.0},{"not_picked":["Warcry+1","Entrench"],"picked":"Shrug It Off+1","floor":41.0},{"not_picked":["Dual Wield+1","Flex"],"picked":"Entrench+1","floor":44.0},{"not_picked":["Cleave","Pommel Strike"],"picked":"Sword Boomerang","floor":46},{"not_picked":["Armaments","Seeing Red+1"],"picked":"Inflame+1","floor":47},{"not_picked":["Body Slam","Infernal Blade"],"picked":"Heavy Blade+1","floor":48}],"player_experience":553385,"relics_obtained":[{"floor":6.0,"key":"Ancient Tea Set"},{"floor":8.0,"key":"Anchor"},{"floor":9.0,"key":"PreservedInsect"},{"floor":13.0,"key":"Mummified Hand"},{"floor":23.0,"key":"Orichalcum"},{"floor":26.0,"key":"Gambling Chip"},{"floor":27.0,"key":"Necronomicon"},{"floor":31.0,"key":"Boot"},{"floor":41.0,"key":"Calipers"},{"floor":43.0,"key":"Self Forming Clay"},{"floor":48,"key":"Strawberry"}],"event_choices":[{"damage_healed":0.0,"max_hp_gain":0.0,"max_hp_loss":0.0,"gold_gain":0.0,"event_name":"Match and Keep!","player_choice":"2 cards matched","floor":2.0,"gold_loss":0.0,"damage_taken":0.0,"cards_obtained":["Bludgeon","Enlightenment"]},{"damage_healed":0.0,"max_hp_gain":0.0,"max_hp_loss":0.0,"gold_gain":0.0,"event_name":"Shining Light","player_choice":"Entered Light","floor":12.0,"gold_loss":0.0,"damage_taken":16.0,"cards_upgraded":["Strike_R","Bludgeon"]},{"damage_healed":0.0,"max_hp_gain":0.0,"max_hp_loss":0.0,"gold_gain":0.0,"event_name":"Back to Basics","player_choice":"Simplicity","floor":19.0,"gold_loss":0.0,"damage_taken":0.0,"cards_upgraded":["Strike_R","Strike_R","Strike_R","Defend_R","Defend_R","Defend_R","Defend_R"]},{"damage_healed":0.0,"max_hp_gain":0.0,"max_hp_loss":0.0,"gold_gain":0.0,"event_name":"Nest","player_choice":"Joined the Cult","floor":20.0,"gold_loss":0.0,"damage_taken":6.0,"cards_obtained":["RitualDagger"]},{"damage_healed":27.0,"max_hp_gain":0.0,"max_hp_loss":0.0,"gold_gain":0.0,"event_name":"The Library","player_choice":"Heal","floor":24.0,"gold_loss":0.0,"damage_taken":0.0},{"damage_healed":0.0,"max_hp_gain":0.0,"max_hp_loss":0.0,"gold_gain":0.0,"event_name":"Cursed Tome","player_choice":"Obtained Book","floor":27.0,"gold_loss":0.0,"damage_taken":16.0},{"damage_healed":0.0,"max_hp_gain":0.0,"max_hp_loss":0.0,"gold_gain":300.0,"event_name":"Wheel of Change","player_choice":"Gold","floor":36.0,"gold_loss":0.0,"damage_taken":0.0},{"damage_healed":0,"gold_gain":300,"player_choice":"Gold","damage_taken":0,"max_hp_gain":0,"max_hp_loss":0,"event_name":"Wheel of Change","floor":45,"gold_loss":0}],"is_beta":false,"boss_relics":[{"not_picked":["Cursed Key","Runic Cube"],"picked":"Ectoplasm"},{"not_picked":["Mark of Pain","Velvet Choker"],"picked":"Sozu"}],"items_purged_floors":[4,21],"is_endless":false,"potions_floor_spawned":[1,6,8,14,16,22,29,31,35,47],"ascension_level":12}