{"gold_per_floor":[110,130,130,205,220,220,250,250,250,250,310,345,345,356,356,451,451,469,279,378,89,104,104],"floor_reached":23,"playtime":1006,"items_purged":["Strike_G"],"score":256,"play_id":"18c6fa49-4bdf-440d-a830-159ab9d629c6","local_time":"20180812125710","is_ascension_mode":true,"campfire_choices":[{"data":"Neutralize","floor":6.0,"key":"SMITH"},{"data":"Blade Dance","floor":8.0,"key":"SMITH"},{"data":"Predator","floor":10.0,"key":"SMITH"},{"floor":15.0,"key":"REST"}],"neow_cost":"NONE","seed_source_timestamp":3081789411974794,"circlet_count":0,"master_deck":["Defend_G","Defend_G","Defend_G","Defend_G","Defend_G","Strike_G","Strike_G","Strike_G","Strike_G","Survivor","Neutralize+1","Poisoned Stab","Blade Dance+1","Dagger Throw","Predator+1","Dodge and Roll","Footwork","Cloak And Dagger","Glass Knife","Quick Slash","Caltrops","Dash","Infinite Blades","Accuracy+1"],"special_seed":0,"relics":["Ring of the Snake","Calipers","Dodecahedron","Blood Vial","Girya","White Beast Statue","Kunai"],"potions_floor_usage":[23],"damage_taken":[{"damage":0.0,"enemies":"Jaw Worm","floor":1.0,"turns":5.0},{"damage":2.0,"enemies":"2 Louse","floor":2.0,"turns":3.0},{"damage":2.0,"enemies":"Small Slimes","floor":5.0,"turns":3.0},{"damage":1.0,"enemies":"Gremlin Nob","floor":7.0,"turns":4.0},{"damage":39.0,"enemies":"Lagavulin Event","floor":11.0,"turns":6.0},{"damage":14.0,"enemies":"3 Sentries","floor":12.0,"turns":9.0},{"damage":0.0,"enemies":"Looter","floor":14.0,"turns":2.0},{"damage":18.0,"enemies":"The Guardian","floor":16.0,"turns":17.0},{"damage":4.0,"enemies":"Chosen","floor":18.0,"turns":5.0},{"damage":12.0,"enemies":"2 Thieves","floor":22.0,"turns":4.0},{"damage":51,"enemies":"Gremlin Leader","floor":23,"turns":9}],"seed_played":"-31537006265160130","potions_obtained":[{"floor":1.0,"key":"GhostInAJar"},{"floor":5.0,"key":"Block Potion"},{"floor":11.0,"key":"GhostInAJar"},{"floor":12.0,"key":"Block Potion"},{"floor":14.0,"key":"AttackPotion"},{"floor":18.0,"key":"PowerPotion"},{"floor":22.0,"key":"GhostInAJar"}],"is_trial":false,"path_per_floor":["M","M","?","?","M","R","E","R","T","R","?","E","?","M","R","B",null,"M","$","?","$","M"],"character_chosen":"THE_SILENT","items_purchased":["Caltrops","Dash","Kunai","Infinite Blades"],"campfire_rested":1,"item_purchase_floors":[19,19,21,21],"current_hp_per_floor":[63,61,66,55,53,53,52,52,52,52,13,1,1,3,25,9,59,57,57,57,57,47,0],"gold":104,"neow_bonus":"THREE_CARDS","is_prod":false,"is_daily":false,"chose_seed":false,"campfire_upgraded":3,"win_rate":0,"timestamp":1534093030,"path_taken":["M","M","?","?","M","R","E","R","T","R","?","E","?","M","R","BOSS","M","$","?","$","M","E"],"build_version":"2018-08-09","purchased_purges":1,"victory":false,"max_hp_per_floor":[70,70,75,75,75,75,75,75,75,75,75,75,75,75,75,75,75,75,75,75,75,75,75],"card_choices":[{"not_picked":["Dagger Spray","Prepared"],"picked":"Poisoned Stab","floor":0.0},{"not_picked":["Riddle With Holes","Acrobatics"],"picked":"Blade Dance","floor":1.0},{"not_picked":["Prepared","Endless Agony"],"picked":"Dagger Throw","floor":2.0},{"not_picked":["Dagger Spray","Reflex"],"picked":"Predator","floor":5.0},{"not_picked":["Deflect","Poisoned Stab","Distraction"],"picked":"SKIP","floor":7.0},{"not_picked":["Sucker Punch","Bane"],"picked":"Dodge and Roll","floor":11.0},{"not_picked":["Deadly Poison","Calculated Gamble"],"picked":"Footwork","floor":12.0},{"not_picked":["Footwork","Sucker Punch"],"picked":"Cloak And Dagger","floor":14.0},{"not_picked":["Die Die Die","Venomology"],"picked":"Glass Knife","floor":16.0},{"not_picked":["Setup","Masterful Stab"],"picked":"Quick Slash","floor":18.0},{"not_picked":["Flying Knee","Poisoned Stab"],"picked":"Accuracy+1","floor":22.0}],"player_experience":252220,"relics_obtained":[{"floor":7.0,"key":"Calipers"},{"floor":9.0,"key":"Dodecahedron"},{"floor":11.0,"key":"Blood Vial"},{"floor":12.0,"key":"Girya"}],"event_choices":[{"event_name":"Big Fish","player_choice":"Donut","floor":3.0,"damage_taken":0.0},{"event_name":"World of Goop","player_choice":"Gather Gold","floor":4.0,"damage_taken":0.0},{"event_name":"Dead Adventurer","player_choice":"Searched \u00272\u0027 times","floor":11.0,"damage_taken":0.0},{"event_name":"Scrap Ooze","player_choice":"unsuccessful","floor":13.0,"damage_taken":0.0},{"event_name":"Nest","player_choice":"Stole From Cult","floor":20.0,"damage_taken":0.0}],"is_beta":false,"boss_relics":[{"not_picked":["Runic Pyramid","Black Star"],"picked":"White Beast Statue"}],"items_purged_floors":[19],"is_endless":false,"potions_floor_spawned":[1,5,11,12,14,18,22],"killed_by":"Gremlin Leader","ascension_level":6}