{"gold_per_floor":[109,109,122,48,68,98,158,187,187,203,203,221,232,252,252],"floor_reached":15,"playtime":573,"items_purged":[],"score":218,"play_id":"f9e88370-a1d3-4d7b-be1d-dd2ba8276d74","local_time":"20190705144916","is_ascension_mode":true,"campfire_choices":[{"floor":11,"key":"REST"},{"floor":15,"key":"REST"}],"neow_cost":"NONE","seed_source_timestamp":5970213204801870,"circlet_count":0,"master_deck":["AscendersBane","Strike_G","Strike_G","Strike_G","Strike_G","Strike_G","Defend_G","Defend_G","Defend_G","Defend_G","Defend_G","Survivor","Neutralize+1","Dodge and Roll","Predator","Well Laid Plans","Deadly Poison","Crippling Poison","Bane","Dash","Cloak And Dagger"],"relics":["Ring of the Snake","NeowsBlessing","Oddly Smooth Stone","Gambling Chip"],"potions_floor_usage":[6,10,12],"damage_taken":[{"damage":0,"enemies":"Small Slimes","floor":1,"turns":1},{"damage":0,"enemies":"Cultist","floor":3,"turns":1},{"damage":0,"enemies":"Jaw Worm","floor":5,"turns":1},{"damage":29,"enemies":"3 Sentries","floor":6,"turns":10},{"damage":25,"enemies":"Lagavulin","floor":8,"turns":8},{"damage":0,"enemies":"Looter","floor":10,"turns":4},{"damage":6,"enemies":"Gremlin Gang","floor":12,"turns":3},{"damage":0,"enemies":"2 Fungi Beasts","floor":13,"turns":3},{"damage":10,"enemies":"Lots of Slimes","floor":14,"turns":5}],"seed_played":"6046058975666316258","potions_obtained":[{"floor":5,"key":"PowerPotion"},{"floor":6,"key":"EssenceOfSteel"},{"floor":10,"key":"SkillPotion"},{"floor":12,"key":"Ancient Potion"}],"is_trial":false,"path_per_floor":["M","?","M","$","M","E","?","E","T","M","R","M","M","M","R"],"character_chosen":"THE_SILENT","items_purchased":["Well Laid Plans"],"campfire_rested":2,"item_purchase_floors":[4],"current_hp_per_floor":[59,59,59,59,59,30,30,5,5,5,24,18,18,8,27],"gold":252,"neow_bonus":"THREE_ENEMY_KILL","is_prod":false,"is_daily":false,"chose_seed":false,"campfire_upgraded":0,"win_rate":0,"timestamp":1562352556,"path_taken":["M","?","M","$","?","E","?","E","T","M","R","M","M","M","R"],"build_version":"2019-07-01","purchased_purges":0,"victory":false,"max_hp_per_floor":[66,66,66,66,66,66,66,66,66,66,66,66,66,66,66],"card_choices":[{"not_picked":["Underhanded Strike","Prepared"],"picked":"Dodge and Roll","floor":1},{"not_picked":["Prepared","Concentrate"],"picked":"Predator","floor":3},{"not_picked":["Eviscerate","Escape Plan","Dodge and Roll"],"picked":"SKIP","floor":5},{"not_picked":["Concentrate","Tools of the Trade"],"picked":"Deadly Poison","floor":6},{"not_picked":["Accuracy","Eviscerate"],"picked":"Crippling Poison","floor":8},{"not_picked":["Backflip","Predator"],"picked":"Bane","floor":10},{"not_picked":["Prepared","Flechettes"],"picked":"Dash","floor":12},{"not_picked":["Setup","Predator","Unload"],"picked":"SKIP","floor":13},{"not_picked":["Flying Knee","Dodge and Roll"],"picked":"Cloak And Dagger","floor":14}],"player_experience":874732,"relics_obtained":[{"floor":6,"key":"Oddly Smooth Stone"},{"floor":8,"key":"Gambling Chip"}],"event_choices":[{"damage_healed":0,"gold_gain":0,"player_choice":"Forge","damage_taken":0,"max_hp_gain":0,"max_hp_loss":0,"event_name":"Accursed Blacksmith","floor":2,"gold_loss":0,"cards_upgraded":["Neutralize"]},{"damage_healed":0,"gold_gain":60,"player_choice":"Gained Gold","damage_taken":0,"max_hp_gain":0,"max_hp_loss":0,"event_name":"Golden Wing","floor":7,"gold_loss":0}],"is_beta":false,"boss_relics":[],"items_purged_floors":[],"is_endless":false,"potions_floor_spawned":[5,6,10,12],"ascension_level":20}