{"gold_per_floor":[118,132,64,74,24,24,39,56,135,162,162,174,189,201,201,299,299,311,311,311,311,325,354,354,385,431,431,454,469,497,511,511,511],"floor_reached":33,"playtime":1137,"items_purged":[],"score":303,"play_id":"14b2b97d-d584-4d02-b6f3-8f1781bce5bb","local_time":"20190210114609","is_ascension_mode":true,"campfire_choices":[{"data":"Double Tap","floor":6,"key":"SMITH"},{"floor":15,"key":"REST"},{"floor":24,"key":"REST"},{"floor":27,"key":"REST"},{"floor":32,"key":"REST"}],"neow_cost":"NONE","seed_source_timestamp":1098113754007527,"circlet_count":0,"master_deck":["Strike_R+1","Strike_R+1","Strike_R+1","Strike_R+1","Defend_R+1","Defend_R+1","Defend_R+1","Bash","Clothesline","Headbutt","Double Tap+1","Shrug It Off","Evolve","Spot Weakness","True Grit","Dark Embrace","Havoc","RitualDagger","Disarm+1","Ghostly Armor+1"],"relics":["Burning Blood","Letter Opener","Dead Branch","Busted Crown","Bag of Preparation","Potion Belt","Bag of Marbles","Omamori","Red Mask"],"potions_floor_usage":[16,16,16,31,33],"damage_taken":[{"damage":7,"enemies":"2 Louse","floor":1,"turns":2},{"damage":20,"enemies":"Small Slimes","floor":2,"turns":4},{"damage":0,"enemies":"Cultist","floor":4,"turns":2},{"damage":0,"enemies":"Large Slime","floor":7,"turns":4},{"damage":9,"enemies":"2 Fungi Beasts","floor":8,"turns":3},{"damage":22,"enemies":"Gremlin Nob","floor":10,"turns":4},{"damage":7,"enemies":"Looter","floor":12,"turns":3},{"damage":11,"enemies":"3 Louse","floor":13,"turns":3},{"damage":8,"enemies":"Blue Slaver","floor":14,"turns":4},{"damage":69,"enemies":"Hexaghost","floor":16,"turns":11},{"damage":10,"enemies":"Shell Parasite","floor":18,"turns":6},{"damage":15,"enemies":"2 Thieves","floor":22,"turns":3},{"damage":34,"enemies":"Book of Stabbing","floor":23,"turns":8},{"damage":29,"enemies":"Gremlin Leader","floor":25,"turns":5},{"damage":7,"enemies":"Chosen and Byrds","floor":29,"turns":4},{"damage":4,"enemies":"Masked Bandits","floor":30,"turns":3},{"damage":11,"enemies":"Centurion and Healer","floor":31,"turns":7},{"damage":86,"enemies":"Champ","floor":33,"turns":15}],"seed_played":"833971029643658483","potions_obtained":[{"floor":1,"key":"AttackPotion"},{"floor":8,"key":"Strength Potion"},{"floor":10,"key":"Energy Potion"},{"floor":25,"key":"Fire Potion"},{"floor":29,"key":"Poison Potion"},{"floor":31,"key":"Fruit Juice"}],"is_trial":false,"path_per_floor":["M","M","$","M","?","R","M","M","T","E","?","M","M","M","R","B",null,"M","?","?","?","M","E","R","E","T","R","T","M","?","M","R","B"],"character_chosen":"IRONCLAD","items_purchased":["Double Tap"],"campfire_rested":4,"item_purchase_floors":[3],"current_hp_per_floor":[79,65,65,71,71,71,77,74,74,58,58,57,52,50,74,11,80,76,61,55,55,46,18,43,20,20,45,45,44,46,46,73,0],"gold":511,"neow_bonus":"TRANSFORM_CARD","is_prod":false,"is_daily":false,"chose_seed":false,"campfire_upgraded":1,"win_rate":0,"timestamp":1549827969,"path_taken":["M","M","$","M","?","R","M","M","T","E","?","M","?","M","R","BOSS","M","?","?","?","M","E","R","E","T","R","?","M","?","M","R","BOSS"],"build_version":"2019-01-23","purchased_purges":0,"victory":false,"max_hp_per_floor":[80,80,80,80,80,80,80,80,80,80,80,80,80,80,80,80,80,80,85,85,85,85,85,85,85,85,85,85,85,85,90,90,90],"card_choices":[{"not_picked":["Fire Breathing","Ghostly Armor","Metallicize"],"picked":"SKIP","floor":1},{"not_picked":["Clash","Cleave"],"picked":"Headbutt","floor":2},{"not_picked":["Thunderclap","Power Through"],"picked":"Shrug It Off","floor":4},{"not_picked":["Bloodletting","Perfected Strike","Wild Strike"],"picked":"SKIP","floor":7},{"not_picked":["Rage","Whirlwind"],"picked":"Evolve","floor":8},{"not_picked":["Barricade","Wild Strike"],"picked":"Spot Weakness","floor":10},{"not_picked":["Spot Weakness","Warcry","Sword Boomerang"],"picked":"SKIP","floor":12},{"not_picked":["Perfected Strike","Sword Boomerang"],"picked":"True Grit","floor":13},{"not_picked":["Warcry","Twin Strike","Hemokinesis"],"picked":"SKIP","floor":14},{"not_picked":["Brutality","Impervious"],"picked":"Dark Embrace","floor":16},{"not_picked":[],"picked":"Havoc","floor":18},{"not_picked":["Havoc"],"picked":"SKIP","floor":22},{"not_picked":[],"picked":"Disarm+1","floor":23},{"not_picked":["Whirlwind"],"picked":"SKIP","floor":25},{"not_picked":["Flame Barrier"],"picked":"SKIP","floor":29},{"not_picked":[],"picked":"Ghostly Armor+1","floor":30},{"not_picked":["Anger"],"picked":"SKIP","floor":31}],"player_experience":202772,"relics_obtained":[{"floor":9,"key":"Letter Opener"},{"floor":10,"key":"Dead Branch"},{"floor":23,"key":"Bag of Preparation"},{"floor":25,"key":"Potion Belt"},{"floor":26,"key":"Bag of Marbles"},{"floor":28,"key":"Omamori"},{"floor":30,"key":"Red Mask"}],"event_choices":[{"cards_removed":["Defend_R"],"damage_healed":0,"gold_gain":0,"player_choice":"Card Removal","damage_taken":0,"max_hp_gain":0,"max_hp_loss":0,"event_name":"The Cleric","floor":5,"gold_loss":50},{"damage_healed":0,"gold_gain":0,"player_choice":"Bought 0 Potions","damage_taken":0,"max_hp_gain":0,"max_hp_loss":0,"event_name":"The Woman in Blue","floor":11,"gold_loss":0},{"damage_healed":0,"gold_gain":0,"player_choice":"Shed Blood","damage_taken":20,"max_hp_gain":5,"max_hp_loss":0,"event_name":"Forgotten Altar","floor":19,"gold_loss":0},{"damage_healed":0,"gold_gain":0,"player_choice":"Joined the Cult","damage_taken":6,"max_hp_gain":0,"max_hp_loss":0,"event_name":"Nest","floor":20,"gold_loss":0,"cards_obtained":["RitualDagger"]},{"damage_healed":0,"gold_gain":0,"player_choice":"Simplicity","damage_taken":0,"max_hp_gain":0,"max_hp_loss":0,"event_name":"Back to Basics","floor":21,"gold_loss":0,"cards_upgraded":["Strike_R","Strike_R","Strike_R","Strike_R","Defend_R","Defend_R","Defend_R"]},{"damage_healed":0,"gold_gain":0,"player_choice":"Fought Bandits","damage_taken":0,"max_hp_gain":0,"max_hp_loss":0,"event_name":"Masked Bandits","floor":30,"gold_loss":0}],"is_beta":false,"boss_relics":[{"not_picked":["Velvet Choker","Tiny House"],"picked":"Busted Crown"}],"items_purged_floors":[],"is_endless":false,"potions_floor_spawned":[1,8,10,12,25,29,31],"killed_by":"Champ","ascension_level":1}