{"gold_per_floor":[217,232,232,247,264,298,298,139,139,174,1,12,32,32,32,104,104,118,37,53,0,16,16,16],"floor_reached":24,"playtime":893,"items_purged":[],"score":441,"play_id":"25f713c0-03a2-450b-af25-1b89ed3cfd70","local_time":"20190624194811","is_ascension_mode":true,"campfire_choices":[{"data":"Uppercut","floor":7.0,"key":"SMITH"},{"floor":15.0,"key":"REST"},{"data":"Combust","floor":23,"key":"SMITH"}],"neow_cost":"NONE","seed_source_timestamp":5037534636310576,"circlet_count":0,"master_deck":["AscendersBane","Strike_R","Strike_R","Strike_R","Strike_R","Defend_R","Defend_R","Defend_R","Defend_R","Bash","Uppercut+1","Inflame","Shrug It Off","Headbutt","Shrug It Off","Cleave","Shockwave","Fiend Fire","Shrug It Off","Armaments","Juggernaut","Disarm","Metallicize","Metallicize","Combust+1","Combust","Metallicize","Metallicize","Cleave"],"special_seed":0,"relics":["Burning Blood","Question Card","Self Forming Clay","Tiny Chest","Pear","Happy Flower","Bronze Scales","Orrery"],"potions_floor_usage":[24,24],"damage_taken":[{"damage":12.0,"enemies":"Jaw Worm","floor":1.0,"turns":3.0},{"damage":1.0,"enemies":"Cultist","floor":2.0,"turns":3.0},{"damage":7.0,"enemies":"Small Slimes","floor":4.0,"turns":5.0},{"damage":7.0,"enemies":"3 Louse","floor":5.0,"turns":5.0},{"damage":24.0,"enemies":"Gremlin Nob","floor":6.0,"turns":4.0},{"damage":33.0,"enemies":"3 Sentries","floor":10.0,"turns":8.0},{"damage":12.0,"enemies":"Exordium Thugs","floor":12.0,"turns":4.0},{"damage":3.0,"enemies":"Looter","floor":13.0,"turns":2.0},{"damage":38.0,"enemies":"The Guardian","floor":16.0,"turns":13.0},{"damage":6.0,"enemies":"3 Byrds","floor":18.0,"turns":3.0},{"damage":18.0,"enemies":"Spheric Guardian","floor":20.0,"turns":5.0},{"damage":21,"enemies":"3 Cultists","floor":22,"turns":4},{"damage":50,"enemies":"Gremlin Leader","floor":24,"turns":4}],"seed_played":"-6401917068966016738","potions_obtained":[{"floor":1.0,"key":"Weak Potion"},{"floor":2.0,"key":"GamblersBrew"},{"floor":10.0,"key":"Fire Potion"},{"floor":18.0,"key":"PowerPotion"}],"is_trial":false,"path_per_floor":["M","M","?","M","M","E","R","$","T","E","$","M","M","?","R","B",null,"M","$","M","?","M","R","E"],"character_chosen":"IRONCLAD","items_purchased":["Tiny Chest","Cleave","Bronze Scales","Metallicize"],"campfire_rested":1,"item_purchase_floors":[8,8,11,19],"current_hp_per_floor":[62,67,67,66,65,47,47,47,57,30,30,24,27,27,52,20,69,69,69,57,57,42,42,0],"gold":16,"neow_bonus":"HUNDRED_GOLD","is_prod":false,"is_daily":false,"chose_seed":false,"campfire_upgraded":2,"win_rate":0,"timestamp":1561420091,"path_taken":["M","M","?","M","?","E","R","$","T","E","$","M","M","?","R","BOSS","M","?","M","?","?","R","E"],"build_version":"2019-06-21","purchased_purges":0,"victory":false,"max_hp_per_floor":[75,75,75,75,75,75,75,75,85,85,85,85,85,85,85,85,85,85,85,85,85,85,85,85],"card_choices":[{"not_picked":["Iron Wave","Clash"],"picked":"Uppercut","floor":1.0},{"not_picked":["Bloodletting","Sword Boomerang"],"picked":"Inflame","floor":2.0},{"not_picked":["Clothesline","Headbutt","Impervious"],"picked":"Shrug It Off","floor":4.0},{"not_picked":["Body Slam","Shrug It Off","Heavy Blade"],"picked":"Headbutt","floor":5.0},{"not_picked":["Pommel Strike","Inflame","Clash"],"picked":"Shrug It Off","floor":6.0},{"not_picked":["Blood for Blood","Ghostly Armor","Power Through"],"picked":"Shockwave","floor":10.0},{"not_picked":["Sever Soul","Headbutt","Cleave"],"picked":"Fiend Fire","floor":12.0},{"not_picked":["Clothesline","Perfected Strike","Twin Strike"],"picked":"Shrug It Off","floor":13.0},{"not_picked":["Bludgeon","Brutality","Double Tap"],"picked":"Juggernaut","floor":16.0},{"not_picked":["Heavy Blade","Burning Pact","Anger"],"picked":"Disarm","floor":17.0},{"not_picked":["Flex","Clothesline","Intimidate"],"picked":"Metallicize","floor":17.0},{"not_picked":["Evolve","Wild Strike","Bloodletting"],"picked":"Metallicize","floor":17.0},{"not_picked":["Wild Strike","Twin Strike","Anger"],"picked":"Combust","floor":17.0},{"not_picked":["Warcry","Wild Strike","Pummel"],"picked":"Combust","floor":17.0},{"not_picked":["Cleave","Havoc","Reckless Charge"],"picked":"Metallicize","floor":18.0},{"not_picked":["Sword Boomerang","Clash","Thunderclap"],"picked":"Cleave","floor":20.0},{"not_picked":["Headbutt","Exhume","Twin Strike","Body Slam"],"picked":"SKIP","floor":22}],"player_experience":776573,"relics_obtained":[{"floor":3.0,"key":"Question Card"},{"floor":6.0,"key":"Self Forming Clay"},{"floor":9.0,"key":"Pear"},{"floor":10.0,"key":"Happy Flower"}],"event_choices":[{"damage_healed":0.0,"max_hp_gain":0.0,"max_hp_loss":0.0,"gold_gain":0.0,"event_name":"Wheel of Change","player_choice":"Relic","floor":3.0,"gold_loss":0.0,"damage_taken":0.0},{"damage_healed":0.0,"max_hp_gain":0.0,"max_hp_loss":0.0,"gold_gain":0.0,"cards_transformed":["Strike_R"],"event_name":"Transmorgrifier","player_choice":"Transformed","floor":14.0,"gold_loss":0.0,"damage_taken":0.0,"cards_obtained":["Armaments"]},{"damage_healed":0,"gold_gain":0,"player_choice":"Paid Fearfully","damage_taken":0,"max_hp_gain":0,"max_hp_loss":0,"event_name":"Masked Bandits","floor":21,"gold_loss":53}],"is_beta":true,"boss_relics":[{"not_picked":["Pandora\u0027s Box","Runic Pyramid"],"picked":"Orrery"}],"items_purged_floors":[],"is_endless":false,"potions_floor_spawned":[1,2,6,10,18],"killed_by":"Gremlin Leader","ascension_level":20}