{"gold_per_floor":[111,128,128,128,147,147,147,72,141,141,166,176,176,189,189,266,266,276,83,83,83,83,117,117,117,165,195,211,225,125,125],"floor_reached":31,"playtime":1299,"items_purged":["Strike_B","Shame"],"score":592,"play_id":"0a8a9e58-4347-4263-bb91-347b7f3b4388","local_time":"20190709075231","is_ascension_mode":true,"campfire_choices":[{"floor":6.0,"key":"REST"},{"data":"Glacier","floor":10.0,"key":"SMITH"},{"data":"Blizzard","floor":15.0,"key":"SMITH"},{"floor":24.0,"key":"REST"}],"neow_cost":"NONE","seed_source_timestamp":1911779255800,"circlet_count":0,"master_deck":["AscendersBane","Strike_B","Strike_B","Strike_B","Defend_B","Defend_B","Defend_B","Defend_B","Zap","Dualcast","Streamline","Glacier+1","Reinforced Body","Blizzard+1","Rainbow","Static Discharge","Magnetism","Sunder","Buffer"],"special_seed":0,"relics":["Snecko Eye","WingedGreaves","Mummified Hand","Happy Flower","Sozu","Enchiridion","Turnip","Lantern","Vajra","Oddly Smooth Stone"],"potions_floor_usage":[],"damage_taken":[{"damage":1.0,"enemies":"2 Louse","floor":1.0,"turns":2.0},{"damage":6.0,"enemies":"Cultist","floor":2.0,"turns":4.0},{"damage":10.0,"enemies":"Small Slimes","floor":5.0,"turns":3.0},{"damage":0.0,"enemies":"Lagavulin","floor":11.0,"turns":9.0},{"damage":0.0,"enemies":"Looter","floor":12.0,"turns":5.0},{"damage":9.0,"enemies":"3 Louse","floor":14.0,"turns":3.0},{"damage":37.0,"enemies":"Hexaghost","floor":16.0,"turns":14.0},{"damage":0.0,"enemies":"Chosen","floor":18.0,"turns":4.0},{"damage":29.0,"enemies":"Slavers","floor":23.0,"turns":9.0},{"damage":12.0,"enemies":"Gremlin Leader","floor":27.0,"turns":6.0},{"damage":0.0,"enemies":"3 Byrds","floor":28.0,"turns":5.0},{"damage":14,"enemies":"Centurion and Healer","floor":29,"turns":4},{"damage":6,"enemies":"Shelled Parasite and Fungi","floor":31,"turns":1}],"seed_played":"4832695842843579095","potions_obtained":[{"floor":5.0,"key":"GamblersBrew"},{"floor":7.0,"key":"EntropicBrew"},{"floor":7.0,"key":"SkillPotion"},{"floor":16.0,"key":"GamblersBrew"}],"is_trial":false,"path_per_floor":["M","M","?","?","M","R","?","$","T","R","E","M","?","M","R","B",null,"M","$","?","?","$","E","R","?","T","E","M","M","$","M"],"character_chosen":"DEFECT","items_purchased":["Magnetism"],"campfire_rested":2,"item_purchase_floors":[19],"current_hp_per_floor":[63,57,46,46,36,57,57,57,57,57,57,57,57,48,48,26,60,60,60,39,39,39,10,31,31,31,19,19,5,5,0],"gold":125,"neow_bonus":"BOSS_RELIC","is_prod":false,"is_daily":false,"chose_seed":false,"campfire_upgraded":2,"win_rate":0,"timestamp":1562683951,"path_taken":["M","M","?","?","M","R","?","$","T","R","E","?","?","M","R","BOSS","M","?","?","?","$","E","R","?","T","E","M","M","$","M"],"build_version":"2019-07-05","purchased_purges":2,"victory":false,"max_hp_per_floor":[71,71,71,71,71,71,71,71,71,71,71,71,71,71,71,71,71,71,71,71,71,71,71,71,71,71,71,71,71,71,71],"card_choices":[{"not_picked":["Hologram","Ball Lightning"],"picked":"Streamline","floor":1.0},{"not_picked":["Capacitor","Beam Cell","Redo"],"picked":"SKIP","floor":2.0},{"not_picked":["Compile Driver","Streamline"],"picked":"Glacier","floor":5.0},{"not_picked":["Coolheaded","Sweeping Beam"],"picked":"Reinforced Body","floor":11.0},{"not_picked":["Conserve Battery","Redo"],"picked":"Blizzard","floor":12.0},{"not_picked":["Double Energy","Compile Driver","Sweeping Beam"],"picked":"SKIP","floor":14.0},{"not_picked":["Electrodynamics","Amplify"],"picked":"Rainbow","floor":16.0},{"not_picked":["Barrage","Steam Power"],"picked":"Static Discharge","floor":18.0},{"not_picked":["Leap","Compile Driver+1","Hologram"],"picked":"SKIP","floor":23.0},{"not_picked":["Chaos","Melter"],"picked":"Buffer","floor":27.0},{"not_picked":["Streamline","Redo","FTL"],"picked":"SKIP","floor":28.0},{"not_picked":["Capacitor","Redo","Coolheaded"],"picked":"SKIP","floor":29}],"player_experience":1243312,"relics_obtained":[{"floor":9.0,"key":"Mummified Hand"},{"floor":11.0,"key":"Happy Flower"},{"floor":20.0,"key":"Enchiridion"},{"floor":23.0,"key":"Lantern"},{"floor":26.0,"key":"Vajra"},{"floor":27.0,"key":"Oddly Smooth Stone"}],"event_choices":[{"damage_healed":0.0,"max_hp_gain":0.0,"max_hp_loss":0.0,"gold_gain":0.0,"event_name":"Scrap Ooze","player_choice":"Success","floor":3.0,"gold_loss":0.0,"damage_taken":11.0,"relics_obtained":["WingedGreaves"]},{"damage_healed":0.0,"max_hp_gain":0.0,"max_hp_loss":0.0,"gold_gain":0.0,"event_name":"Shining Light","player_choice":"Ignored","floor":4.0,"gold_loss":0.0,"damage_taken":0.0},{"damage_healed":0.0,"max_hp_gain":0.0,"max_hp_loss":0.0,"gold_gain":0.0,"event_name":"Lab","player_choice":"Got Potions","floor":7.0,"gold_loss":0.0,"damage_taken":0.0},{"damage_healed":0.0,"max_hp_gain":0.0,"max_hp_loss":0.0,"gold_gain":0.0,"event_name":"Match and Keep!","player_choice":"0 cards matched","floor":13.0,"gold_loss":0.0,"damage_taken":0.0,"cards_obtained":[]},{"damage_healed":0.0,"max_hp_gain":0.0,"max_hp_loss":0.0,"gold_gain":0.0,"event_name":"Cursed Tome","player_choice":"Obtained Book","floor":20.0,"gold_loss":0.0,"damage_taken":21.0},{"damage_healed":0.0,"max_hp_gain":0.0,"max_hp_loss":0.0,"gold_gain":0.0,"event_name":"Addict","player_choice":"Stole Relic","floor":21.0,"gold_loss":0.0,"damage_taken":0.0,"relics_obtained":["Turnip"],"cards_obtained":["Shame"]},{"damage_healed":0.0,"max_hp_gain":0.0,"max_hp_loss":0.0,"gold_gain":0.0,"event_name":"The Library","player_choice":"Read","floor":25.0,"gold_loss":0.0,"damage_taken":0.0,"cards_obtained":["Sunder"]}],"is_beta":false,"boss_relics":[{"not_picked":["Tiny House","Coffee Dripper"],"picked":"Sozu"}],"items_purged_floors":[8,30],"is_endless":false,"potions_floor_spawned":[5,12,16,23,29],"killed_by":"Shelled Parasite and Fungi","ascension_level":20}