{"gold_per_floor":[110,110,122,122,14,14,47,63,63,82,113,175,175,7,7,83,83,96,110,143,163,163,163,173,173,200,226,226,258,258,4,4,75,75,93,141,155,155,168,168,200,42,42,42,77,88,88,88,88,88,88,88,88,61,94,94],"floor_reached":56,"playtime":3319,"items_purged":[],"score":2048,"play_id":"fc89ccdc-256b-4c3b-bca3-263c7dd04bb6","local_time":"20190711123045","is_ascension_mode":true,"campfire_choices":[{"data":"Discovery","floor":6,"key":"SMITH"},{"data":"Hologram","floor":15,"key":"SMITH"},{"floor":23,"key":"REST"},{"floor":25,"key":"REST"},{"data":"Fission","floor":28,"key":"SMITH"},{"floor":32,"key":"REST"},{"floor":40,"key":"RECALL"},{"data":"Echo Form","floor":44,"key":"SMITH"},{"floor":49,"key":"REST"},{"data":"Deep Breath","floor":53,"key":"SMITH"}],"neow_cost":"NONE","seed_source_timestamp":100037630036900,"circlet_count":0,"master_deck":["AscendersBane","Defend_B","Defend_B+1","Defend_B+1","Zap+1","Dualcast","Machine Learning+1","Gash+1","Sunder+1","Beam Cell","Go for the Eyes","Discovery+1","Fission+1","Hologram+1","Chill","BootSequence","Parasite","Seek","Steam","Gash","Scrape","Echo Form+1","FTL","Core Surge","Gash+1","FTL","Writhe","Glacier+1","Deep Breath+1","Normality","Stack+1","Chrysalis+1","Leap+1"],"relics":["Astrolabe","Meat on the Bone","Du-Vu Doll","Blue Candle","Calipers","War Paint","Runic Pyramid","Red Mask","Enchiridion","PreservedInsect","Bronze Scales","MutagenicStrength","Membership Card","Cursed Key","Unceasing Top","Ornamental Fan","ClockworkSouvenir","Singing Bowl","Toxic Egg 2","Bag of Marbles"],"potions_floor_usage":[11,29,36,45,45,51],"damage_taken":[{"damage":4,"enemies":"Small Slimes","floor":1,"turns":3},{"damage":0,"enemies":"Cultist","floor":3,"turns":2},{"damage":13,"enemies":"3 Sentries","floor":7,"turns":7},{"damage":1,"enemies":"2 Louse","floor":8,"turns":4},{"damage":4,"enemies":"2 Fungi Beasts","floor":10,"turns":3},{"damage":0,"enemies":"Gremlin Nob","floor":11,"turns":2},{"damage":0,"enemies":"3 Sentries","floor":12,"turns":4},{"damage":3,"enemies":"Hexaghost","floor":16,"turns":8},{"damage":23,"enemies":"3 Byrds","floor":18,"turns":4},{"damage":3,"enemies":"2 Thieves","floor":19,"turns":4},{"damage":13,"enemies":"Masked Bandits","floor":20,"turns":3},{"damage":11,"enemies":"Shelled Parasite and Fungi","floor":21,"turns":4},{"damage":21,"enemies":"Centurion and Healer","floor":24,"turns":4},{"damage":1,"enemies":"Slavers","floor":27,"turns":4},{"damage":9,"enemies":"Book of Stabbing","floor":29,"turns":4},{"damage":1,"enemies":"Automaton","floor":33,"turns":8},{"damage":0,"enemies":"3 Darklings","floor":35,"turns":5},{"damage":12,"enemies":"2 Orb Walkers","floor":36,"turns":4},{"damage":0,"enemies":"Orb Walker","floor":37,"turns":2},{"damage":0,"enemies":"4 Shapes","floor":39,"turns":4},{"damage":13,"enemies":"Reptomancer","floor":41,"turns":5},{"damage":46,"enemies":"Giant Head","floor":45,"turns":7},{"damage":2,"enemies":"Maw","floor":46,"turns":8},{"damage":18,"enemies":"Awakened One","floor":50,"turns":12},{"damage":16,"enemies":"Donu and Deca","floor":51,"turns":9},{"damage":2,"enemies":"Shield and Spear","floor":55,"turns":3},{"damage":82,"enemies":"The Heart","floor":56,"turns":3}],"seed_played":"-4940780216712824677","potions_obtained":[{"floor":1,"key":"EssenceOfSteel"},{"floor":7,"key":"Energy Potion"},{"floor":16,"key":"Energy Potion"},{"floor":24,"key":"AttackPotion"},{"floor":41,"key":"PowerPotion"},{"floor":45,"key":"Swift Potion"}],"is_trial":false,"path_per_floor":["M","?","M","?","$","R","E","M","T","M","E","?","?","$","R","B",null,"M","M","?","M","?","R","M","R","T","E","R","E","?","$","R","B",null,"M","?","M","?","M","R","E","$","T","R","E","M","?","?","R","B","B",null,"R","$","E","B"],"character_chosen":"DEFECT","items_purchased":["Discovery","War Paint","Membership Card","AttackPotion","ClockworkSouvenir","Deep Breath","Leap+1"],"campfire_rested":4,"item_purchase_floors":[5,14,31,31,42,42,54],"current_hp_per_floor":[60,60,60,60,60,60,47,46,46,42,42,42,59,59,59,56,67,44,41,40,41,20,41,32,53,53,52,52,43,43,43,64,63,69,69,57,57,71,71,71,58,58,58,58,26,36,36,36,57,39,35,64,64,64,64,0],"gold":94,"neow_bonus":"BOSS_RELIC","is_prod":false,"is_daily":false,"chose_seed":false,"campfire_upgraded":5,"win_rate":0,"timestamp":1562873445,"path_taken":["M","?","?","?","$","R","E","M","T","M","E","?","?","$","R","BOSS","M","M","?","M","?","R","M","R","T","E","R","E","?","$","R","BOSS","M","?","M","?","M","R","E","$","T","R","E","M","?","?","R","BOSS","BOSS","R","$","E","BOSS"],"build_version":"2019-07-05","purchased_purges":0,"victory":false,"max_hp_per_floor":[71,71,71,71,71,71,71,71,71,71,71,71,71,71,71,71,71,71,71,71,71,71,71,71,71,71,71,71,71,71,71,71,71,71,71,71,71,71,71,71,71,71,71,71,73,73,73,73,73,73,73,73,73,73,75,75],"card_choices":[{"not_picked":["Heatsinks","Darkness"],"picked":"Beam Cell","floor":1},{"not_picked":["Force Field","Double Energy"],"picked":"Go for the Eyes","floor":3},{"not_picked":["Reinforced Body","Turbo"],"picked":"Fission","floor":7},{"not_picked":["Sweeping Beam","Force Field"],"picked":"Hologram","floor":8},{"not_picked":["Coolheaded","Rebound"],"picked":"Chill","floor":10},{"not_picked":["Genetic Algorithm","Steam"],"picked":"BootSequence","floor":11},{"not_picked":["Thunder Strike","Creative AI"],"picked":"Seek","floor":16},{"not_picked":["Skim","Glacier"],"picked":"Steam","floor":18},{"not_picked":["Go for the Eyes","Blizzard"],"picked":"Gash","floor":19},{"not_picked":["Double Energy","Lockon+1"],"picked":"Scrape","floor":20},{"not_picked":["Barrage","Ball Lightning","Compile Driver"],"picked":"SKIP","floor":21},{"not_picked":["Rebound","Cold Snap"],"picked":"Echo Form","floor":24},{"not_picked":["Steam","Sweeping Beam"],"picked":"FTL","floor":27},{"not_picked":["Doom and Gloom","Beam Cell","Ball Lightning"],"picked":"SKIP","floor":29},{"not_picked":["Creative AI","Thunder Strike"],"picked":"Core Surge","floor":33},{"not_picked":["Sweeping Beam+1","Capacitor+1"],"picked":"Gash+1","floor":35},{"not_picked":["Redo","Ball Lightning"],"picked":"FTL","floor":37},{"not_picked":["Hello World+1","Static Discharge","Storm"],"picked":"SKIP","floor":39},{"not_picked":["Chaos+1","FTL"],"picked":"Glacier+1","floor":41},{"not_picked":["Barrage","Turbo","Compile Driver+1"],"picked":"Singing Bowl","floor":45},{"not_picked":["Redo+1","Turbo+1"],"picked":"Stack+1","floor":46},{"not_picked":["Panacea+1","Madness+1"],"picked":"Chrysalis+1","floor":47},{"not_picked":["Streamline","Melter+1","Darkness+1"],"picked":"Singing Bowl","floor":55}],"player_experience":1266922,"relics_obtained":[{"floor":7,"key":"Meat on the Bone"},{"floor":9,"key":"Du-Vu Doll"},{"floor":11,"key":"Blue Candle"},{"floor":20,"key":"Red Mask"},{"floor":22,"key":"Enchiridion"},{"floor":27,"key":"PreservedInsect"},{"floor":29,"key":"Bronze Scales"},{"floor":36,"key":"Unceasing Top"},{"floor":41,"key":"Ornamental Fan"},{"floor":43,"key":"Singing Bowl"},{"floor":45,"key":"Toxic Egg 2"},{"floor":55,"key":"Bag of Marbles"}],"event_choices":[{"cards_removed":["Strike_B"],"damage_healed":0,"gold_gain":0,"player_choice":"Purged","damage_taken":0,"max_hp_gain":0,"max_hp_loss":0,"event_name":"Purifier","floor":2,"gold_loss":0},{"damage_healed":0,"gold_gain":0,"player_choice":"Grow","damage_taken":0,"max_hp_gain":0,"max_hp_loss":0,"event_name":"Living Wall","floor":4,"gold_loss":0,"cards_upgraded":["Zap"]},{"damage_healed":0,"gold_gain":0,"player_choice":"Searched \u00272\u0027 times","damage_taken":0,"relics_obtained":["Calipers"],"max_hp_gain":0,"max_hp_loss":0,"event_name":"Dead Adventurer","floor":12,"gold_loss":0},{"damage_healed":17,"gold_gain":0,"player_choice":"Healed and dodged fight","damage_taken":0,"max_hp_gain":0,"max_hp_loss":0,"event_name":"Mushrooms","floor":13,"gold_loss":0,"cards_obtained":["Parasite"]},{"damage_healed":0,"gold_gain":0,"player_choice":"Fought Bandits","damage_taken":0,"max_hp_gain":0,"max_hp_loss":0,"event_name":"Masked Bandits","floor":20,"gold_loss":0},{"damage_healed":0,"gold_gain":0,"player_choice":"Obtained Book","damage_taken":21,"max_hp_gain":0,"max_hp_loss":0,"event_name":"Cursed Tome","floor":22,"gold_loss":0},{"damage_healed":0,"gold_gain":0,"player_choice":"Inject Mutagens","damage_taken":0,"relics_obtained":["MutagenicStrength"],"max_hp_gain":0,"max_hp_loss":0,"event_name":"Drug Dealer","floor":30,"gold_loss":0},{"damage_healed":0,"gold_gain":0,"player_choice":"Fight","damage_taken":0,"max_hp_gain":0,"max_hp_loss":0,"event_name":"Mysterious Sphere","floor":36,"gold_loss":0},{"damage_healed":14,"gold_gain":0,"player_choice":"Writhe","damage_taken":0,"max_hp_gain":0,"max_hp_loss":0,"event_name":"Winding Halls","floor":38,"gold_loss":0,"cards_obtained":["Writhe"]},{"damage_healed":0,"gold_gain":0,"player_choice":"Memory 1","damage_taken":0,"max_hp_gain":0,"max_hp_loss":0,"event_name":"SensoryStone","floor":47,"gold_loss":0},{"cards_removed":["Defend_B"],"damage_healed":0,"gold_gain":0,"player_choice":"Removed Skill","damage_taken":0,"max_hp_gain":0,"max_hp_loss":0,"event_name":"Falling","floor":48,"gold_loss":0}],"is_beta":false,"boss_relics":[{"not_picked":["Pandora\u0027s Box","Sozu"],"picked":"Runic Pyramid"},{"not_picked":["Velvet Choker","Lizard Tail"],"picked":"Cursed Key"}],"items_purged_floors":[],"is_endless":false,"potions_floor_spawned":[1,7,8,10,16,20,24,27,33,41,45],"killed_by":"The Heart","ascension_level":20}