{"gold_per_floor":[113,45,62,62,137,169,180,180,180,180,206,206,226,240,240,339,339,349,369,294,394,69,69,80,80,105,105,105,130,130,150,150,252,252,272,285,297,126,86,86,102,122,122,156,6,6,26,44,44,44,44,44,44,76,76],"floor_reached":56,"playtime":5965,"items_purged":["Regret","Defend_G"],"score":1275,"play_id":"472cdf00-c572-4e8c-9549-069ed232e70b","local_time":"20190710201617","is_ascension_mode":true,"campfire_choices":[{"data":"Neutralize","floor":10,"key":"SMITH"},{"floor":15,"key":"REST"},{"data":"Tools of the Trade","floor":23,"key":"SMITH"},{"data":"Terror","floor":25,"key":"SMITH"},{"data":"Footwork","floor":28,"key":"SMITH"},{"data":"Tactician","floor":30,"key":"SMITH"},{"floor":32,"key":"RECALL"},{"data":"Acrobatics","floor":40,"key":"SMITH"},{"data":"Blade Dance","floor":49,"key":"SMITH"},{"data":"Prepared","floor":52,"key":"SMITH"}],"neow_cost":"NONE","seed_source_timestamp":12077420392977,"circlet_count":0,"master_deck":["Strike_G","Defend_G","Defend_G","Defend_G","Survivor","Neutralize+1","Escape Plan","Blur","Acrobatics+1","Footwork+1","Tactician+1","Terror+1","Tools of the Trade+1","Backstab+1","Eviscerate+1","Finisher+1","Dagger Throw","Dagger Throw+1","Footwork+1","Escape Plan","Outmaneuver+1","Adrenaline+1","Infinite Blades+1","Flying Knee","Caltrops+1","Backflip","Prepared+1","Quick Slash+1","Backflip+1","Blade Dance+1","Cloak And Dagger+1"],"relics":["Ring of the Snake","NeowsBlessing","Pear","Centennial Puzzle","Letter Opener","Shuriken","Astrolabe","Frozen Egg 2","Paper Crane","Philosopher\u0027s Stone","Molten Egg 2","Mercury Hourglass","Lantern","Anchor"],"potions_floor_usage":[11,16,19,31,50,55,55,55],"damage_taken":[{"damage":0,"enemies":"Cultist","floor":1,"turns":1},{"damage":0,"enemies":"Small Slimes","floor":3,"turns":1},{"damage":0,"enemies":"3 Sentries","floor":6,"turns":1},{"damage":0,"enemies":"Jaw Worm","floor":7,"turns":8},{"damage":57,"enemies":"Gremlin Nob","floor":11,"turns":6},{"damage":4,"enemies":"2 Fungi Beasts","floor":13,"turns":5},{"damage":0,"enemies":"Blue Slaver","floor":14,"turns":5},{"damage":25,"enemies":"The Guardian","floor":16,"turns":16},{"damage":6,"enemies":"Shell Parasite","floor":18,"turns":11},{"damage":19,"enemies":"2 Thieves","floor":19,"turns":4},{"damage":0,"enemies":"Centurion and Healer","floor":24,"turns":5},{"damage":4,"enemies":"Book of Stabbing","floor":29,"turns":5},{"damage":12,"enemies":"Snake Plant","floor":31,"turns":4},{"damage":6,"enemies":"Automaton","floor":33,"turns":12},{"damage":1,"enemies":"Orb Walker","floor":35,"turns":4},{"damage":4,"enemies":"3 Darklings","floor":36,"turns":6},{"damage":7,"enemies":"Transient","floor":37,"turns":5},{"damage":5,"enemies":"Writhing Mass","floor":41,"turns":6},{"damage":10,"enemies":"4 Shapes","floor":42,"turns":6},{"damage":0,"enemies":"Giant Head","floor":44,"turns":5},{"damage":0,"enemies":"Sphere and 2 Shapes","floor":47,"turns":2},{"damage":0,"enemies":"Maw","floor":48,"turns":5},{"damage":13,"enemies":"Awakened One","floor":50,"turns":12},{"damage":8,"enemies":"Shield and Spear","floor":54,"turns":6},{"damage":67,"enemies":"The Heart","floor":55,"turns":8}],"seed_played":"-2773759447340710555","potions_obtained":[{"floor":1,"key":"Strength Potion"},{"floor":11,"key":"LiquidBronze"},{"floor":16,"key":"Poison Potion"},{"floor":29,"key":"Regen Potion"},{"floor":31,"key":"Explosive Potion"},{"floor":33,"key":"PowerPotion"},{"floor":35,"key":"Dexterity Potion"},{"floor":41,"key":"Weak Potion"},{"floor":54,"key":"SkillPotion"}],"is_trial":false,"path_per_floor":["M","$","M","$","?","E","M","?","T","R","E","?","M","M","R","B",null,"M","M","$","?","$","R","M","R","T","?","R","E","R","M","R","B",null,"M","M","M","$","?","R","M","M","T","E","$","?","M","M","R","B",null,"R","$","E","B",null],"character_chosen":"THE_SILENT","items_purchased":["Blur","Frozen Egg 2","Footwork+1","Caltrops+1","Lantern"],"campfire_rested":1,"item_purchase_floors":[2,22,22,38,45],"current_hp_per_floor":[70,70,70,70,63,73,73,73,73,73,16,9,5,5,29,4,80,74,55,55,55,55,55,55,55,55,55,55,51,51,48,48,42,80,79,75,68,68,68,68,63,53,53,53,53,53,53,53,53,40,80,80,80,72,5],"gold":76,"neow_bonus":"THREE_ENEMY_KILL","is_prod":false,"is_daily":false,"chose_seed":false,"campfire_upgraded":8,"win_rate":0,"timestamp":1562825777,"path_taken":["M","$","?","$","?","E","?","?","T","R","E","?","M","M","R","BOSS","M","M","$","?","$","R","?","R","T","?","R","E","R","M","R","BOSS","M","M","?","$","?","R","M","?","T","E","?","?","M","M","R","BOSS","R","$","E","BOSS"],"build_version":"2019-07-05","purchased_purges":2,"victory":true,"max_hp_per_floor":[70,70,70,70,70,80,80,80,80,80,80,80,80,80,80,80,80,80,80,80,80,80,80,80,80,80,80,80,80,80,80,80,80,80,80,80,80,80,80,80,80,80,80,80,80,80,80,80,80,80,80,80,80,80,80],"card_choices":[{"not_picked":["Flying Knee","Dagger Spray"],"picked":"Escape Plan","floor":1},{"not_picked":["Deflect","PiercingWail"],"picked":"Acrobatics","floor":3},{"not_picked":["Crippling Poison","Backflip"],"picked":"Footwork","floor":6},{"not_picked":["Dodge and Roll","Deadly Poison"],"picked":"Tactician","floor":7},{"not_picked":["PiercingWail","Skewer","Endless Agony"],"picked":"SKIP","floor":11},{"not_picked":["Leg Sweep","Underhanded Strike"],"picked":"Terror","floor":13},{"not_picked":["Terror","Poisoned Stab","Underhanded Strike"],"picked":"SKIP","floor":14},{"not_picked":["Unload","Phantasmal Killer"],"picked":"Tools of the Trade","floor":16},{"not_picked":["Underhanded Strike+1","Expertise+1"],"picked":"Dagger Throw","floor":18},{"not_picked":["Underhanded Strike","Dagger Spray"],"picked":"Dagger Throw+1","floor":19},{"not_picked":["Eviscerate","Backflip"],"picked":"Escape Plan","floor":24},{"not_picked":["Poisoned Stab","Choke","Deadly Poison+1"],"picked":"SKIP","floor":29},{"not_picked":["Glass Knife","Bouncing Flask"],"picked":"Outmaneuver+1","floor":31},{"not_picked":["Storm of Steel","Phantasmal Killer"],"picked":"Adrenaline","floor":33},{"not_picked":["Predator","Outmaneuver","Dagger Spray"],"picked":"SKIP","floor":35},{"not_picked":["Sucker Punch","Cloak And Dagger+1"],"picked":"Infinite Blades+1","floor":36},{"not_picked":["Bane","Deadly Poison+1"],"picked":"Flying Knee","floor":37},{"not_picked":["Eviscerate","Masterful Stab+1"],"picked":"Backflip","floor":41},{"not_picked":["Caltrops+1","Crippling Poison+1"],"picked":"Prepared","floor":42},{"not_picked":["Choke+1","Poisoned Stab+1"],"picked":"Quick Slash+1","floor":44},{"not_picked":["Deadly Poison","Sucker Punch+1"],"picked":"Backflip+1","floor":47},{"not_picked":["Bane+1","PiercingWail+1"],"picked":"Blade Dance","floor":48},{"not_picked":["Night Terror","Venomology"],"picked":"Cloak And Dagger+1","floor":54}],"player_experience":87753,"relics_obtained":[{"floor":6,"key":"Pear"},{"floor":9,"key":"Letter Opener"},{"floor":11,"key":"Shuriken"},{"floor":29,"key":"Paper Crane"},{"floor":43,"key":"Molten Egg 2"},{"floor":44,"key":"Mercury Hourglass"},{"floor":54,"key":"Anchor"}],"event_choices":[{"damage_healed":0,"gold_gain":75,"player_choice":"Touch","damage_taken":7,"max_hp_gain":0,"max_hp_loss":0,"event_name":"FaceTrader","floor":5,"gold_loss":0},{"damage_healed":0,"gold_gain":0,"player_choice":"Box","damage_taken":0,"relics_obtained":["Centennial Puzzle"],"max_hp_gain":0,"max_hp_loss":0,"event_name":"Big Fish","floor":8,"gold_loss":0,"cards_obtained":["Regret"]},{"damage_healed":0,"gold_gain":0,"player_choice":"Fled","damage_taken":7,"max_hp_gain":0,"max_hp_loss":0,"event_name":"Scrap Ooze","floor":12,"gold_loss":0},{"damage_healed":0,"gold_gain":100,"player_choice":"Pray","damage_taken":0,"max_hp_gain":0,"max_hp_loss":0,"event_name":"Golden Shrine","floor":21,"gold_loss":0},{"cards_removed":["Strike_G"],"damage_healed":0,"gold_gain":0,"player_choice":"Purged","damage_taken":0,"max_hp_gain":0,"max_hp_loss":0,"event_name":"Purifier","floor":27,"gold_loss":0},{"damage_healed":0,"gold_gain":0,"player_choice":"Upgrade","damage_taken":0,"max_hp_gain":0,"max_hp_loss":0,"event_name":"Designer","floor":39,"gold_loss":40,"cards_upgraded":["Adrenaline"]},{"cards_removed":["Strike_G"],"damage_healed":0,"gold_gain":0,"player_choice":"Removed Attack","damage_taken":0,"max_hp_gain":0,"max_hp_loss":0,"event_name":"Falling","floor":46,"gold_loss":0}],"is_beta":false,"boss_relics":[{"not_picked":["Lizard Tail","Snecko Eye"],"picked":"Astrolabe"},{"not_picked":["Cursed Key","Fusion Hammer"],"picked":"Philosopher\u0027s Stone"}],"items_purged_floors":[20,38],"is_endless":false,"potions_floor_spawned":[1,11,16,29,31,33,35,41,42,48,54],"ascension_level":2}