{"gold_per_floor":[113,124,199,217,217,244,244,269,269,181,216,239,28,47,47,119,119,138,188,148],"floor_reached":20,"playtime":534,"items_purged":["Strike_B"],"score":434,"play_id":"cb62c31d-e6a0-4066-8fc7-4c442a7b210c","local_time":"20181101134050","is_ascension_mode":true,"campfire_choices":[{"data":"Defragment","floor":7.0,"key":"SMITH"},{"floor":15,"key":"REST"}],"neow_cost":"NONE","seed_source_timestamp":1303020601938390,"circlet_count":0,"master_deck":["Strike_B","Strike_B","Strike_B","Defend_B","Defend_B","Defend_B+1","Defend_B+1","Zap","Dualcast","AscendersBane","Defragment+1","Sunder","Ball Lightning","Defragment+1","Go for the Eyes","FTL","Sunder","Defragment","Electrodynamics","Glacier"],"special_seed":0,"relics":["Cracked Core","NeowsBlessing","Smiling Mask","Bottled Tornado","War Paint","MawBank","DataDisk","Sozu"],"potions_floor_usage":[11,14,16],"damage_taken":[{"damage":0.0,"enemies":"Small Slimes","floor":1.0,"turns":1.0},{"damage":0.0,"enemies":"2 Louse","floor":2.0,"turns":1.0},{"damage":0.0,"enemies":"Cultist","floor":4.0,"turns":1.0},{"damage":15.0,"enemies":"3 Sentries","floor":6.0,"turns":6.0},{"damage":20.0,"enemies":"Lagavulin","floor":8.0,"turns":6.0},{"damage":0,"enemies":"Gremlin Nob","floor":11,"turns":3},{"damage":0,"enemies":"2 Fungi Beasts","floor":12,"turns":2},{"damage":4,"enemies":"Looter","floor":14,"turns":4},{"damage":34,"enemies":"The Guardian","floor":16,"turns":8},{"damage":42,"enemies":"Shell Parasite","floor":18,"turns":4},{"damage":17,"enemies":"2 Thieves","floor":20,"turns":1}],"seed_played":"-8521958054629169884","potions_obtained":[{"floor":2.0,"key":"Strength Potion"},{"floor":4.0,"key":"Block Potion"},{"floor":6.0,"key":"LiquidBronze"},{"floor":12,"key":"Swift Potion"}],"is_trial":false,"path_per_floor":["M","M","?","M","?","E","R","E","T","$","E","M","$","M","R","B",null,"M","?"],"character_chosen":"DEFECT","items_purchased":["FTL","DataDisk"],"campfire_rested":1,"item_purchase_floors":[10,13],"current_hp_per_floor":[64,64,53,53,53,38,38,18,18,18,18,18,18,14,35,1,54,12,12,0],"gold":148,"neow_bonus":"THREE_ENEMY_KILL","is_prod":false,"is_daily":false,"chose_seed":false,"campfire_upgraded":1,"win_rate":0,"timestamp":1541094050,"path_taken":["M","M","?","?","?","E","R","E","T","$","E","?","$","M","R","BOSS","M","?","M"],"build_version":"2018-10-25v2","purchased_purges":1,"victory":false,"max_hp_per_floor":[71,71,71,71,71,71,71,71,71,71,71,71,71,71,71,71,71,71,71,71],"card_choices":[{"not_picked":["Gash","Doom and Gloom"],"picked":"Defragment","floor":1.0},{"not_picked":["Sweeping Beam","Force Field"],"picked":"Sunder","floor":2.0},{"not_picked":["Aggregate","Barrage"],"picked":"Ball Lightning","floor":4.0},{"not_picked":["Fusion","Turbo"],"picked":"Defragment","floor":6.0},{"not_picked":["Streamline","Barrage"],"picked":"Go for the Eyes","floor":8.0},{"not_picked":["Static Discharge","Stack","Skim"],"picked":"SKIP","floor":11},{"not_picked":["Beam Cell","Stack"],"picked":"Sunder","floor":12},{"not_picked":["Redo","Beam Cell"],"picked":"Defragment","floor":14},{"not_picked":["Thunder Strike","Fission"],"picked":"Electrodynamics","floor":16},{"not_picked":["Scrape","Leap"],"picked":"Glacier","floor":18}],"player_experience":396030,"relics_obtained":[{"floor":6.0,"key":"Smiling Mask"},{"floor":8.0,"key":"Bottled Tornado"},{"floor":9.0,"key":"War Paint"},{"floor":11,"key":"MawBank"}],"event_choices":[{"damage_healed":0.0,"max_hp_gain":0.0,"max_hp_loss":0.0,"gold_gain":75.0,"event_name":"World of Goop","player_choice":"Gather Gold","floor":3.0,"gold_loss":0.0,"damage_taken":11.0},{"damage_healed":0.0,"max_hp_gain":0.0,"max_hp_loss":0.0,"gold_gain":0.0,"event_name":"Living Wall","player_choice":"Grow","floor":5.0,"gold_loss":0.0,"damage_taken":0.0,"cards_upgraded":["Defragment"]},{"damage_healed":0,"gold_gain":50,"player_choice":"Stole From Cult","damage_taken":0,"max_hp_gain":0,"max_hp_loss":0,"event_name":"Nest","floor":19,"gold_loss":0}],"is_beta":false,"boss_relics":[{"not_picked":["Snecko Eye","Black Star"],"picked":"Sozu"}],"items_purged_floors":[13],"is_endless":false,"potions_floor_spawned":[2,4,6,8,12],"killed_by":"2 Thieves","ascension_level":20}