{"gold_per_floor":[109,109,157,175,189,225,240,274,274,274,293,293,250,265,265,395,433,447,447,447,143,162,193,218,231,284,309,325,325,338,338],"floor_reached":31,"playtime":1664,"items_purged":[],"score":346,"play_id":"c284c6b1-f14f-4bf4-8adf-fbc0f520fbe5","local_time":"20180702191655","is_ascension_mode":false,"campfire_choices":[{"floor":10,"key":"REST"},{"floor":12,"key":"REST"},{"data":"Defragment","floor":15,"key":"SMITH"},{"floor":29,"key":"REST"}],"neow_cost":"NONE","seed_source_timestamp":5470364620461619,"circlet_count":0,"master_deck":["Strike_B","Strike_B+1","Strike_B","Strike_B","Defend_B","Defend_B","Defend_B","Defend_B+1","Zap+1","Dualcast","Ball Lightning+1","Go for the Eyes","Static Discharge","Defragment+1","Ball Lightning","Capacitor","Glacier","Hologram","Electrodynamics","Beam Cell+1","Conserve Battery","RitualDagger","Leap+1","Ball Lightning+1","Leap+1","Coolheaded+1","Ball Lightning+1","Conserve Battery+1","FTL","Chill+1"],"relics":["Cracked Core","Vajra","Golden Idol","Bronze Scales","War Paint","Ancient Tea Set","Lantern","Tiny House","Toxic Egg 2","Whetstone","Potion Belt"],"potions_floor_usage":[],"damage_taken":[{"damage":1,"enemies":"Jaw Worm","floor":1,"turns":4},{"damage":0,"enemies":"2 Louse","floor":4,"turns":3},{"damage":0,"enemies":"Small Slimes","floor":5,"turns":2},{"damage":11,"enemies":"Lagavulin","floor":6,"turns":5},{"damage":7,"enemies":"Blue Slaver","floor":7,"turns":3},{"damage":11,"enemies":"3 Sentries","floor":8,"turns":4},{"damage":0,"enemies":"Large Slime","floor":11,"turns":4},{"damage":18,"enemies":"Exordium Wildlife","floor":14,"turns":2},{"damage":0,"enemies":"The Guardian","floor":16,"turns":10},{"damage":7,"enemies":"Shell Parasite","floor":18,"turns":5},{"damage":15,"enemies":"Chosen","floor":22,"turns":4},{"damage":33,"enemies":"Gremlin Leader","floor":23,"turns":6},{"damage":3,"enemies":"Snecko","floor":24,"turns":4},{"damage":12,"enemies":"Snake Plant","floor":25,"turns":3},{"damage":2,"enemies":"Centurion and Healer","floor":27,"turns":4},{"damage":0,"enemies":"Sentry and Sphere","floor":28,"turns":4},{"damage":2,"enemies":"Chosen and Byrds","floor":30,"turns":5},{"damage":27,"enemies":"Cultist and Chosen","floor":31,"turns":5}],"seed_played":"576429809116782191","potions_obtained":[{"floor":1,"key":"Swift Potion"},{"floor":4,"key":"Weak Potion"},{"floor":5,"key":"FearPotion"},{"floor":27,"key":"AttackPotion"}],"is_trial":false,"path_per_floor":["M","?","T","M","M","E","M","E","T","R","M","R","?","M","R","B",null,"M","?","?","$","M","E","M","M","T","M","M","R","M"],"character_chosen":"DEFECT","items_purchased":["Toxic Egg 2","Leap"],"campfire_rested":3,"item_purchase_floors":[21,21],"current_hp_per_floor":[74,56,56,56,56,45,38,27,27,49,49,71,71,53,53,53,80,73,67,67,67,52,19,16,4,4,2,2,26,24,0],"gold":338,"neow_bonus":"RANDOM_COMMON_RELIC","is_prod":false,"is_daily":false,"chose_seed":false,"campfire_upgraded":1,"win_rate":0,"timestamp":1530573415,"path_taken":["M","?","?","M","M","E","M","E","T","R","M","R","?","?","R","BOSS","M","?","?","$","M","E","M","?","T","M","M","R","M","M"],"build_version":"2018-06-28","purchased_purges":0,"victory":false,"max_hp_per_floor":[75,75,75,75,75,75,75,75,75,75,75,75,75,75,75,75,80,80,80,80,80,80,80,80,80,80,80,80,80,80,80],"card_choices":[{"not_picked":["Chill","Auto Shields"],"picked":"Ball Lightning","floor":1},{"not_picked":["Aggregate","Lockon"],"picked":"Go for the Eyes","floor":4},{"not_picked":["Stack","Compile Driver"],"picked":"Static Discharge","floor":5},{"not_picked":["White Noise","Steam"],"picked":"Defragment","floor":6},{"not_picked":["Turbo","Leap"],"picked":"Ball Lightning","floor":7},{"not_picked":["Double Energy","Coolheaded"],"picked":"Capacitor","floor":8},{"not_picked":["Turbo","Conserve Battery"],"picked":"Glacier","floor":11},{"not_picked":["Reboot","Double Energy"],"picked":"Hologram","floor":14},{"not_picked":["Hyperbeam","Creative AI"],"picked":"Electrodynamics","floor":16},{"not_picked":["Consume","Compile Driver"],"picked":"Beam Cell","floor":17},{"not_picked":["Redo","Steam Power+1"],"picked":"Conserve Battery","floor":18},{"not_picked":["Rebound","Reboot+1"],"picked":"Ball Lightning+1","floor":22},{"not_picked":["Coolheaded+1","Conserve Battery+1"],"picked":"Leap+1","floor":23},{"not_picked":["Turbo+1","Rebound"],"picked":"Coolheaded+1","floor":24},{"not_picked":["Heatsinks+1","Gash+1"],"picked":"Ball Lightning+1","floor":25},{"not_picked":["Gash","All For One"],"picked":"Conserve Battery+1","floor":27},{"not_picked":["Doom and Gloom","Go for the Eyes"],"picked":"FTL","floor":28},{"not_picked":["Compile Driver","Streamline"],"picked":"Chill+1","floor":30}],"player_experience":46290,"relics_obtained":[{"floor":3,"key":"Bronze Scales"},{"floor":6,"key":"War Paint"},{"floor":8,"key":"Ancient Tea Set"},{"floor":9,"key":"Lantern"},{"floor":23,"key":"Whetstone"},{"floor":26,"key":"Potion Belt"}],"event_choices":[{"event_name":"Golden Idol","player_choice":"Take Damage","floor":2,"damage_taken":0},{"event_name":"World of Goop","player_choice":"Left","floor":13,"damage_taken":0},{"event_name":"Nest","player_choice":"Joined the Cult","floor":19,"damage_taken":0},{"event_name":"The Woman in Blue","player_choice":"Bought 0 Potions","floor":20,"damage_taken":0}],"boss_relics":[{"not_picked":["Astrolabe","Lizard Tail"],"picked":"Tiny House"}],"items_purged_floors":[],"is_endless":false,"potions_floor_spawned":[1,4,5,6,11,18,22,24,27],"killed_by":"Cultist and Chosen","ascension_level":0}