{"gold_per_floor":[116,129,54,69,69,69,94,94,94,111,125,150,150,50,50,152,152,171,46,46,46,66,66,79,91,114,46,46,56,56,56,56,156,156,167,181,31,49,49,49,69,79,79,79,113,113,141,155,155,155],"floor_reached":51,"playtime":1208,"items_purged":["Strike_R","Defend_R","Strike_R","Defend_R"],"score":932,"play_id":"305d9804-af63-4ce5-8621-5248bc7a29c1","local_time":"20190709172008","is_ascension_mode":true,"campfire_choices":[{"data":"Bash","floor":6.0,"key":"SMITH"},{"data":"Dropkick","floor":13.0,"key":"SMITH"},{"data":"Strike_R","floor":15.0,"key":"SMITH"},{"floor":23.0,"key":"REST"},{"data":"Dropkick","floor":32.0,"key":"SMITH"},{"floor":40.0,"key":"REST"},{"data":"Defend_R","floor":46.0,"key":"SMITH"},{"floor":49.0,"key":"RECALL"}],"neow_cost":"NONE","seed_source_timestamp":6324032221502122,"circlet_count":0,"master_deck":["Defend_R+1","Bash+1","Dropkick+1","Dropkick+1","Thunderclap+1"],"special_seed":0,"relics":["Black Blood","NeowsBlessing","Kunai","Matryoshka","Lantern","MutagenicStrength","Bag of Preparation","Centennial Puzzle","Runic Cube","Potion Belt","Mummified Hand","Dodecahedron","Pantograph"],"potions_floor_usage":[50,50],"damage_taken":[{"damage":0.0,"enemies":"Jaw Worm","floor":1.0,"turns":1.0},{"damage":0.0,"enemies":"Cultist","floor":2.0,"turns":1.0},{"damage":0.0,"enemies":"2 Louse","floor":4.0,"turns":1.0},{"damage":27.0,"enemies":"Gremlin Nob","floor":7.0,"turns":4.0},{"damage":11.0,"enemies":"Large Slime","floor":10.0,"turns":6.0},{"damage":9.0,"enemies":"3 Louse","floor":11.0,"turns":4.0},{"damage":17.0,"enemies":"Lagavulin","floor":12.0,"turns":6.0},{"damage":27.0,"enemies":"Hexaghost","floor":16.0,"turns":9.0},{"damage":38.0,"enemies":"Spheric Guardian","floor":18.0,"turns":6.0},{"damage":24.0,"enemies":"2 Thieves","floor":22.0,"turns":4.0},{"damage":2.0,"enemies":"Snecko","floor":24.0,"turns":3.0},{"damage":25.0,"enemies":"3 Cultists","floor":25.0,"turns":5.0},{"damage":0.0,"enemies":"Snake Plant","floor":29.0,"turns":1.0},{"damage":0.0,"enemies":"Champ","floor":33.0,"turns":1.0},{"damage":0.0,"enemies":"Orb Walker","floor":35.0,"turns":1.0},{"damage":21.0,"enemies":"3 Darklings","floor":36.0,"turns":2.0},{"damage":21.0,"enemies":"4 Shapes","floor":38.0,"turns":7.0},{"damage":0.0,"enemies":"Transient","floor":41.0,"turns":5.0},{"damage":0.0,"enemies":"Jaw Worm Horde","floor":42.0,"turns":1.0},{"damage":0.0,"enemies":"Giant Head","floor":45.0,"turns":1.0},{"damage":0.0,"enemies":"Nemesis","floor":47.0,"turns":1.0},{"damage":0.0,"enemies":"3 Darklings","floor":48.0,"turns":1.0},{"damage":11,"enemies":"Donu and Deca","floor":50,"turns":2}],"seed_played":"-600068326532652855","potions_obtained":[{"floor":10.0,"key":"Block Potion"},{"floor":11.0,"key":"Swift Potion"},{"floor":12.0,"key":"PowerPotion"},{"floor":22.0,"key":"AttackPotion"},{"floor":24.0,"key":"SteroidPotion"},{"floor":25.0,"key":"Fruit Juice"},{"floor":35.0,"key":"GamblersBrew"},{"floor":48.0,"key":"SkillPotion"}],"is_trial":false,"path_per_floor":["M","M","$","M","?","R","E","?","T","M","M","E","R","$","R","B",null,"M","$","?","?","M","R","M","M","T","$","?","M","?","$","R","B",null,"M","M","$","M","?","R","M","M","T","$","E","R","E","M","R","B",null],"character_chosen":"IRONCLAD","items_purchased":["Dropkick"],"campfire_rested":2,"item_purchase_floors":[27],"current_hp_per_floor":[80,80,80,80,73,73,52,52,52,47,44,33,33,33,33,12,80,52,52,52,52,38,62,70,60,60,60,60,70,70,70,70,80,85,85,74,74,63,63,85,85,85,85,85,85,85,85,85,85,84],"gold":155,"neow_bonus":"THREE_ENEMY_KILL","is_prod":false,"is_daily":false,"chose_seed":false,"campfire_upgraded":5,"win_rate":0,"timestamp":1562707208,"path_taken":["M","M","$","M","?","R","E","?","T","M","?","E","R","$","R","BOSS","M","$","?","?","M","R","M","M","T","$","?","M","?","$","R","BOSS","M","M","$","M","?","R","M","M","T","$","E","R","E","M","R","BOSS"],"build_version":"2019-07-05","purchased_purges":4,"victory":true,"max_hp_per_floor":[80,80,80,80,80,80,80,80,80,80,80,80,80,80,80,80,80,80,80,80,80,80,80,80,85,85,85,85,85,85,85,85,85,85,85,85,85,85,85,85,85,85,85,85,85,85,85,85,85,85],"card_choices":[{"not_picked":["Flex","Perfected Strike","Havoc"],"picked":"SKIP","floor":1.0},{"not_picked":["Armaments","Spot Weakness","Sever Soul"],"picked":"SKIP","floor":2.0},{"not_picked":["Anger","Sever Soul"],"picked":"Dropkick","floor":4.0},{"not_picked":["Thunderclap","Sword Boomerang","Clash"],"picked":"SKIP","floor":7.0},{"not_picked":["Flex","Power Through","Havoc"],"picked":"SKIP","floor":10.0},{"not_picked":["Headbutt","Corruption","Sword Boomerang"],"picked":"SKIP","floor":11.0},{"not_picked":["Corruption","Intimidate","Havoc"],"picked":"SKIP","floor":12.0},{"not_picked":["Carnage+1","Warcry+1","Clothesline+1"],"picked":"SKIP","floor":18.0},{"not_picked":["Hemokinesis","Shrug It Off+1","Intimidate"],"picked":"SKIP","floor":22.0},{"not_picked":["Anger","Rupture","Heavy Blade+1"],"picked":"SKIP","floor":24.0},{"not_picked":["Clothesline","Iron Wave","Clash"],"picked":"SKIP","floor":25.0},{"not_picked":["Clash+1","Perfected Strike+1","Body Slam"],"picked":"SKIP","floor":29.0},{"not_picked":["Entrench+1","Bloodletting+1","Carnage+1"],"picked":"SKIP","floor":35.0},{"not_picked":["Flex+1","Clothesline","Hemokinesis"],"picked":"SKIP","floor":36.0},{"not_picked":["Combust+1","Disarm","True Grit"],"picked":"SKIP","floor":38.0},{"not_picked":["Twin Strike+1","Anger"],"picked":"Thunderclap+1","floor":41.0},{"not_picked":["Blood for Blood","Burning Pact","Combust+1"],"picked":"SKIP","floor":42.0},{"not_picked":["Rupture+1","Headbutt+1","Disarm+1"],"picked":"SKIP","floor":45.0},{"not_picked":["Bloodletting","Wild Strike+1","Feel No Pain+1"],"picked":"SKIP","floor":47.0},{"not_picked":["Anger","Wild Strike","Flame Barrier+1"],"picked":"SKIP","floor":48.0}],"player_experience":935517,"relics_obtained":[{"floor":7.0,"key":"Kunai"},{"floor":9.0,"key":"Matryoshka"},{"floor":12.0,"key":"Lantern"},{"floor":26.0,"key":"Bag of Preparation"},{"floor":26.0,"key":"Centennial Puzzle"},{"floor":43.0,"key":"Potion Belt"},{"floor":43.0,"key":"Mummified Hand"},{"floor":45.0,"key":"Dodecahedron"},{"floor":47.0,"key":"Pantograph"}],"event_choices":[{"cards_removed":["Strike_R"],"damage_healed":0.0,"max_hp_gain":0.0,"max_hp_loss":0.0,"gold_gain":0.0,"event_name":"Golden Wing","player_choice":"Card Removal","floor":5.0,"gold_loss":0.0,"damage_taken":7.0},{"cards_removed":["Defend_R"],"damage_healed":0.0,"max_hp_gain":0.0,"max_hp_loss":0.0,"gold_gain":0.0,"event_name":"Purifier","player_choice":"Purged","floor":8.0,"gold_loss":0.0,"damage_taken":0.0},{"damage_healed":0.0,"max_hp_gain":0.0,"max_hp_loss":0.0,"gold_gain":0.0,"event_name":"Drug Dealer","player_choice":"Inject Mutagens","floor":20.0,"gold_loss":0.0,"damage_taken":0.0,"relics_obtained":["MutagenicStrength"]},{"damage_healed":0.0,"max_hp_gain":0.0,"max_hp_loss":0.0,"gold_gain":0.0,"event_name":"The Mausoleum","player_choice":"Ignored","floor":21.0,"gold_loss":0.0,"damage_taken":0.0},{"damage_healed":0.0,"max_hp_gain":0.0,"max_hp_loss":0.0,"gold_gain":0.0,"event_name":"Vampires","player_choice":"Ignored","floor":28.0,"gold_loss":0.0,"damage_taken":0.0},{"cards_removed":["Strike_R"],"damage_healed":0.0,"max_hp_gain":0.0,"max_hp_loss":0.0,"gold_gain":0.0,"event_name":"Back to Basics","player_choice":"Elegance","floor":30.0,"gold_loss":0.0,"damage_taken":0.0},{"cards_removed":["Strike_R"],"damage_healed":0.0,"max_hp_gain":0.0,"max_hp_loss":0.0,"gold_gain":0.0,"event_name":"Purifier","player_choice":"Purged","floor":39.0,"gold_loss":0.0,"damage_taken":0.0}],"is_beta":false,"boss_relics":[{"not_picked":["Velvet Choker","White Beast Statue"],"picked":"Black Blood"},{"not_picked":["Calling Bell","Cursed Key"],"picked":"Runic Cube"}],"items_purged_floors":[3,14,19,37],"is_endless":false,"potions_floor_spawned":[10,11,12,22,24,25,35,36,42,48],"ascension_level":1}