{"gold_per_floor":[118,132,147,72,72,97,97,122,122,122,148,216,226,261,261,340,340,356,281,9,9,22,50,76,88,100,138,70,95,95,95,95,168,168,178,188,88,0,11,11,38,86,86,86,86,111,111,130,130,130,130,130,130,2,30,30],"floor_reached":56,"playtime":2943,"items_purged":["Strike_B","Strike_B","Defend_B"],"score":2049,"play_id":"bc90e2db-4b3a-47c5-8bd8-0d75103049b9","local_time":"20190630195619","is_ascension_mode":true,"campfire_choices":[{"data":"Coolheaded","floor":7.0,"key":"SMITH"},{"data":"Chaos","floor":10.0,"key":"SMITH"},{"floor":15.0,"key":"REST"},{"data":"Fission","floor":25.0,"key":"SMITH"},{"floor":30.0,"key":"REST"},{"data":"Defragment","floor":32.0,"key":"SMITH"},{"data":"Seek","floor":40.0,"key":"SMITH"},{"data":"Defragment","floor":44.0,"key":"SMITH"},{"floor":47.0,"key":"REST"},{"floor":49.0,"key":"RECALL"},{"data":"Reboot","floor":53.0,"key":"SMITH"}],"neow_cost":"NONE","seed_source_timestamp":30801790809600,"circlet_count":0,"master_deck":["AscendersBane","Defend_B+1","Defend_B","Defend_B","Zap","Dualcast","White Noise+1","Doom and Gloom+1","Chaos+1","Coolheaded+1","Melter","Defragment+1","Reboot+1","Coolheaded","Ball Lightning","Echo Form","Ball Lightning+1","Self Repair","Coolheaded","Fission+1","Leap+1","Static Discharge+1","Glacier","Echo Form","Seek+1","Compile Driver+1","Glacier+1","Echo Form","Darkness+1","Fusion+1","Defragment+1","Writhe","Madness","Madness","Amplify"],"special_seed":0,"relics":["Nuclear Battery","Vajra","Prayer Wheel","The Courier","Pen Nib","War Paint","Sozu","Runic Capacitor","MawBank","Letter Opener","Bronze Scales","Art of War","Cursed Key","Red Mask","Regal Pillow","Torii","Pear","Whetstone"],"potions_floor_usage":[],"damage_taken":[{"damage":4.0,"enemies":"Jaw Worm","floor":1.0,"turns":4.0},{"damage":9.0,"enemies":"Small Slimes","floor":2.0,"turns":4.0},{"damage":7.0,"enemies":"Cultist","floor":3.0,"turns":4.0},{"damage":8.0,"enemies":"3 Sentries","floor":6.0,"turns":4.0},{"damage":10.0,"enemies":"Gremlin Nob","floor":8.0,"turns":3.0},{"damage":21.0,"enemies":"Lagavulin","floor":11.0,"turns":6.0},{"damage":7.0,"enemies":"Looter","floor":13.0,"turns":3.0},{"damage":15.0,"enemies":"3 Sentries","floor":14.0,"turns":5.0},{"damage":23.0,"enemies":"Slime Boss","floor":16.0,"turns":8.0},{"damage":11.0,"enemies":"3 Byrds","floor":18.0,"turns":5.0},{"damage":14.0,"enemies":"2 Thieves","floor":22.0,"turns":4.0},{"damage":27.0,"enemies":"Slavers","floor":23.0,"turns":5.0},{"damage":0.0,"enemies":"Sentry and Sphere","floor":24.0,"turns":3.0},{"damage":8.0,"enemies":"Gremlin Leader","floor":27.0,"turns":5.0},{"damage":27.0,"enemies":"Slavers","floor":29.0,"turns":3.0},{"damage":0.0,"enemies":"Automaton","floor":33.0,"turns":8.0},{"damage":0.0,"enemies":"Orb Walker","floor":35.0,"turns":3.0},{"damage":8.0,"enemies":"3 Darklings","floor":36.0,"turns":3.0},{"damage":10.0,"enemies":"Jaw Worm Horde","floor":39.0,"turns":3.0},{"damage":18.0,"enemies":"Giant Head","floor":41.0,"turns":8.0},{"damage":36.0,"enemies":"2 Orb Walkers","floor":42.0,"turns":4.0},{"damage":16.0,"enemies":"Reptomancer","floor":46.0,"turns":4.0},{"damage":28.0,"enemies":"Maw","floor":48.0,"turns":5.0},{"damage":8.0,"enemies":"Donu and Deca","floor":50.0,"turns":7.0},{"damage":38.0,"enemies":"Awakened One","floor":51.0,"turns":9.0},{"damage":60.0,"enemies":"Shield and Spear","floor":55.0,"turns":7.0},{"damage":83,"enemies":"The Heart","floor":56,"turns":2}],"seed_played":"-2859163771717172790","potions_obtained":[{"floor":1.0,"key":"Regen Potion"},{"floor":3.0,"key":"Dexterity Potion"},{"floor":6.0,"key":"Fire Potion"},{"floor":8.0,"key":"Energy Potion"},{"floor":13.0,"key":"Regen Potion"},{"floor":14.0,"key":"Swift Potion"}],"is_trial":false,"path_per_floor":["M","M","M","?","?","E","R","E","T","R","E","?","M","E","R","B",null,"M","?","$","?","M","E","M","R","T","E","$","E","R","?","R","B",null,"M","M","$","?","M","R","E","?","T","R","?","E","R","M","R","B","B",null,"R","$","E","B"],"character_chosen":"DEFECT","items_purchased":["Runic Capacitor","Self Repair","Amplify"],"campfire_rested":3,"item_purchase_floors":[20,20,54],"current_hp_per_floor":[60,51,44,44,49,41,41,31,31,31,10,10,12,11,33,10,60,49,49,49,49,42,22,29,29,29,28,28,8,30,30,30,37,66,73,72,72,72,76,76,72,36,36,36,22,30,70,56,56,62,38,74,74,74,28,0],"gold":30,"neow_bonus":"BOSS_RELIC","is_prod":false,"is_daily":false,"chose_seed":false,"campfire_upgraded":7,"win_rate":0,"timestamp":1561920979,"path_taken":["M","M","M","?","?","E","R","E","T","R","E","?","?","E","R","BOSS","M","?","$","?","M","E","?","R","T","E","$","E","R","?","R","BOSS","M","?","$","?","M","R","E","?","T","R","?","E","R","?","R","BOSS","BOSS","R","$","E","BOSS"],"build_version":"2019-01-23","purchased_purges":3,"victory":false,"max_hp_per_floor":[71,71,71,71,76,76,76,76,76,76,76,76,76,76,76,76,76,76,76,76,76,76,76,76,76,76,76,76,76,76,76,76,76,76,76,76,76,76,76,76,76,76,76,76,76,86,86,86,86,86,86,86,86,86,86,86],"card_choices":[{"not_picked":["Consume","Go for the Eyes"],"picked":"White Noise","floor":1.0},{"not_picked":["Undo","Stack"],"picked":"Doom and Gloom","floor":2.0},{"not_picked":["Stack","FTL"],"picked":"Chaos","floor":3.0},{"not_picked":["Hologram","Barrage"],"picked":"Coolheaded","floor":6.0},{"not_picked":["Redo","Go for the Eyes"],"picked":"Melter","floor":8.0},{"not_picked":["Scrape","Fusion"],"picked":"Defragment","floor":11.0},{"not_picked":["Ball Lightning","Go for the Eyes"],"picked":"Reboot","floor":13.0},{"not_picked":["Compile Driver","Stack"],"picked":"Coolheaded","floor":13.0},{"not_picked":["Stack","Compile Driver"],"picked":"Ball Lightning","floor":14.0},{"not_picked":["Machine Learning","Thunder Strike"],"picked":"Echo Form","floor":16.0},{"not_picked":["Redo","Rebound+1"],"picked":"Ball Lightning","floor":18.0},{"not_picked":["Streamline","Gash","Auto Shields"],"picked":"SKIP","floor":18.0},{"not_picked":["Ball Lightning","Scrape"],"picked":"Coolheaded","floor":22.0},{"not_picked":["Conserve Battery","Stack"],"picked":"Fission","floor":22.0},{"not_picked":["Meteor Strike","Rebound+1","Blizzard"],"picked":"SKIP","floor":23.0},{"not_picked":["Double Energy","Lockon"],"picked":"Leap+1","floor":24.0},{"not_picked":["Go for the Eyes","Reinforced Body"],"picked":"Static Discharge+1","floor":24.0},{"not_picked":["Steam","Static Discharge"],"picked":"Glacier","floor":27.0},{"not_picked":["Beam Cell","Recycle","Cold Snap"],"picked":"SKIP","floor":29.0},{"not_picked":["Buffer","Biased Cognition"],"picked":"Seek","floor":33.0},{"not_picked":["Rebound","Self Repair"],"picked":"Compile Driver+1","floor":35.0},{"not_picked":["Rebound","Turbo+1"],"picked":"Glacier+1","floor":35.0},{"not_picked":["Consume+1","Double Energy"],"picked":"Echo Form","floor":36.0},{"not_picked":["Coolheaded","Rebound","Leap"],"picked":"SKIP","floor":36.0},{"not_picked":["Aggregate","Rebound+1"],"picked":"Darkness+1","floor":39.0},{"not_picked":["Loop","Compile Driver","Streamline"],"picked":"SKIP","floor":39.0},{"not_picked":["Force Field+1","Sweeping Beam"],"picked":"Fusion+1","floor":41.0},{"not_picked":["Streamline","Blizzard+1"],"picked":"Defragment","floor":42.0},{"not_picked":["Gash","Barrage","Storm"],"picked":"SKIP","floor":46.0},{"not_picked":["Heatsinks","Sunder","Force Field+1"],"picked":"SKIP","floor":48.0},{"not_picked":["Auto Shields","Barrage","Gash"],"picked":"SKIP","floor":48.0},{"not_picked":["Barrage","Recycle+1","Ball Lightning"],"picked":"SKIP","floor":55.0}],"player_experience":1509238,"relics_obtained":[{"floor":6.0,"key":"Vajra"},{"floor":8.0,"key":"Prayer Wheel"},{"floor":9.0,"key":"The Courier"},{"floor":11.0,"key":"Pen Nib"},{"floor":14.0,"key":"War Paint"},{"floor":23.0,"key":"MawBank"},{"floor":26.0,"key":"Letter Opener"},{"floor":27.0,"key":"Bronze Scales"},{"floor":29.0,"key":"Art of War"},{"floor":41.0,"key":"Regal Pillow"},{"floor":42.0,"key":"Torii"},{"floor":46.0,"key":"Pear"},{"floor":55.0,"key":"Whetstone"}],"event_choices":[{"cards_removed":["Strike_B"],"damage_healed":0.0,"max_hp_gain":0.0,"max_hp_loss":0.0,"gold_gain":0.0,"event_name":"The Cleric","player_choice":"Card Removal","floor":4.0,"gold_loss":75.0,"damage_taken":0.0},{"damage_healed":0.0,"max_hp_gain":5.0,"max_hp_loss":0.0,"gold_gain":0.0,"event_name":"Big Fish","player_choice":"Donut","floor":5.0,"gold_loss":0.0,"damage_taken":0.0},{"damage_healed":0.0,"max_hp_gain":0.0,"max_hp_loss":0.0,"gold_gain":68.0,"event_name":"Golden Wing","player_choice":"Gained Gold","floor":12.0,"gold_loss":0.0,"damage_taken":0.0},{"cards_removed":["Strike_B"],"damage_healed":0.0,"max_hp_gain":0.0,"max_hp_loss":0.0,"gold_gain":0.0,"event_name":"Beggar","player_choice":"Gave Gold","floor":19.0,"gold_loss":75.0,"damage_taken":0.0},{"damage_healed":0.0,"max_hp_gain":0.0,"max_hp_loss":0.0,"gold_gain":0.0,"event_name":"N\u0027loth","player_choice":"Ignored","floor":21.0,"gold_loss":0.0,"damage_taken":0.0},{"damage_healed":0.0,"max_hp_gain":0.0,"max_hp_loss":0.0,"gold_gain":0.0,"event_name":"Match and Keep!","player_choice":"1 cards matched","floor":31.0,"gold_loss":0.0,"damage_taken":0.0,"cards_obtained":["Echo Form"]},{"damage_healed":0.0,"max_hp_gain":0.0,"max_hp_loss":0.0,"gold_gain":0.0,"event_name":"Tomb of Lord Red Mask","player_choice":"Paid","floor":38.0,"gold_loss":88.0,"damage_taken":0.0,"relics_obtained":["Red Mask"]},{"damage_healed":0.0,"max_hp_gain":0.0,"max_hp_loss":0.0,"gold_gain":0.0,"event_name":"Mysterious Sphere","player_choice":"Fight","floor":42.0,"gold_loss":0.0,"damage_taken":0.0},{"damage_healed":0.0,"max_hp_gain":0.0,"max_hp_loss":0.0,"gold_gain":0.0,"event_name":"Winding Halls","player_choice":"Embrace Madness","floor":45.0,"gold_loss":0.0,"damage_taken":14.0,"cards_obtained":["Madness","Madness"]}],"is_beta":false,"boss_relics":[{"not_picked":["Runic Pyramid","Snecko Eye"],"picked":"Sozu"},{"not_picked":["Astrolabe","Orrery"],"picked":"Cursed Key"}],"items_purged_floors":[20,28,37],"is_endless":false,"potions_floor_spawned":[1,3,6,8,13,14,23,24,27,29,41,46],"killed_by":"The Heart","ascension_level":20}