{"path_per_floor":["M","?","M","M","?","E","?","?","T","?","R","M","M","M","R"],"character_chosen":"IRONCLAD","items_purchased":[],"gold_per_floor":[119,119,142,162,162,196,153,123,123,123,123,139,153,172,172],"floor_reached":16,"campfire_rested":2,"playtime":477,"current_hp_per_floor":[80,74,74,74,79,46,46,46,46,46,69,74,61,54,77],"items_purged":[],"gold":172,"score":102,"play_id":"4da418fd-db49-4009-afd1-88b0327e7e17","is_prod":false,"is_daily":false,"is_ascension_mode":false,"campfire_upgraded":0,"path_taken":["M","?","M","M","?","E","?","?","T","?","R","M","M","M","R","BOSS"],"build_version":"2018-02-08-PROD1","purchased_purges":0,"victory":false,"master_deck":["Strike_R","Strike_R","Strike_R","Strike_R","Strike_R","Defend_R","Defend_R","Defend_R","Defend_R","Bash","Perfected Strike","Seeing Red","Infernal Blade+1","Spot Weakness","Double Tap","Pommel Strike","Flex"],"max_hp_per_floor":[80,74,74,74,79,79,79,79,79,79,79,79,79,79,79],"relics":["Burning Blood","Juzu Bracelet","Golden Idol","Ancient Tea Set","Du-Vu Doll"],"card_choices":[{"not_picked":["Cleave","Havoc"],"picked":"Perfected Strike"},{"not_picked":["Flame Barrier","Havoc"],"picked":"Seeing Red"},{"not_picked":["Twin Strike","Clothesline"],"picked":"Infernal Blade"},{"not_picked":["Wild Strike","Metallicize"],"picked":"Spot Weakness"},{"not_picked":["Sentinel","Body Slam"],"picked":"Double Tap"},{"not_picked":["Clash","Uppercut"],"picked":"Pommel Strike"},{"not_picked":["Combust","Pommel Strike"],"picked":"Flex"}],"player_experience":67847,"potions_floor_usage":[16],"damage_taken":[{"damage":6,"enemies":"Jaw Worm","floor":1,"turns":4},{"damage":5,"enemies":"Small Slimes","floor":3,"turns":3},{"damage":6,"enemies":"Cultist","floor":4,"turns":3},{"damage":39,"enemies":"Gremlin Nob","floor":6,"turns":5},{"damage":1,"enemies":"3 Louse","floor":12,"turns":2},{"damage":19,"enemies":"Large Slime","floor":13,"turns":6},{"damage":13,"enemies":"2 Fungi Beasts","floor":14,"turns":3},{"damage":79,"enemies":"The Guardian","floor":16,"turns":10}],"event_choices":[{"event_name":"Golden Idol","player_choice":"Lose Max HP","floor":2,"damage_taken":0},{"event_name":"Big Fish","player_choice":"Donut","floor":5,"damage_taken":0},{"event_name":"World of Goop","player_choice":"Left","floor":7,"damage_taken":0},{"event_name":"The Woman in Blue","player_choice":"Bought 2 Potions","floor":8,"damage_taken":0},{"event_name":"Living Wall","player_choice":"Grow","floor":10,"damage_taken":0}],"boss_relics":[],"potions_floor_spawned":[6,12,13,14],"seed_played":"-4481879006965497902","killed_by":"The Guardian","ascension_level":0,"is_trial":false}