{"gold_per_floor":[116,136,47,47,62,96,96,107,107,137,154,119,119,139,139,232,232,246,261,25,25,25],"floor_reached":22,"playtime":708,"items_purged":["Decay"],"score":392,"play_id":"a114a8f0-8b11-4724-b23c-301fb28536c7","local_time":"20190704140511","is_ascension_mode":true,"campfire_choices":[{"data":"Skewer","floor":7.0,"key":"SMITH"},{"floor":15.0,"key":"REST"}],"neow_cost":"NONE","seed_source_timestamp":5880777425878742,"circlet_count":0,"master_deck":["AscendersBane","Strike_G","Strike_G","Strike_G","Strike_G","Strike_G","Defend_G","Defend_G","Defend_G","Defend_G","Defend_G","Survivor","Neutralize","Backstab","Slice","Infinite Blades","Skewer+1","Corpse Explosion","Blur","Sucker Punch","PiercingWail","Escape Plan","Glass Knife","Dagger Spray","Dodge and Roll","Well Laid Plans+1","Escape Plan"],"special_seed":0,"relics":["Ring of the Snake","NeowsBlessing","Frozen Egg 2","Shuriken","Darkstone Periapt","Golden Idol","WristBlade"],"potions_floor_usage":[22],"damage_taken":[{"damage":0.0,"enemies":"Jaw Worm","floor":1.0,"turns":1.0},{"damage":0.0,"enemies":"Cultist","floor":2.0,"turns":1.0},{"damage":0.0,"enemies":"Small Slimes","floor":5.0,"turns":1.0},{"damage":31.0,"enemies":"3 Sentries","floor":6.0,"turns":11.0},{"damage":0.0,"enemies":"Blue Slaver","floor":8.0,"turns":1.0},{"damage":21.0,"enemies":"Lagavulin","floor":10.0,"turns":8.0},{"damage":0.0,"enemies":"2 Fungi Beasts","floor":11.0,"turns":2.0},{"damage":4.0,"enemies":"Red Slaver","floor":14.0,"turns":5.0},{"damage":36.0,"enemies":"Slime Boss","floor":16.0,"turns":9.0},{"damage":25.0,"enemies":"2 Thieves","floor":18.0,"turns":4.0},{"damage":0.0,"enemies":"Chosen","floor":19.0,"turns":4.0},{"damage":27,"enemies":"Sentry and Sphere","floor":22,"turns":4}],"seed_played":"7122913515102531961","potions_obtained":[{"floor":2.0,"key":"Weak Potion"},{"floor":6.0,"key":"SteroidPotion"},{"floor":8.0,"key":"EssenceOfSteel"},{"floor":16.0,"key":"Explosive Potion"},{"floor":18.0,"key":"SkillPotion"},{"floor":19.0,"key":"Energy Potion"}],"is_trial":false,"path_per_floor":["M","M","$","?","M","E","R","M","T","E","M","?","?","M","R","B",null,"M","M","$","?","M"],"character_chosen":"THE_SILENT","items_purchased":["Infinite Blades","Well Laid Plans+1","Escape Plan"],"campfire_rested":1,"item_purchase_floors":[3,20,20],"current_hp_per_floor":[59,59,59,59,59,28,28,28,28,7,7,23,23,19,37,1,45,20,20,20,20,0],"gold":25,"neow_bonus":"THREE_ENEMY_KILL","is_prod":false,"is_daily":false,"chose_seed":false,"campfire_upgraded":1,"win_rate":0,"timestamp":1562263511,"path_taken":["M","M","$","?","M","E","R","?","T","E","M","?","?","M","R","BOSS","M","M","$","?","?"],"build_version":"2019-07-01","purchased_purges":1,"victory":false,"max_hp_per_floor":[66,66,66,66,66,66,66,66,66,66,66,66,60,60,60,60,60,60,60,60,60,60],"card_choices":[{"not_picked":["Blade Dance","Underhanded Strike"],"picked":"Backstab","floor":1.0},{"not_picked":["Deflect","Dagger Throw"],"picked":"Slice","floor":2.0},{"not_picked":["Blade Dance","Poisoned Stab"],"picked":"Skewer","floor":5.0},{"not_picked":["All Out Attack","Escape Plan"],"picked":"Corpse Explosion","floor":6.0},{"not_picked":["Eviscerate","Deadly Poison"],"picked":"Blur","floor":8.0},{"not_picked":["Distraction","Eviscerate"],"picked":"Sucker Punch","floor":10.0},{"not_picked":["Dodge and Roll","Bane"],"picked":"PiercingWail","floor":11.0},{"not_picked":["Poisoned Stab","Venomology"],"picked":"Escape Plan","floor":14.0},{"not_picked":["Storm of Steel","Adrenaline"],"picked":"Glass Knife","floor":16.0},{"not_picked":["Outmaneuver","Sucker Punch"],"picked":"Dagger Spray","floor":18.0},{"not_picked":["Bane","Concentrate"],"picked":"Dodge and Roll","floor":19.0}],"player_experience":854894,"relics_obtained":[{"floor":6.0,"key":"Frozen Egg 2"},{"floor":9.0,"key":"Shuriken"},{"floor":10.0,"key":"Darkstone Periapt"}],"event_choices":[{"damage_healed":0.0,"max_hp_gain":0.0,"max_hp_loss":0.0,"gold_gain":0.0,"event_name":"Wheel of Change","player_choice":"Cursed","floor":4.0,"gold_loss":0.0,"damage_taken":0.0,"cards_obtained":["Decay"]},{"damage_healed":16.0,"max_hp_gain":0.0,"max_hp_loss":0.0,"gold_gain":0.0,"event_name":"The Cleric","player_choice":"Healed","floor":12.0,"gold_loss":35.0,"damage_taken":0.0},{"damage_healed":0.0,"max_hp_gain":0.0,"max_hp_loss":6.0,"gold_gain":0.0,"event_name":"Golden Idol","player_choice":"Lose Max HP","floor":13.0,"gold_loss":0.0,"damage_taken":0.0,"relics_obtained":["Golden Idol"]},{"damage_healed":0,"gold_gain":0,"player_choice":"Leave","damage_taken":0,"max_hp_gain":0,"max_hp_loss":0,"event_name":"FaceTrader","floor":21,"gold_loss":0}],"is_beta":false,"boss_relics":[{"not_picked":["HoveringKite","Sozu"],"picked":"WristBlade"}],"items_purged_floors":[20],"is_endless":false,"potions_floor_spawned":[2,6,8,16,18,19],"killed_by":"Sentry and Sphere","ascension_level":20}