{"gold_per_floor":[119,194,211,211,211,239,134,134,134,150,150,162,162,180,180,252,252,263,273,273,227,227,257,276,276,303,328,328,344,364,374,374,450,450,463,42,97,107,107,107,107,0,24,43,43,43,43,56,56,56],"floor_reached":51,"playtime":2623,"items_purged":["Strike_B"],"score":1313,"play_id":"6f61da6b-14fe-40e7-a5ef-9d15f5f6558b","local_time":"20181005193849","is_ascension_mode":true,"campfire_choices":[{"floor":8.0,"key":"REST"},{"data":"Biased Cognition","floor":11.0,"key":"SMITH"},{"data":"Conserve Battery","floor":13.0,"key":"SMITH"},{"floor":15.0,"key":"REST"},{"floor":25.0,"key":"REST"},{"floor":28.0,"key":"REST"},{"floor":32.0,"key":"REST"},{"floor":40.0,"key":"DIG"},{"floor":41.0,"key":"DIG"},{"floor":47.0,"key":"DIG"},{"floor":49.0,"key":"REST"}],"neow_cost":"NONE","seed_source_timestamp":0,"circlet_count":0,"master_deck":["Zap+1","Dualcast","AscendersBane","Ball Lightning","Glacier","Glacier","Conserve Battery+1","Biased Cognition+1","Leap","Seek","Doom and Gloom","Genetic Algorithm","Conserve Battery","Leap","Barrage","Reinforced Body","Compile Driver","Go for the Eyes","Defragment","Lockon","Fusion+1","Stack","Electrodynamics","Ball Lightning+1","Rebound+1","Stack","Parasite","Apotheosis+1","Defragment"],"special_seed":0,"relics":["Cracked Core","Boot","Ornamental Fan","Pandora\u0027s Box","Enchiridion","Pocketwatch","Blood Vial","Mango","Cursed Key","Du-Vu Doll","WingedGreaves","Shovel","Toxic Egg 2","Smiling Mask","Red Mask","Juzu Bracelet","Happy Flower"],"potions_floor_usage":[50,50],"damage_taken":[{"damage":7.0,"enemies":"Small Slimes","floor":1.0,"turns":3.0},{"damage":3.0,"enemies":"2 Louse","floor":3.0,"turns":3.0},{"damage":26.0,"enemies":"Lagavulin","floor":6.0,"turns":8.0},{"damage":0.0,"enemies":"Jaw Worm","floor":10.0,"turns":4.0},{"damage":5.0,"enemies":"3 Louse","floor":12.0,"turns":5.0},{"damage":0.0,"enemies":"2 Fungi Beasts","floor":14.0,"turns":3.0},{"damage":21.0,"enemies":"Slime Boss","floor":16.0,"turns":17.0},{"damage":5.0,"enemies":"Spheric Guardian","floor":18.0,"turns":6.0},{"damage":0.0,"enemies":"Shell Parasite","floor":19.0,"turns":7.0},{"damage":21.0,"enemies":"Book of Stabbing","floor":23.0,"turns":8.0},{"damage":1.0,"enemies":"Centurion and Healer","floor":24.0,"turns":9.0},{"damage":56.0,"enemies":"Slavers","floor":27.0,"turns":7.0},{"damage":3.0,"enemies":"Cultist and Chosen","floor":29.0,"turns":8.0},{"damage":20.0,"enemies":"Shelled Parasite and Fungi","floor":30.0,"turns":5.0},{"damage":3.0,"enemies":"Snecko","floor":31.0,"turns":7.0},{"damage":71.0,"enemies":"Collector","floor":33.0,"turns":11.0},{"damage":2.0,"enemies":"Orb Walker","floor":35.0,"turns":4.0},{"damage":11.0,"enemies":"Mysterious Sphere","floor":37.0,"turns":2.0},{"damage":0.0,"enemies":"3 Shapes","floor":38.0,"turns":4.0},{"damage":2.0,"enemies":"Mind Bloom Boss Battle","floor":39.0,"turns":6.0},{"damage":25.0,"enemies":"Transient","floor":44.0,"turns":6.0},{"damage":24.0,"enemies":"4 Shapes","floor":48.0,"turns":4.0},{"damage":70,"enemies":"Time Eater","floor":50,"turns":16}],"seed_played":"-8315222415632711142","potions_obtained":[{"floor":1.0,"key":"SteroidPotion"},{"floor":10.0,"key":"PowerPotion"},{"floor":16.0,"key":"SkillPotion"},{"floor":23.0,"key":"PowerPotion"},{"floor":29.0,"key":"Strength Potion"},{"floor":30.0,"key":"Weak Potion"},{"floor":31.0,"key":"Strength Potion"},{"floor":37.0,"key":"GamblersBrew"},{"floor":38.0,"key":"Regen Potion"},{"floor":44.0,"key":"Energy Potion"}],"is_trial":false,"path_per_floor":["M","?","M","?","?","E","$","R","T","M","R","M","R","M","R","B",null,"M","M","?","$","?","E","M","R","T","E","R","M","M","M","R","B",null,"M","$","?","M","?","R","R","?","T","M","?","?","R","M","R","B"],"character_chosen":"DEFECT","items_purchased":["Conserve Battery","Defragment","Du-Vu Doll","FocusPotion"],"campfire_rested":6,"item_purchase_floors":[7,21,36,36],"current_hp_per_floor":[64,53,50,50,50,24,24,47,47,47,47,42,42,42,65,44,70,72,78,73,73,52,38,44,67,67,34,61,67,56,62,89,27,76,76,76,67,76,92,92,92,92,92,67,67,67,67,45,72,4],"gold":56,"neow_bonus":"TEN_PERCENT_HP_BONUS","is_prod":false,"is_daily":false,"chose_seed":false,"campfire_upgraded":2,"win_rate":0,"timestamp":1538782729,"path_taken":["M","?","M","?","?","E","$","R","T","?","R","?","R","M","R","BOSS","M","M","?","$","?","E","M","R","T","E","R","M","?","M","R","BOSS","M","$","?","M","?","R","R","?","T","M","?","?","R","M","R","BOSS"],"build_version":"2018-10-04","purchased_purges":1,"victory":true,"max_hp_per_floor":[78,78,78,78,78,78,78,78,78,78,78,78,78,78,78,78,78,78,78,78,78,78,78,78,78,78,92,92,92,92,92,92,92,92,92,92,92,92,92,92,92,92,92,92,92,92,92,92,92,92],"card_choices":[{"not_picked":["Chill","Barrage"],"picked":"Ball Lightning","floor":1.0},{"not_picked":["Steam","Undo"],"picked":"Glacier","floor":3.0},{"not_picked":["Tempest","Chill"],"picked":"Glacier","floor":6.0},{"not_picked":["Ball Lightning","Coolheaded"],"picked":"Biased Cognition","floor":10.0},{"not_picked":["Tempest","Reprogram","Coolheaded"],"picked":"SKIP","floor":12.0},{"not_picked":["Static Discharge","Sweeping Beam"],"picked":"Leap","floor":14.0},{"not_picked":["Thunder Strike","All For One"],"picked":"Seek","floor":16.0},{"not_picked":["Melter","Barrage"],"picked":"Compile Driver","floor":18.0},{"not_picked":["Chill+1","Conserve Battery"],"picked":"Go for the Eyes","floor":19.0},{"not_picked":["Barrage","Leap","Stack"],"picked":"SKIP","floor":23.0},{"not_picked":["Barrage","Leap","Consume"],"picked":"SKIP","floor":24.0},{"not_picked":["Hello World","Sweeping Beam"],"picked":"Lockon","floor":27.0},{"not_picked":["Compile Driver","Hologram"],"picked":"Fusion+1","floor":29.0},{"not_picked":["Redo+1","Chaos","Barrage"],"picked":"SKIP","floor":30.0},{"not_picked":["Redo","Hologram"],"picked":"Stack","floor":31.0},{"not_picked":["All For One","Multi-Cast"],"picked":"Electrodynamics","floor":33.0},{"not_picked":["Barrage","Conserve Battery+1"],"picked":"Ball Lightning+1","floor":35.0},{"not_picked":["Beam Cell","Tempest+1"],"picked":"Rebound+1","floor":37.0},{"not_picked":["Storm","Heatsinks"],"picked":"Stack","floor":38.0},{"not_picked":["Hello World","Beam Cell","Amplify+1"],"picked":"SKIP","floor":44.0},{"not_picked":["Bandage Up+1","Swift Strike"],"picked":"Apotheosis+1","floor":46.0},{"not_picked":["Barrage","Stack+1"],"picked":"Defragment","floor":48.0}],"player_experience":356981,"relics_obtained":[{"floor":6.0,"key":"Boot"},{"floor":9.0,"key":"Ornamental Fan"},{"floor":22.0,"key":"Enchiridion"},{"floor":23.0,"key":"Pocketwatch"},{"floor":26.0,"key":"Blood Vial"},{"floor":27.0,"key":"Mango"},{"floor":37.0,"key":"WingedGreaves"},{"floor":39.0,"key":"Shovel"},{"floor":40.0,"key":"Toxic Egg 2"},{"floor":41.0,"key":"Smiling Mask"},{"floor":43.0,"key":"Juzu Bracelet"},{"floor":47.0,"key":"Happy Flower"}],"event_choices":[{"event_name":"World of Goop","player_choice":"Gather Gold","floor":2.0,"damage_taken":0.0},{"event_name":"Shining Light","player_choice":"Ignored","floor":4.0,"damage_taken":0.0},{"event_name":"Living Wall","player_choice":"Grow","floor":5.0,"damage_taken":0.0},{"event_name":"Designer","player_choice":"Punch","floor":20.0,"damage_taken":0.0},{"event_name":"Cursed Tome","player_choice":"Obtained Book","floor":22.0,"damage_taken":0.0},{"event_name":"Mysterious Sphere","player_choice":"Fight","floor":37.0,"damage_taken":0.0},{"event_name":"MindBloom","player_choice":"Fight","floor":39.0,"damage_taken":0.0},{"event_name":"Tomb of Lord Red Mask","player_choice":"Paid","floor":42.0,"damage_taken":0.0},{"event_name":"Falling","player_choice":"Removed Power","floor":45.0,"damage_taken":0.0},{"event_name":"SensoryStone","player_choice":"Memory 1","floor":46.0,"damage_taken":0.0}],"is_beta":false,"boss_relics":[{"not_picked":["Velvet Choker","Sozu"],"picked":"Pandora\u0027s Box"},{"not_picked":["FrozenCore","Lizard Tail"],"picked":"Cursed Key"}],"items_purged_floors":[7],"is_endless":false,"potions_floor_spawned":[1,10,16,23,29,30,31,37,38,44],"ascension_level":19}