{"gold_per_floor":[17,17,17,37,37,37,78,78,78,92,92,116,132,150,150,280,280,303,228,253,253,253,288,288,151,151,151,151,151,174,189,189,189],"floor_reached":33,"playtime":1368,"items_purged":["Strike_R","Strike_R"],"score":383,"play_id":"2cb5e235-02da-499f-b407-5a4960c18f7d","local_time":"20190708143036","is_ascension_mode":true,"campfire_choices":[{"data":"Armaments","floor":6,"key":"SMITH"},{"data":"Uppercut","floor":8,"key":"SMITH"},{"floor":15,"key":"REST"},{"floor":24,"key":"REST"},{"floor":28,"key":"REST"},{"floor":32,"key":"REST"}],"neow_cost":"NO_GOLD","seed_source_timestamp":53321591598172,"circlet_count":0,"master_deck":["Strike_R","Strike_R","Strike_R","Defend_R","Defend_R","Defend_R","Defend_R","Bash","Uppercut+1","Armaments+1","Metallicize","Evolve","Burning Pact","Headbutt","Shrug It Off","Reckless Charge","Body Slam","Anger","Cleave","Impervious","Wild Strike","Writhe","Inflame","RitualDagger","Rampage+1"],"relics":["Burning Blood","Prayer Wheel","Golden Idol","Spirit Poop","Nunchaku","Happy Flower","Sozu","Pantograph","Potion Belt","Pear","Paper Frog"],"potions_floor_usage":[23,33],"damage_taken":[{"damage":10,"enemies":"Jaw Worm","floor":1,"turns":6},{"damage":1,"enemies":"Cultist","floor":4,"turns":4},{"damage":34,"enemies":"Lagavulin","floor":7,"turns":10},{"damage":0,"enemies":"Small Slimes","floor":10,"turns":3},{"damage":1,"enemies":"Exordium Wildlife","floor":12,"turns":4},{"damage":5,"enemies":"Blue Slaver","floor":13,"turns":5},{"damage":1,"enemies":"2 Fungi Beasts","floor":14,"turns":4},{"damage":15,"enemies":"The Guardian","floor":16,"turns":14},{"damage":14,"enemies":"Shell Parasite","floor":18,"turns":6},{"damage":16,"enemies":"2 Thieves","floor":20,"turns":5},{"damage":51,"enemies":"Slavers","floor":23,"turns":7},{"damage":13,"enemies":"Snecko","floor":30,"turns":4},{"damage":9,"enemies":"Cultist and Chosen","floor":31,"turns":6},{"damage":92,"enemies":"Automaton","floor":33,"turns":10}],"seed_played":"-4764687801764721890","potions_obtained":[{"floor":7,"key":"SpeedPotion"},{"floor":13,"key":"EssenceOfSteel"},{"floor":14,"key":"SpeedPotion"},{"floor":16,"key":"PowerPotion"}],"is_trial":false,"path_per_floor":["M","?","?","M","$","R","E","R","T","M","$","M","M","M","R","B",null,"M","$","M","?","?","E","R","$","T","T","R","?","M","M","R","B"],"character_chosen":"IRONCLAD","items_purchased":["Inflame"],"campfire_rested":4,"item_purchase_floors":[25],"current_hp_per_floor":[68,68,68,73,73,73,45,45,45,51,51,56,57,62,80,71,78,70,70,60,60,60,15,39,39,49,49,76,70,63,60,87,0],"gold":189,"neow_bonus":"ONE_RARE_RELIC","is_prod":false,"is_daily":false,"chose_seed":false,"campfire_upgraded":2,"win_rate":0,"timestamp":1562567436,"path_taken":["M","?","?","M","$","R","E","R","T","M","$","?","M","M","R","BOSS","M","$","M","?","?","E","R","?","T","?","R","?","M","M","R","BOSS"],"build_version":"2019-07-05","purchased_purges":2,"victory":false,"max_hp_per_floor":[80,80,80,80,80,80,80,80,80,80,80,80,80,80,80,80,80,80,80,80,80,80,80,80,80,90,90,90,90,90,90,90,90],"card_choices":[{"not_picked":["Clash","Power Through"],"picked":"Uppercut","floor":1},{"not_picked":["Intimidate","Pommel Strike"],"picked":"Armaments","floor":1},{"not_picked":["Warcry","Armaments"],"picked":"Metallicize","floor":4},{"not_picked":["Carnage","Warcry"],"picked":"Evolve","floor":4},{"not_picked":["True Grit","Havoc"],"picked":"Burning Pact","floor":7},{"not_picked":["Warcry","Evolve"],"picked":"Headbutt","floor":10},{"not_picked":["Second Wind","Flex"],"picked":"Shrug It Off","floor":10},{"not_picked":["Shrug It Off","Evolve"],"picked":"Reckless Charge","floor":12},{"not_picked":["Iron Wave","Hemokinesis","Wild Strike"],"picked":"SKIP","floor":12},{"not_picked":["Iron Wave","Hemokinesis","Wild Strike"],"picked":"SKIP","floor":12},{"not_picked":["Entrench","Rupture"],"picked":"Body Slam","floor":13},{"not_picked":["Perfected Strike","Juggernaut","Flex"],"picked":"SKIP","floor":13},{"not_picked":["Pommel Strike","Juggernaut"],"picked":"Anger","floor":14},{"not_picked":["Body Slam","Pummel"],"picked":"Cleave","floor":14},{"not_picked":["Offering","Exhume"],"picked":"Impervious","floor":16},{"not_picked":["Perfected Strike","Clothesline","Twin Strike"],"picked":"SKIP","floor":18},{"not_picked":["Anger","Armaments","Pummel"],"picked":"SKIP","floor":18},{"not_picked":["Twin Strike","Dropkick"],"picked":"Wild Strike","floor":20},{"not_picked":["Corruption+1","Clothesline","Warcry"],"picked":"SKIP","floor":20},{"not_picked":["Twin Strike+1","Carnage","Hemokinesis+1"],"picked":"SKIP","floor":23},{"not_picked":["Exhume","Blood for Blood+1"],"picked":"Rampage+1","floor":30},{"not_picked":["Uppercut","Cleave","Headbutt"],"picked":"SKIP","floor":30},{"not_picked":["Body Slam+1","Fire Breathing","Reckless Charge"],"picked":"SKIP","floor":31},{"not_picked":["Perfected Strike","Metallicize","Twin Strike+1"],"picked":"SKIP","floor":31}],"player_experience":1027514,"relics_obtained":[{"floor":7,"key":"Nunchaku"},{"floor":9,"key":"Happy Flower"},{"floor":23,"key":"Potion Belt"},{"floor":26,"key":"Pear"},{"floor":27,"key":"Paper Frog"}],"event_choices":[{"damage_healed":0,"gold_gain":0,"player_choice":"Take Wound","damage_taken":0,"relics_obtained":["Golden Idol"],"max_hp_gain":0,"max_hp_loss":0,"event_name":"Golden Idol","floor":2,"gold_loss":0,"cards_obtained":["Injury"]},{"cards_removed":["Injury"],"damage_healed":0,"gold_gain":0,"player_choice":"Offered Curse","damage_taken":0,"relics_obtained":["Spirit Poop"],"max_hp_gain":0,"max_hp_loss":0,"event_name":"Bonfire Elementals","floor":3,"gold_loss":0},{"damage_healed":0,"gold_gain":0,"player_choice":"Ignored","damage_taken":0,"max_hp_gain":0,"max_hp_loss":0,"event_name":"Ghosts","floor":21,"gold_loss":0},{"damage_healed":0,"gold_gain":0,"player_choice":"Opened","damage_taken":0,"relics_obtained":["Pantograph"],"max_hp_gain":0,"max_hp_loss":0,"event_name":"The Mausoleum","floor":22,"gold_loss":0,"cards_obtained":["Writhe"]},{"damage_healed":0,"gold_gain":0,"player_choice":"Joined the Cult","damage_taken":6,"max_hp_gain":0,"max_hp_loss":0,"event_name":"Nest","floor":29,"gold_loss":0,"cards_obtained":["RitualDagger"]}],"is_beta":false,"boss_relics":[{"not_picked":["Philosopher\u0027s Stone","Eternal Feather"],"picked":"Sozu"}],"items_purged_floors":[19,25],"is_endless":false,"potions_floor_spawned":[7,13,14,16,18,31],"killed_by":"Automaton","ascension_level":9}