{"gold_per_floor":[117,129,141,66,66,66,66,95,95,95,95,95,95,110,110,184,184,198,248,265,56,73,101,114,114,114,114,114,134,150,178,178,251,251,270,154,0,0,0,300,329,329,353,353,367,367,386,403,403,403],"floor_reached":51,"playtime":2293,"items_purged":["Strike_B"],"score":1298,"play_id":"6a3abe01-e333-4fc4-ae7d-5c5533dd2ced","local_time":"20180819172936","is_ascension_mode":true,"campfire_choices":[{"data":"Zap","floor":6.0,"key":"SMITH"},{"data":"Go for the Eyes","floor":10.0,"key":"SMITH"},{"data":"Go for the Eyes","floor":12.0,"key":"SMITH"},{"data":"Cold Snap","floor":15.0,"key":"SMITH"},{"floor":25.0,"key":"DIG"},{"floor":27.0,"key":"DIG"},{"floor":32.0,"key":"REST"},{"floor":40.0,"key":"DIG"},{"floor":44.0,"key":"DIG"},{"floor":46.0,"key":"DIG"},{"data":"Capacitor","floor":49,"key":"SMITH"}],"neow_cost":"NONE","seed_source_timestamp":3701601069930310,"circlet_count":0,"master_deck":["Strike_B","Defend_B","Defend_B","Zap+1","Dualcast","AscendersBane","Leap","Go for the Eyes+1","Cold Snap+1","BootSequence+1","Go for the Eyes+1","Echo Form+1","Self Repair+1","Cold Snap","Hologram+1","Electrodynamics","Ball Lightning+1","Turbo+1","Glacier+1","Seek+1","Ball Lightning","Capacitor+1","Cold Snap+1","Compile Driver+1","Reinforced Body+1","Conserve Battery+1"],"special_seed":0,"relics":["Cracked Core","The Courier","Mummified Hand","Empty Cage","Kunai","Shovel","DataDisk","Toxic Egg 2","War Paint","Bottled Flame","Nuclear Battery","Red Mask","Molten Egg 2","Old Coin","Bottled Lightning","StoneCalendar","Bronze Scales","Dodecahedron","Mercury Hourglass"],"potions_floor_usage":[],"damage_taken":[{"damage":0.0,"enemies":"Small Slimes","floor":1.0,"turns":3.0},{"damage":0.0,"enemies":"Cultist","floor":2.0,"turns":3.0},{"damage":1.0,"enemies":"2 Louse","floor":3.0,"turns":2.0},{"damage":2.0,"enemies":"3 Sentries","floor":8.0,"turns":10.0},{"damage":0.0,"enemies":"2 Fungi Beasts","floor":14.0,"turns":3.0},{"damage":0.0,"enemies":"The Guardian","floor":16.0,"turns":17.0},{"damage":0.0,"enemies":"Chosen","floor":18.0,"turns":4.0},{"damage":0.0,"enemies":"Shell Parasite","floor":20.0,"turns":7.0},{"damage":30.0,"enemies":"Snake Plant","floor":22.0,"turns":7.0},{"damage":24.0,"enemies":"Slavers","floor":23.0,"turns":7.0},{"damage":1.0,"enemies":"Centurion and Healer","floor":24.0,"turns":10.0},{"damage":13.0,"enemies":"Sentry and Sphere","floor":29.0,"turns":8.0},{"damage":16.0,"enemies":"Snecko","floor":30.0,"turns":5.0},{"damage":26.0,"enemies":"Book of Stabbing","floor":31.0,"turns":6.0},{"damage":29.0,"enemies":"Champ","floor":33.0,"turns":12.0},{"damage":3.0,"enemies":"3 Shapes","floor":35.0,"turns":7.0},{"damage":42.0,"enemies":"Nemesis","floor":41.0,"turns":10.0},{"damage":0.0,"floor":42.0,"turns":6.0},{"damage":8.0,"enemies":"Flame Bruiser 1 Orb","floor":45.0,"turns":5.0},{"damage":0.0,"enemies":"Maw","floor":47.0,"turns":7.0},{"damage":0.0,"enemies":"3 Darklings","floor":48.0,"turns":3.0},{"damage":11,"enemies":"Awakened One","floor":50,"turns":15}],"seed_played":"4607976596051287933","potions_obtained":[{"floor":3.0,"key":"Weak Potion"},{"floor":5.0,"key":"EssenceOfSteel"},{"floor":14.0,"key":"FocusPotion"},{"floor":22.0,"key":"Block Potion"},{"floor":23.0,"key":"Block Potion"},{"floor":29.0,"key":"Fire Potion"},{"floor":30.0,"key":"Block Potion"},{"floor":31.0,"key":"FocusPotion"},{"floor":45.0,"key":"Ancient Potion"}],"is_trial":false,"path_per_floor":["M","M","M","$","?","R","?","E","T","R","$","R","?","M","R","B",null,"M","?","M","$","M","E","M","R","T","R","?","M","M","E","R","B",null,"M","$","?","?","T","R","E","?","T","R","M","R","M","M","R","B"],"character_chosen":"DEFECT","items_purchased":["BootSequence","Kunai","Capacitor"],"campfire_rested":1,"item_purchase_floors":[4,21,36],"current_hp_per_floor":[71,71,70,70,70,70,63,61,61,61,61,61,61,61,61,61,74,74,74,78,78,68,64,73,73,73,73,73,78,72,56,78,69,76,78,78,78,78,78,78,46,66,66,66,78,78,78,78,78,67],"gold":403,"neow_bonus":"TEN_PERCENT_HP_BONUS","is_prod":false,"is_daily":false,"chose_seed":false,"campfire_upgraded":5,"win_rate":0,"timestamp":1534714176,"path_taken":["M","M","M","$","?","R","?","E","T","R","$","R","?","M","R","BOSS","M","?","M","$","M","E","M","R","T","R","?","M","?","E","R","BOSS","M","$","?","?","?","R","E","?","T","R","M","R","M","?","R","BOSS"],"build_version":"2018-08-16","purchased_purges":1,"victory":true,"max_hp_per_floor":[78,78,78,78,78,78,78,78,78,78,78,78,78,78,78,78,78,78,78,78,78,78,78,78,78,78,78,78,78,78,78,78,78,78,78,78,78,78,78,78,78,78,78,78,78,78,78,78,78,78],"card_choices":[{"not_picked":["Barrage","Static Discharge"],"picked":"Leap","floor":1.0},{"not_picked":["Beam Cell","Steam"],"picked":"Go for the Eyes","floor":2.0},{"not_picked":["Streamline","Hello World"],"picked":"Cold Snap","floor":3.0},{"not_picked":["Beam Cell","White Noise"],"picked":"Go for the Eyes","floor":8.0},{"not_picked":["Steam Power","Fusion","Darkness"],"picked":"SKIP","floor":14.0},{"not_picked":["Reboot","Amplify"],"picked":"Echo Form","floor":16.0},{"not_picked":["Storm","Lockon"],"picked":"Self Repair+1","floor":18.0},{"not_picked":["Steam Power","Redo"],"picked":"Cold Snap","floor":20.0},{"not_picked":["Rebound","Self Repair"],"picked":"Hologram","floor":22.0},{"not_picked":["Beam Cell","Sunder"],"picked":"Electrodynamics","floor":23.0},{"not_picked":["Redo","Go for the Eyes","Aggregate"],"picked":"SKIP","floor":24.0},{"not_picked":["Turbo+1","Hologram+1"],"picked":"Ball Lightning+1","floor":29.0},{"not_picked":["Tempest+1","Multi-Cast+1"],"picked":"Turbo+1","floor":30.0},{"not_picked":["Stack+1","Barrage+1"],"picked":"Glacier+1","floor":31.0},{"not_picked":["Meteor Strike","Electrodynamics"],"picked":"Seek+1","floor":33.0},{"not_picked":["Consume+1","Coolheaded+1"],"picked":"Ball Lightning","floor":35.0},{"not_picked":["Meteor Strike+1","Tempest+1"],"picked":"Cold Snap+1","floor":41.0},{"not_picked":["Scrape+1","Rebound+1"],"picked":"Compile Driver+1","floor":45.0},{"not_picked":["Undo+1","Melter+1"],"picked":"Reinforced Body+1","floor":47.0},{"not_picked":["Recycle+1","Coolheaded+1"],"picked":"Conserve Battery+1","floor":48.0}],"player_experience":272723,"relics_obtained":[{"floor":8.0,"key":"The Courier"},{"floor":9.0,"key":"Mummified Hand"},{"floor":23.0,"key":"Shovel"},{"floor":25.0,"key":"DataDisk"},{"floor":26.0,"key":"Toxic Egg 2"},{"floor":27.0,"key":"War Paint"},{"floor":31.0,"key":"Bottled Flame"},{"floor":39.0,"key":"Molten Egg 2"},{"floor":40.0,"key":"Old Coin"},{"floor":41.0,"key":"Bottled Lightning"},{"floor":42.0,"key":"StoneCalendar"},{"floor":43.0,"key":"Bronze Scales"},{"floor":44.0,"key":"Dodecahedron"},{"floor":46.0,"key":"Mercury Hourglass"}],"event_choices":[{"event_name":"The Lab","player_choice":"Got Potions","floor":5.0,"damage_taken":0.0},{"event_name":"Golden Wing","player_choice":"Card Removal","floor":7.0,"damage_taken":0.0},{"event_name":"Bonfire Elementals","player_choice":"BASIC","floor":13.0,"damage_taken":0.0},{"event_name":"Nest","player_choice":"Stole From Cult","floor":19.0,"damage_taken":0.0},{"event_name":"Ghosts","player_choice":"Ignored","floor":28.0,"damage_taken":0.0},{"event_name":"Tomb of Lord Red Mask","player_choice":"Paid","floor":37.0,"damage_taken":0.0},{"event_name":"Upgrade Shrine","player_choice":"Upgraded","floor":38.0,"damage_taken":0.0},{"event_name":"MindBloom","player_choice":"Fight","floor":42.0,"damage_taken":0.0}],"is_beta":false,"boss_relics":[{"not_picked":["Runic Pyramid","Tiny House"],"picked":"Empty Cage"},{"not_picked":["Velvet Choker","Runic Dome"],"picked":"Nuclear Battery"}],"items_purged_floors":[36],"is_endless":false,"potions_floor_spawned":[3,14,16,22,23,29,30,31,45],"ascension_level":15}