{"gold_per_floor":[109,124,104,204,221,221,238,238,238,271,287,319,329,341,341,437,467,433,433,433,451,464,464],"floor_reached":23,"playtime":1298,"items_purged":[],"score":205,"play_id":"1c8d088c-3901-42a9-b9f3-b59c3f76a2ae","local_time":"20180708125927","is_ascension_mode":false,"campfire_choices":[{"data":"Deadly Poison","floor":6,"key":"SMITH"},{"data":"Dodge and Roll","floor":8,"key":"SMITH"},{"floor":15,"key":"REST"}],"neow_cost":"NONE","seed_source_timestamp":0,"circlet_count":0,"master_deck":["Defend_G","Defend_G","Defend_G+1","Defend_G","Defend_G","Strike_G","Survivor","Neutralize","Choke+1","Crippling Poison+1","Bane+1","Deadly Poison+1","Dodge and Roll+1","Malaise","Tactician","Calculated Gamble","Quick Slash","Reflex","Noxious Fumes+1","Backflip","Footwork"],"special_seed":17720,"relics":["Astrolabe","Ancient Tea Set","Matryoshka","Bag of Preparation","Tiny House"],"potions_floor_usage":[],"damage_taken":[{"damage":0,"enemies":"2 Louse","floor":1,"turns":3},{"damage":0,"enemies":"Cultist","floor":2,"turns":4},{"damage":3,"enemies":"Small Slimes","floor":5,"turns":3},{"damage":0,"enemies":"Looter","floor":7,"turns":4},{"damage":9,"enemies":"Lagavulin","floor":10,"turns":6},{"damage":4,"enemies":"Gremlin Gang","floor":11,"turns":3},{"damage":14,"enemies":"Gremlin Nob","floor":12,"turns":4},{"damage":0,"enemies":"Blue Slaver","floor":13,"turns":3},{"damage":0,"enemies":"Looter","floor":14,"turns":4},{"damage":57,"enemies":"Slime Boss","floor":16,"turns":18},{"damage":21,"enemies":"2 Thieves","floor":18,"turns":5},{"damage":2,"enemies":"Chosen","floor":21,"turns":6},{"damage":27,"enemies":"Slaver and Parasite","floor":22,"turns":7},{"damage":28,"enemies":"Gremlin Leader","floor":23,"turns":7}],"seed_played":"5952392564398475268","potions_obtained":[{"floor":2,"key":"LiquidBronze"},{"floor":5,"key":"Weak Potion"},{"floor":7,"key":"GhostInAJar"}],"is_trial":false,"path_per_floor":["M","M","?","?","M","R","M","R","T","E","M","E","M","M","R","B",null,"M","?","?","M","M"],"character_chosen":"THE_SILENT","items_purchased":[],"campfire_rested":1,"item_purchase_floors":[],"current_hp_per_floor":[70,70,70,70,67,67,67,67,67,58,54,40,40,40,61,4,75,54,54,54,52,25,0],"gold":464,"neow_bonus":"BOSS_RELIC","is_prod":false,"is_daily":false,"chose_seed":false,"campfire_upgraded":2,"win_rate":0,"timestamp":1531069167,"path_taken":["M","M","?","?","?","R","M","R","T","E","M","E","M","M","R","BOSS","M","?","?","M","M","E"],"build_version":"2018-07-05","purchased_purges":0,"victory":false,"max_hp_per_floor":[70,70,70,70,70,70,70,70,70,70,70,70,70,70,70,70,75,75,75,75,75,75,75],"card_choices":[{"not_picked":["Acrobatics","Well Laid Plans"],"picked":"Deadly Poison","floor":1},{"not_picked":["Quick Slash","Bane"],"picked":"Dodge and Roll","floor":2},{"not_picked":["Finisher","Dagger Spray","Underhanded Strike"],"picked":"SKIP","floor":5},{"not_picked":["Eviscerate","Caltrops","PiercingWail"],"picked":"SKIP","floor":7},{"not_picked":["Blur","Caltrops"],"picked":"Malaise","floor":10},{"not_picked":["Endless Agony","Dagger Spray","Terror"],"picked":"SKIP","floor":11},{"not_picked":["Quick Slash","Terror"],"picked":"Tactician","floor":12},{"not_picked":["PiercingWail","Riddle With Holes"],"picked":"Calculated Gamble","floor":13},{"not_picked":["Deflect","Dagger Spray"],"picked":"Quick Slash","floor":14},{"not_picked":["Riddle With Holes","Blur"],"picked":"Reflex","floor":17},{"not_picked":["Masterful Stab","Expertise"],"picked":"Noxious Fumes+1","floor":18},{"not_picked":["Dagger Spray","Bane"],"picked":"Backflip","floor":21},{"not_picked":["Prepared+1","Malaise"],"picked":"Footwork","floor":22}],"player_experience":89353,"relics_obtained":[{"floor":9,"key":"Ancient Tea Set"},{"floor":10,"key":"Matryoshka"},{"floor":12,"key":"Bag of Preparation"}],"event_choices":[{"event_name":"World of Goop","player_choice":"Left","floor":3,"damage_taken":0},{"event_name":"Golden Shrine","player_choice":"Pray","floor":4,"damage_taken":0},{"event_name":"Purifier","player_choice":"One Purge","floor":19,"damage_taken":0},{"event_name":"Drug Dealer","player_choice":"Ignored","floor":20,"damage_taken":0}],"boss_relics":[{"not_picked":["Coffee Dripper","Fusion Hammer"],"picked":"Tiny House"}],"items_purged_floors":[],"is_endless":false,"potions_floor_spawned":[2,5,7,11,12,18,21],"killed_by":"Gremlin Leader","ascension_level":0}