{"gold_per_floor":[119,137,26,26,26,57,57,80,127,127,140,156,156,176,176,266,266,279,62,62,62,81,81,97,117,144,169,94,126,136,136,136,136],"floor_reached":33,"playtime":1294,"items_purged":[],"score":674,"play_id":"d3d29272-5dab-4eae-9c0f-f0262b71c328","local_time":"20190612103127","is_ascension_mode":true,"campfire_choices":[{"data":"Skewer","floor":7.0,"key":"SMITH"},{"data":"Bullet Time","floor":10.0,"key":"SMITH"},{"floor":13.0,"key":"REST"},{"data":"Footwork","floor":15.0,"key":"SMITH"},{"data":"Footwork","floor":23.0,"key":"SMITH"},{"floor":32,"key":"REST"}],"neow_cost":"NONE","seed_source_timestamp":0,"circlet_count":0,"master_deck":["AscendersBane","Survivor","Neutralize","Dash","Footwork+1","Quick Slash","Skewer+1","Bullet Time+1","Infinite Blades","Phantasmal Killer","Footwork+1","Tools of the Trade","PiercingWail","Deadly Poison","Dash","Phantasmal Killer","Underhanded Strike","PiercingWail","Outmaneuver","Leg Sweep","Eviscerate","Quick Slash+1","Sucker Punch+1","Backflip","Leg Sweep","Storm of Steel","PiercingWail+1"],"special_seed":0,"relics":["Ring of the Snake","NeowsBlessing","Anchor","Bloody Idol","Du-Vu Doll","Centennial Puzzle","Pandora\u0027s Box","Chemical X","Omamori","The Courier","Happy Flower","WarpedTongs"],"potions_floor_usage":[],"damage_taken":[{"damage":0.0,"enemies":"Small Slimes","floor":1.0,"turns":1.0},{"damage":0.0,"enemies":"2 Louse","floor":2.0,"turns":1.0},{"damage":0.0,"enemies":"Gremlin Nob","floor":6.0,"turns":1.0},{"damage":0.0,"enemies":"Jaw Worm","floor":8.0,"turns":2.0},{"damage":3.0,"enemies":"Large Slime","floor":11.0,"turns":4.0},{"damage":2.0,"enemies":"Exordium Thugs","floor":12.0,"turns":5.0},{"damage":0.0,"enemies":"Exordium Wildlife","floor":14.0,"turns":4.0},{"damage":9.0,"enemies":"Slime Boss","floor":16.0,"turns":7.0},{"damage":14.0,"enemies":"Spheric Guardian","floor":18.0,"turns":4.0},{"damage":0.0,"enemies":"3 Byrds","floor":22.0,"turns":5.0},{"damage":7.0,"enemies":"Snake Plant","floor":24.0,"turns":4.0},{"damage":27.0,"enemies":"Shelled Parasite and Fungi","floor":25.0,"turns":4.0},{"damage":24.0,"enemies":"Book of Stabbing","floor":27.0,"turns":4.0},{"damage":0,"enemies":"Gremlin Leader","floor":29,"turns":9},{"damage":0,"enemies":"3 Cultists","floor":30,"turns":6},{"damage":34,"enemies":"Champ","floor":33,"turns":8}],"seed_played":"-6053801722499141566","potions_obtained":[{"floor":1.0,"key":"LiquidBronze"},{"floor":8.0,"key":"FearPotion"},{"floor":22.0,"key":"SkillPotion"},{"floor":29,"key":"Strength Potion"}],"is_trial":false,"path_per_floor":["M","M","$","?","?","E","R","M","T","R","M","M","R","M","R","B",null,"M","$","?","?","M","R","M","M","T","E","?","E","M","?","R","B"],"character_chosen":"THE_SILENT","items_purchased":["Footwork","Quick Slash","Chemical X"],"campfire_rested":2,"item_purchase_floors":[3,3,19],"current_hp_per_floor":[59,59,59,54,31,31,31,31,31,31,28,26,45,45,45,36,59,45,45,45,45,50,50,48,26,31,12,12,17,22,22,41,7],"gold":136,"neow_bonus":"THREE_ENEMY_KILL","is_prod":false,"is_daily":false,"chose_seed":false,"campfire_upgraded":4,"win_rate":0,"timestamp":1560331887,"path_taken":["M","M","$","?","?","E","R","M","T","R","M","M","R","M","R","BOSS","M","$","?","?","M","R","M","M","T","E","?","E","M","?","R","BOSS"],"build_version":"2019-01-23","purchased_purges":0,"victory":false,"max_hp_per_floor":[66,66,66,66,66,66,66,66,66,66,66,66,66,66,66,66,66,66,66,66,66,66,66,66,66,66,66,66,66,66,66,66,66],"card_choices":[{"not_picked":["Deflect","Setup"],"picked":"Deadly Poison","floor":1.0},{"not_picked":["Skewer","Prepared"],"picked":"Dash","floor":2.0},{"not_picked":["Quick Slash","Cloak And Dagger"],"picked":"Skewer","floor":6.0},{"not_picked":["Bane","Acrobatics"],"picked":"Bullet Time","floor":8.0},{"not_picked":["Skewer","Cloak And Dagger"],"picked":"Infinite Blades","floor":11.0},{"not_picked":["Bane","Quick Slash"],"picked":"Phantasmal Killer","floor":12.0},{"not_picked":["Underhanded Strike","Flying Knee"],"picked":"Footwork","floor":14.0},{"not_picked":["Malaise","Bullet Time"],"picked":"Tools of the Trade","floor":16.0},{"not_picked":["Riddle With Holes+1","Flechettes"],"picked":"Quick Slash+1","floor":18.0},{"not_picked":["Infinite Blades","PiercingWail","Setup"],"picked":"SKIP","floor":22.0},{"not_picked":["Poisoned Stab","Prepared"],"picked":"Sucker Punch+1","floor":24.0},{"not_picked":["Underhanded Strike","Acrobatics"],"picked":"Backflip","floor":25.0},{"not_picked":["Caltrops","Dagger Spray"],"picked":"Leg Sweep","floor":27.0},{"not_picked":["Dagger Spray","Expertise"],"picked":"Storm of Steel","floor":29},{"not_picked":["Backstab","All Out Attack"],"picked":"PiercingWail+1","floor":30}],"player_experience":1450745,"relics_obtained":[{"floor":6.0,"key":"Du-Vu Doll"},{"floor":9.0,"key":"Centennial Puzzle"},{"floor":26.0,"key":"Omamori"},{"floor":27.0,"key":"The Courier"},{"floor":29,"key":"Happy Flower"}],"event_choices":[{"damage_healed":0.0,"max_hp_gain":0.0,"max_hp_loss":0.0,"gold_gain":0.0,"event_name":"Scrap Ooze","player_choice":"Success","floor":4.0,"gold_loss":0.0,"damage_taken":5.0,"relics_obtained":["Anchor"]},{"damage_healed":0.0,"max_hp_gain":0.0,"max_hp_loss":0.0,"gold_gain":0.0,"event_name":"Golden Idol","player_choice":"Take Damage","floor":5.0,"gold_loss":0.0,"damage_taken":23.0,"relics_obtained":["Golden Idol"]},{"cards_removed":["Poisoned Stab"],"damage_healed":0.0,"max_hp_gain":0.0,"max_hp_loss":0.0,"gold_gain":0.0,"event_name":"Back to Basics","player_choice":"Elegance","floor":20.0,"gold_loss":0.0,"damage_taken":0.0},{"damage_healed":0.0,"max_hp_gain":0.0,"max_hp_loss":0.0,"gold_gain":0.0,"event_name":"Forgotten Altar","player_choice":"Gave Idol","floor":21.0,"relics_lost":["Golden Idol"],"gold_loss":0.0,"damage_taken":0.0,"relics_obtained":["Bloody Idol"]},{"cards_removed":["Deadly Poison"],"damage_healed":0.0,"max_hp_gain":0.0,"max_hp_loss":0.0,"gold_gain":0.0,"event_name":"Beggar","player_choice":"Gave Gold","floor":28.0,"gold_loss":75.0,"damage_taken":0.0},{"damage_healed":0,"gold_gain":0,"player_choice":"Rummage","damage_taken":0,"relics_obtained":["WarpedTongs"],"max_hp_gain":0,"max_hp_loss":0,"event_name":"Accursed Blacksmith","floor":31,"gold_loss":0,"cards_obtained":["Pain"]}],"is_beta":false,"boss_relics":[{"not_picked":["Velvet Choker","Orrery"],"picked":"Pandora\u0027s Box"}],"items_purged_floors":[],"is_endless":false,"potions_floor_spawned":[1,8,22,24,29],"killed_by":"Champ","ascension_level":20}