{"gold_per_floor":[114,114,132,132,132,132,165,165,189,200,235,247,247,281,281,386,386,386],"floor_reached":18,"playtime":725,"items_purged":[],"score":231,"play_id":"8007d492-118b-4586-92ce-9b2b0b8dfc38","local_time":"20180717202822","is_ascension_mode":true,"campfire_choices":[{"data":"Hello World","floor":6,"key":"SMITH"},{"floor":13,"key":"REST"},{"data":"Leap","floor":15,"key":"SMITH"}],"neow_cost":"NONE","seed_source_timestamp":863576269880423,"circlet_count":0,"master_deck":["Strike_B","Strike_B","Strike_B","Defend_B","Defend_B","Defend_B","Defend_B","Zap+1","Dualcast","Auto Shields+1","Blizzard","Hello World+1","Leap+1","Sunder","Gash","Cold Snap","Gash","Echo Form"],"special_seed":0,"relics":["Cracked Core","NlothsMask","Ginger","Bag of Preparation","Happy Flower","Juzu Bracelet","Philosopher\u0027s Stone"],"potions_floor_usage":[16],"damage_taken":[{"damage":0,"enemies":"2 Louse","floor":1,"turns":2},{"damage":0,"enemies":"Cultist","floor":3,"turns":3},{"damage":28,"enemies":"Gremlin Nob","floor":7,"turns":4},{"damage":0,"enemies":"Small Slimes","floor":10,"turns":3},{"damage":22,"enemies":"3 Sentries","floor":11,"turns":7},{"damage":0,"enemies":"Blue Slaver","floor":12,"turns":3},{"damage":10,"enemies":"Gremlin Nob","floor":14,"turns":5},{"damage":27,"enemies":"Hexaghost","floor":16,"turns":10},{"damage":59,"enemies":"3 Byrds","floor":18,"turns":2}],"seed_played":"6030762074315396837","potions_obtained":[{"floor":7,"key":"FocusPotion"},{"floor":10,"key":"FearPotion"},{"floor":11,"key":"SpeedPotion"}],"is_trial":false,"path_per_floor":["M","?","M","?","?","R","E","T","T","M","E","M","R","E","R","B",null],"character_chosen":"DEFECT","items_purchased":[],"campfire_rested":1,"item_purchase_floors":[],"current_hp_per_floor":[68,68,68,68,68,68,40,40,40,40,18,18,40,30,30,3,57,0],"gold":386,"neow_bonus":"UPGRADE_CARD","is_prod":false,"is_daily":false,"chose_seed":false,"campfire_upgraded":2,"win_rate":0,"timestamp":1531873702,"path_taken":["M","?","M","?","?","R","E","?","T","?","E","M","R","E","R","BOSS","M"],"build_version":"2018-07-12","purchased_purges":0,"victory":false,"max_hp_per_floor":[75,75,75,75,75,75,75,75,75,75,75,75,75,75,75,75,75,75],"card_choices":[{"not_picked":["Coolheaded","Stack"],"picked":"Auto Shields","floor":1},{"not_picked":["Stack","Machine Learning"],"picked":"Blizzard","floor":3},{"not_picked":["Sweeping Beam","Streamline"],"picked":"Leap","floor":7},{"not_picked":["BootSequence","Leap"],"picked":"Sunder","floor":10},{"not_picked":["Streamline","Storm"],"picked":"Gash","floor":11},{"not_picked":["Loop","Aggregate"],"picked":"Cold Snap","floor":12},{"not_picked":["Auto Shields","Fusion"],"picked":"Gash","floor":14},{"not_picked":["Machine Learning","Multi-Cast"],"picked":"Echo Form","floor":16}],"player_experience":128162,"relics_obtained":[{"floor":7,"key":"Ginger"},{"floor":9,"key":"Bag of Preparation"},{"floor":11,"key":"Happy Flower"},{"floor":14,"key":"Juzu Bracelet"}],"event_choices":[{"event_name":"FaceTrader","player_choice":"Trade","floor":2,"damage_taken":0},{"event_name":"Accursed Blacksmith","player_choice":"Forge","floor":4,"damage_taken":0},{"event_name":"Living Wall","player_choice":"Change","floor":5,"damage_taken":0}],"boss_relics":[{"not_picked":["White Beast Statue","Calling Bell"],"picked":"Philosopher\u0027s Stone"}],"items_purged_floors":[],"is_endless":false,"potions_floor_spawned":[7,10,11],"killed_by":"3 Byrds","ascension_level":6}