{"gold_per_floor":[116,126,146,16,26,26,26,44,44,44,62,95,112,147,147,224,224,237,256,256,91,91,91,117,117,117,134,164,164,193,212,212,285,285,304,314,314,43,0,0,35,35,110,120,132,32,67,80,80,80,80,80,80,6,33,33],"floor_reached":57,"playtime":2353,"items_purged":["Strike_R","Strike_R"],"score":2889,"play_id":"69db0eae-ff4b-4fbc-b3ab-b33631221610","local_time":"20190709175941","is_ascension_mode":true,"campfire_choices":[{"data":"Uppercut","floor":6.0,"key":"SMITH"},{"data":"Whirlwind","floor":10.0,"key":"SMITH"},{"data":"Inflame","floor":15.0,"key":"SMITH"},{"floor":23.0,"key":"REST"},{"floor":29.0,"key":"REST"},{"floor":32.0,"key":"RECALL"},{"floor":40.0,"key":"REST"},{"floor":49.0,"key":"REST"},{"floor":53.0,"key":"REST"}],"neow_cost":"NONE","seed_source_timestamp":0,"circlet_count":0,"master_deck":["AscendersBane","Strike_R","Strike_R","Defend_R","Defend_R","Defend_R","Defend_R","Bash","Anger","Headbutt","Uppercut+1","Shrug It Off","Whirlwind+1","Feed","Inflame+1","Armaments+1","Flame Barrier+1","Demon Form+1","Shrug It Off+1","Pommel Strike+1","RitualDagger+1","Necronomicurse","Shrug It Off+1","Offering+1","Disarm+1","Heavy Blade+1","Flex+1","Carnage+1","Exhume+1","Shrug It Off+1","Bludgeon+1","Pommel Strike+1","Shrug It Off+1","Blood for Blood+1","Shockwave+1"],"special_seed":0,"relics":["Burning Blood","Toxic Egg 2","Molten Egg 2","Frozen Egg 2","Fusion Hammer","Happy Flower","Necronomicon","Potion Belt","Champion Belt","Magic Flower","Orichalcum","Snecko Eye","Lantern","Red Mask","Thread and Needle","Darkstone Periapt","Strawberry"],"potions_floor_usage":[56,56,56,56,56,56,56,56],"damage_taken":[{"damage":2.0,"enemies":"Cultist","floor":1.0,"turns":4.0},{"damage":4.0,"enemies":"Jaw Worm","floor":2.0,"turns":4.0},{"damage":0.0,"enemies":"2 Louse","floor":3.0,"turns":2.0},{"damage":9.0,"enemies":"Exordium Wildlife","floor":5.0,"turns":4.0},{"damage":8.0,"enemies":"Looter","floor":8.0,"turns":2.0},{"damage":7.0,"enemies":"Gremlin Gang","floor":11.0,"turns":2.0},{"damage":17.0,"enemies":"Lagavulin","floor":12.0,"turns":6.0},{"damage":0.0,"enemies":"3 Louse","floor":13.0,"turns":1.0},{"damage":8.0,"enemies":"Gremlin Nob","floor":14.0,"turns":3.0},{"damage":25.0,"enemies":"Slime Boss","floor":16.0,"turns":9.0},{"damage":14.0,"enemies":"Spheric Guardian","floor":18.0,"turns":5.0},{"damage":0.0,"enemies":"3 Byrds","floor":19.0,"turns":3.0},{"damage":13.0,"enemies":"Gremlin Leader","floor":24.0,"turns":4.0},{"damage":2.0,"enemies":"Snake Plant","floor":27.0,"turns":2.0},{"damage":33.0,"enemies":"Slavers","floor":28.0,"turns":5.0},{"damage":6.0,"enemies":"Gremlin Leader","floor":30.0,"turns":4.0},{"damage":6.0,"enemies":"3 Cultists","floor":31.0,"turns":2.0},{"damage":58.0,"enemies":"Collector","floor":33.0,"turns":7.0},{"damage":20.0,"enemies":"3 Darklings","floor":35.0,"turns":4.0},{"damage":58.0,"enemies":"3 Shapes","floor":36.0,"turns":1.0},{"damage":9.0,"enemies":"Giant Head","floor":41.0,"turns":5.0},{"damage":0.0,"enemies":"Spire Growth","floor":44.0,"turns":2.0},{"damage":0.0,"enemies":"3 Darklings","floor":45.0,"turns":1.0},{"damage":30.0,"enemies":"Nemesis","floor":47.0,"turns":3.0},{"damage":9.0,"enemies":"Writhing Mass","floor":48.0,"turns":4.0},{"damage":16.0,"enemies":"Time Eater","floor":50.0,"turns":7.0},{"damage":62.0,"enemies":"Donu and Deca","floor":51.0,"turns":6.0},{"damage":62.0,"enemies":"Shield and Spear","floor":55.0,"turns":6.0},{"damage":108,"enemies":"The Heart","floor":56,"turns":7}],"seed_played":"-6380064530611662534","potions_obtained":[{"floor":3.0,"key":"EssenceOfSteel"},{"floor":5.0,"key":"Energy Potion"},{"floor":14.0,"key":"Regen Potion"},{"floor":19.0,"key":"Regen Potion"},{"floor":27.0,"key":"Weak Potion"},{"floor":28.0,"key":"SkillPotion"},{"floor":31.0,"key":"AttackPotion"},{"floor":35.0,"key":"SmokeBomb"}],"is_trial":false,"path_per_floor":["M","M","M","$","M","R","?","M","T","R","M","E","M","E","R","B",null,"M","M","?","$","?","R","E","?","T","M","E","R","E","M","R","B",null,"M","M","?","$","?","R","E","$","T","M","M","$","E","M","R","B","B",null,"R","$","E","B",null],"character_chosen":"IRONCLAD","items_purchased":["Shrug It Off","Happy Flower","Lantern","EntropicBrew","Shockwave+1"],"campfire_rested":5,"item_purchase_floors":[4,21,38,38,54],"current_hp_per_floor":[72,74,75,75,72,72,77,75,75,75,77,66,72,70,70,51,75,70,79,73,73,52,78,71,71,71,75,51,78,81,84,84,35,78,67,18,18,18,18,45,45,45,45,54,63,63,47,47,75,68,15,75,95,95,49,57],"gold":33,"neow_bonus":"REMOVE_CARD","is_prod":false,"is_daily":false,"chose_seed":false,"campfire_upgraded":3,"win_rate":0,"timestamp":1562691581,"path_taken":["M","?","M","?","M","R","?","M","T","R","M","E","M","E","R","BOSS","M","M","?","$","?","R","E","?","T","M","E","R","E","M","R","BOSS","M","M","?","$","?","R","E","?","T","M","M","$","E","M","R","BOSS","BOSS","R","$","E","BOSS"],"build_version":"2019-07-05","purchased_purges":2,"victory":true,"max_hp_per_floor":[75,75,75,75,75,75,80,80,80,80,83,83,83,83,83,83,83,86,89,89,89,89,89,89,89,89,89,92,92,92,92,92,92,92,92,92,92,92,92,92,92,92,92,92,92,92,95,95,95,95,95,95,95,95,102,102],"card_choices":[{"not_picked":["Second Wind","Wild Strike"],"picked":"Anger","floor":1.0},{"not_picked":["Power Through","Armaments"],"picked":"Headbutt","floor":2.0},{"not_picked":["Twin Strike","Pommel Strike"],"picked":"Uppercut","floor":3.0},{"not_picked":["Pommel Strike","Twin Strike"],"picked":"Whirlwind","floor":5.0},{"not_picked":["Disarm","Armaments"],"picked":"Feed","floor":8.0},{"not_picked":["Carnage","Combust"],"picked":"Inflame","floor":11.0},{"not_picked":["Hemokinesis","Heavy Blade"],"picked":"Armaments+1","floor":12.0},{"not_picked":["Fire Breathing","Blood for Blood+1","Anger+1"],"picked":"SKIP","floor":13.0},{"not_picked":["Armaments+1","Headbutt+1"],"picked":"Flame Barrier+1","floor":14.0},{"not_picked":["Brutality+1","Impervious+1"],"picked":"Demon Form+1","floor":16.0},{"not_picked":["Flex+1","Pummel+1"],"picked":"Shrug It Off+1","floor":18.0},{"not_picked":["Anger+1","Rampage+1"],"picked":"Pommel Strike+1","floor":19.0},{"not_picked":["Warcry+1","Disarm+1"],"picked":"Shrug It Off+1","floor":24.0},{"not_picked":["Dropkick+1","Ghostly Armor+1"],"picked":"Disarm+1","floor":27.0},{"not_picked":["Twin Strike+1","Hemokinesis+1"],"picked":"Heavy Blade+1","floor":28.0},{"not_picked":["Power Through+1","Hemokinesis+1"],"picked":"Flex+1","floor":30.0},{"not_picked":["Cleave+1","Headbutt+1"],"picked":"Carnage+1","floor":31.0},{"not_picked":["Feed+1","Berserk+1"],"picked":"Exhume+1","floor":33.0},{"not_picked":["Ghostly Armor+1","Infernal Blade+1"],"picked":"Shrug It Off+1","floor":35.0},{"not_picked":["Shrug It Off+1","Headbutt+1","Sever Soul+1"],"picked":"SKIP","floor":36.0},{"not_picked":["Thunderclap+1","Twin Strike+1"],"picked":"Bludgeon+1","floor":41.0},{"not_picked":["Cleave+1","Havoc+1","Evolve+1"],"picked":"SKIP","floor":44.0},{"not_picked":["Clash+1","Shockwave+1"],"picked":"Pommel Strike+1","floor":45.0},{"not_picked":["Dark Embrace+1","Warcry+1"],"picked":"Shrug It Off+1","floor":47.0},{"not_picked":["Searing Blow+1","Cleave+1"],"picked":"Blood for Blood+1","floor":48.0},{"not_picked":["Body Slam+1","Feel No Pain+1","Sword Boomerang+1"],"picked":"SKIP","floor":55.0}],"player_experience":1551196,"relics_obtained":[{"floor":9.0,"key":"Toxic Egg 2"},{"floor":12.0,"key":"Molten Egg 2"},{"floor":14.0,"key":"Frozen Egg 2"},{"floor":22.0,"key":"Necronomicon"},{"floor":24.0,"key":"Potion Belt"},{"floor":26.0,"key":"Champion Belt"},{"floor":28.0,"key":"Magic Flower"},{"floor":30.0,"key":"Orichalcum"},{"floor":41.0,"key":"Thread and Needle"},{"floor":47.0,"key":"Darkstone Periapt"},{"floor":55.0,"key":"Strawberry"}],"event_choices":[{"damage_healed":0.0,"max_hp_gain":5.0,"max_hp_loss":0.0,"gold_gain":0.0,"event_name":"Big Fish","player_choice":"Donut","floor":7.0,"gold_loss":0.0,"damage_taken":0.0},{"damage_healed":0.0,"max_hp_gain":0.0,"max_hp_loss":0.0,"gold_gain":0.0,"event_name":"Nest","player_choice":"Joined the Cult","floor":20.0,"gold_loss":0.0,"damage_taken":6.0,"cards_obtained":["RitualDagger"]},{"damage_healed":0.0,"max_hp_gain":0.0,"max_hp_loss":0.0,"gold_gain":0.0,"event_name":"Cursed Tome","player_choice":"Obtained Book","floor":22.0,"gold_loss":0.0,"damage_taken":21.0},{"damage_healed":0.0,"max_hp_gain":0.0,"max_hp_loss":0.0,"gold_gain":0.0,"event_name":"The Library","player_choice":"Read","floor":25.0,"gold_loss":0.0,"damage_taken":0.0,"cards_obtained":["Offering"]},{"damage_healed":0.0,"max_hp_gain":0.0,"max_hp_loss":0.0,"gold_gain":0.0,"event_name":"Mysterious Sphere","player_choice":"Ignored","floor":37.0,"gold_loss":0.0,"damage_taken":0.0},{"damage_healed":0.0,"max_hp_gain":0.0,"max_hp_loss":0.0,"gold_gain":0.0,"event_name":"Tomb of Lord Red Mask","player_choice":"Paid","floor":39.0,"gold_loss":43.0,"damage_taken":0.0,"relics_obtained":["Red Mask"]}],"is_beta":false,"boss_relics":[{"not_picked":["Empty Cage","Sozu"],"picked":"Fusion Hammer"},{"not_picked":["Coffee Dripper","Black Blood"],"picked":"Snecko Eye"}],"items_purged_floors":[4,46],"is_endless":false,"potions_floor_spawned":[3,5,11,12,14,19,27,28,31,33,35,45,55],"ascension_level":20}