{"gold_per_floor":[115,126,141,156,168,168,188,188,214,226,163,163,174,192,192,291,291,311,321,321,221,234,234,250,250,250,250,250,264,264,139,139,239,239,251,270,270,325,425,425,275,295,295,395,405,417,417,433,433,433],"floor_reached":50,"playtime":8351,"items_purged":["Strike_G","Strike_G","Strike_G","Strike_G"],"score":438,"play_id":"16c468a3-4695-448d-8f6b-77c374545a05","local_time":"20190709193624","is_ascension_mode":false,"campfire_choices":[{"data":"Die Die Die","floor":6,"key":"SMITH"},{"data":"Footwork","floor":8,"key":"SMITH"},{"data":"Deflect","floor":12,"key":"SMITH"},{"data":"Acrobatics","floor":15,"key":"SMITH"},{"data":"Burst","floor":23,"key":"SMITH"},{"data":"Flying Knee","floor":25,"key":"SMITH"},{"floor":27,"key":"REST"},{"data":"Flying Knee","floor":30,"key":"SMITH"},{"data":"Blur","floor":32,"key":"SMITH"},{"floor":40,"key":"REST"},{"floor":47,"key":"REST"},{"data":"Adrenaline","floor":49,"key":"SMITH"}],"neow_cost":"NONE","seed_source_timestamp":342667916569788,"circlet_count":0,"master_deck":["Defend_G","Defend_G","Defend_G","Defend_G","Defend_G","Survivor","Neutralize+1","Footwork+1","Flying Knee+1","Flying Knee+1","Die Die Die+1","Slice+1","Deflect+1","Blur+1","Acrobatics+1","Burst+1","Bane+1","Noxious Fumes+1","Skewer","Dagger Throw","Tactician+1","Escape Plan","Adrenaline+1","Bane+1","Reflex+1","Blade Dance+1","Eviscerate+1","Sucker Punch+1","Decay","Dodge and Roll+1","Choke","Finisher+1"],"relics":["Ring of the Snake","MawBank","Cursed Key","WristBlade","Tingsha","Gambling Chip","Regal Pillow"],"potions_floor_usage":[13,14,22,33,38,38,45,50,50,50],"damage_taken":[{"damage":0,"enemies":"2 Louse","floor":1,"turns":2},{"damage":0,"enemies":"Cultist","floor":2,"turns":4},{"damage":0,"enemies":"Jaw Worm","floor":3,"turns":5},{"damage":0,"enemies":"Exordium Wildlife","floor":4,"turns":3},{"damage":11,"enemies":"3 Louse","floor":5,"turns":4},{"damage":0,"enemies":"Large Slime","floor":7,"turns":4},{"damage":0,"enemies":"Gremlin Gang","floor":13,"turns":4},{"damage":1,"enemies":"3 Louse","floor":14,"turns":2},{"damage":15,"enemies":"Slime Boss","floor":16,"turns":18},{"damage":0,"enemies":"Shell Parasite","floor":18,"turns":9},{"damage":14,"enemies":"Spheric Guardian","floor":19,"turns":4},{"damage":7,"enemies":"Cultist and Chosen","floor":22,"turns":7},{"damage":4,"enemies":"Centurion and Healer","floor":24,"turns":7},{"damage":0,"enemies":"Snecko","floor":29,"turns":6},{"damage":17,"enemies":"Automaton","floor":33,"turns":13},{"damage":0,"enemies":"3 Darklings","floor":35,"turns":6},{"damage":8,"enemies":"3 Shapes","floor":36,"turns":4},{"damage":50,"enemies":"2 Orb Walkers","floor":38,"turns":7},{"damage":1,"enemies":"Mind Bloom Boss Battle","floor":39,"turns":6},{"damage":0,"enemies":"Sphere and 2 Shapes","floor":42,"turns":3},{"damage":12,"enemies":"Maw","floor":45,"turns":7},{"damage":0,"enemies":"3 Darklings","floor":46,"turns":4},{"damage":14,"enemies":"Transient","floor":48,"turns":5},{"damage":50,"enemies":"Donu and Deca","floor":50,"turns":7}],"seed_played":"5027134585515817178","potions_obtained":[{"floor":3,"key":"Swift Potion"},{"floor":4,"key":"Energy Potion"},{"floor":5,"key":"Weak Potion"},{"floor":13,"key":"Explosive Potion"},{"floor":22,"key":"Fruit Juice"},{"floor":29,"key":"AttackPotion"},{"floor":39,"key":"Block Potion"},{"floor":42,"key":"Block Potion"},{"floor":46,"key":"Energy Potion"},{"floor":48,"key":"Strength Potion"}],"is_trial":false,"path_per_floor":["M","M","M","M","M","R","M","R","T","?","$","R","M","M","R","B",null,"M","M","?","$","M","R","M","R","T","R","?","M","R","$","R","B",null,"M","M","?","?","?","R","$","M","T","?","M","M","R","M","R","B"],"character_chosen":"THE_SILENT","items_purchased":[],"campfire_rested":3,"item_purchase_floors":[],"current_hp_per_floor":[70,70,70,70,59,59,59,59,59,59,59,59,59,58,58,43,70,70,56,56,56,54,54,50,50,50,72,72,72,72,72,72,55,75,75,67,67,17,16,38,38,38,38,38,26,26,63,49,49,0],"gold":433,"neow_bonus":"UPGRADE_CARD","is_prod":false,"is_daily":false,"chose_seed":false,"campfire_upgraded":9,"win_rate":0.0,"timestamp":1562715384,"path_taken":["M","M","M","M","M","R","M","R","T","?","$","R","M","M","R","BOSS","M","?","?","$","M","R","?","R","T","R","?","M","R","$","R","BOSS","M","?","?","?","?","R","$","M","T","?","?","?","R","M","R","BOSS"],"build_version":"2019-07-05","purchased_purges":4,"victory":false,"max_hp_per_floor":[70,70,70,70,70,70,70,70,70,70,70,70,70,70,70,70,70,70,70,70,70,75,75,75,75,75,75,75,75,75,75,75,75,75,75,75,75,75,75,75,75,75,75,75,75,75,75,75,75,75],"card_choices":[{"not_picked":["Sucker Punch","Flying Knee"],"picked":"Footwork","floor":1},{"not_picked":["Calculated Gamble","PiercingWail"],"picked":"Flying Knee","floor":2},{"not_picked":["Catalyst","Acrobatics"],"picked":"Flying Knee","floor":3},{"not_picked":["Dagger Spray","Slice"],"picked":"Die Die Die","floor":4},{"not_picked":["Crippling Poison","Blade Dance"],"picked":"Slice","floor":5},{"not_picked":["Blade Dance","Dodge and Roll"],"picked":"Deflect","floor":7},{"not_picked":["Eviscerate","Caltrops"],"picked":"Blur","floor":13},{"not_picked":["Dodge and Roll","Flying Knee"],"picked":"Acrobatics","floor":14},{"not_picked":["Wraith Form v2","Malaise"],"picked":"Burst","floor":16},{"not_picked":["Dagger Spray","Well Laid Plans"],"picked":"Bane+1","floor":18},{"not_picked":["Dagger Throw+1","Flying Knee"],"picked":"Noxious Fumes+1","floor":19},{"not_picked":["Outmaneuver","Blade Dance"],"picked":"Dagger Throw","floor":22},{"not_picked":["Blade Dance+1","Sucker Punch"],"picked":"Tactician+1","floor":24},{"not_picked":["Poisoned Stab","Riddle With Holes"],"picked":"Escape Plan","floor":29},{"not_picked":["Glass Knife","Venomology"],"picked":"Adrenaline","floor":33},{"not_picked":["Calculated Gamble","Dagger Spray"],"picked":"Bane+1","floor":35},{"not_picked":["Underhanded Strike","Bane"],"picked":"Reflex+1","floor":36},{"not_picked":["Flying Knee","Underhanded Strike+1"],"picked":"Blade Dance+1","floor":38},{"not_picked":["Bane","Outmaneuver+1"],"picked":"Eviscerate+1","floor":39},{"not_picked":["Leg Sweep","Glass Knife"],"picked":"Sucker Punch+1","floor":42},{"not_picked":["Backflip","Blade Dance"],"picked":"Dodge and Roll+1","floor":45},{"not_picked":["Riddle With Holes+1","Blade Dance+1"],"picked":"Choke","floor":46},{"not_picked":["Skewer","Dash"],"picked":"Finisher+1","floor":48}],"player_experience":22876,"relics_obtained":[{"floor":9,"key":"MawBank"},{"floor":38,"key":"Tingsha"},{"floor":39,"key":"Gambling Chip"},{"floor":43,"key":"Regal Pillow"}],"event_choices":[{"damage_healed":0,"gold_gain":0,"player_choice":"Forge","damage_taken":0,"max_hp_gain":0,"max_hp_loss":0,"event_name":"Accursed Blacksmith","floor":10,"gold_loss":0,"cards_upgraded":["Slice"]},{"damage_healed":0,"gold_gain":0,"cards_transformed":["Strike_G"],"player_choice":"Transformed","damage_taken":0,"max_hp_gain":0,"max_hp_loss":0,"event_name":"Transmorgrifier","floor":20,"gold_loss":0,"cards_obtained":["Skewer"]},{"damage_healed":0,"gold_gain":0,"player_choice":"Bought 0 Potions","damage_taken":0,"max_hp_gain":0,"max_hp_loss":0,"event_name":"The Woman in Blue","floor":28,"gold_loss":0},{"damage_healed":0,"gold_gain":0,"player_choice":"Ignored","damage_taken":0,"max_hp_gain":0,"max_hp_loss":0,"event_name":"Tomb of Lord Red Mask","floor":37,"gold_loss":0},{"damage_healed":0,"gold_gain":0,"player_choice":"Fight","damage_taken":0,"max_hp_gain":0,"max_hp_loss":0,"event_name":"Mysterious Sphere","floor":38,"gold_loss":0},{"damage_healed":0,"gold_gain":0,"player_choice":"Fight","damage_taken":0,"max_hp_gain":0,"max_hp_loss":0,"event_name":"MindBloom","floor":39,"gold_loss":0},{"damage_healed":0,"gold_gain":100,"player_choice":"Pray","damage_taken":0,"max_hp_gain":0,"max_hp_loss":0,"event_name":"Golden Shrine","floor":44,"gold_loss":0}],"is_beta":false,"boss_relics":[{"not_picked":["White Beast Statue","Runic Dome"],"picked":"Cursed Key"},{"not_picked":["Sozu","Busted Crown"],"picked":"WristBlade"}],"items_purged_floors":[11,21,31,41],"is_endless":false,"potions_floor_spawned":[3,4,5,13,22,29,39,42,46,48],"killed_by":"Donu and Deca","ascension_level":0}