{"gold_per_floor":[115,129,81,81,101,130,130,130,130,140,140,174,186,221,221,297,347,363,288,288,308,328,328,228,244,296,296,296,296,327,343,343,343],"floor_reached":33,"playtime":1613,"items_purged":["Strike_B","Strike_B"],"score":513,"play_id":"e9ad61fa-e428-488e-8f3c-33f496bb261f","local_time":"20180728214004","is_ascension_mode":true,"campfire_choices":[{"floor":8.0,"key":"REST"},{"data":"Sweeping Beam","floor":11.0,"key":"SMITH"},{"data":"Go for the Eyes","floor":15.0,"key":"SMITH"},{"floor":23.0,"key":"REST"},{"floor":27.0,"key":"REST"},{"floor":29.0,"key":"REST"},{"data":"Go for the Eyes","floor":32.0,"key":"SMITH"}],"neow_cost":"NONE","seed_source_timestamp":0,"circlet_count":0,"master_deck":["Strike_B","Strike_B","Defend_B","Defend_B","Defend_B","Defend_B","Zap+1","Dualcast","AscendersBane","Ball Lightning+1","Cold Snap","Cold Snap","Go for the Eyes+1","Sweeping Beam+1","Cold Snap","Cold Snap","Biased Cognition+1","Chill","Compile Driver","Sweeping Beam","Self Repair+1","Go for the Eyes+1","Creative AI+1"],"special_seed":0,"relics":["Cracked Core","NeowsBlessing","Frozen Egg 2","Blood Vial","Kunai","Matryoshka","Lantern","Tiny House","Vajra","Potion Belt","Dodecahedron"],"potions_floor_usage":[33],"damage_taken":[{"damage":0.0,"enemies":"Jaw Worm","floor":1.0,"turns":1.0},{"damage":0.0,"enemies":"2 Louse","floor":2.0,"turns":1.0},{"damage":0.0,"enemies":"Small Slimes","floor":5.0,"turns":1.0},{"damage":10.0,"enemies":"Lagavulin","floor":6.0,"turns":6.0},{"damage":3.0,"enemies":"3 Louse","floor":10.0,"turns":4.0},{"damage":26.0,"enemies":"Gremlin Nob","floor":12.0,"turns":4.0},{"damage":9.0,"enemies":"2 Fungi Beasts","floor":13.0,"turns":3.0},{"damage":11.0,"enemies":"Lagavulin","floor":14.0,"turns":6.0},{"damage":14.0,"enemies":"Hexaghost","floor":16.0,"turns":14.0},{"damage":6.0,"enemies":"3 Byrds","floor":18.0,"turns":5.0},{"damage":20.0,"enemies":"Shell Parasite","floor":21.0,"turns":5.0},{"damage":11.0,"enemies":"3 Cultists","floor":22.0,"turns":6.0},{"damage":14.0,"enemies":"Chosen and Byrds","floor":25.0,"turns":6.0},{"damage":14.0,"enemies":"Snake Plant","floor":28.0,"turns":2.0},{"damage":17.0,"enemies":"Gremlin Leader","floor":30.0,"turns":7.0},{"damage":4.0,"enemies":"Centurion and Healer","floor":31.0,"turns":11.0},{"damage":81,"enemies":"Collector","floor":33,"turns":10}],"seed_played":"-2517989327432961537","potions_obtained":[{"floor":2.0,"key":"SteroidPotion"},{"floor":5.0,"key":"EntropicBrew"},{"floor":16.0,"key":"FocusPotion"},{"floor":22.0,"key":"SpeedPotion"},{"floor":30.0,"key":"SkillPotion"}],"is_trial":false,"path_per_floor":["M","M","$","?","M","E","?","R","T","M","R","E","M","E","R","B",null,"M","$","?","M","M","R","$","M","T","R","M","R","E","M","R"],"character_chosen":"DEFECT","items_purchased":["Cold Snap"],"campfire_rested":4,"item_purchase_floors":[3],"current_hp_per_floor":[64,64,64,64,64,54,54,71,71,68,68,44,37,28,28,16,62,58,58,44,26,17,41,41,39,39,63,51,75,70,78,78,0],"gold":343,"neow_bonus":"THREE_ENEMY_KILL","is_prod":false,"is_daily":false,"chose_seed":false,"campfire_upgraded":3,"win_rate":0,"timestamp":1532828404,"path_taken":["M","M","$","?","M","E","?","R","T","M","R","E","M","E","R","BOSS","M","$","?","M","?","R","$","M","T","R","M","R","E","M","R","BOSS"],"build_version":"2018-07-26","purchased_purges":2,"victory":false,"max_hp_per_floor":[71,71,71,71,71,71,71,71,71,71,71,71,71,71,71,71,76,76,76,81,81,81,81,81,81,81,81,81,81,81,81,81,81],"card_choices":[{"not_picked":["Turbo","Scrape"],"picked":"Ball Lightning","floor":1.0},{"not_picked":["BootSequence","Gash"],"picked":"Cold Snap","floor":2.0},{"not_picked":["Rebound","Undo"],"picked":"Go for the Eyes","floor":5.0},{"not_picked":["Turbo","Chaos","Aggregate"],"picked":"SKIP","floor":6.0},{"not_picked":["Streamline","Stack"],"picked":"Sweeping Beam","floor":10.0},{"not_picked":["Turbo","Beam Cell"],"picked":"Cold Snap","floor":12.0},{"not_picked":["Aggregate","Rip and Tear","Rebound"],"picked":"SKIP","floor":13.0},{"not_picked":["Sweeping Beam","Multi-Cast"],"picked":"Cold Snap","floor":14.0},{"not_picked":["Thunder Strike","Amplify"],"picked":"Biased Cognition+1","floor":16.0},{"not_picked":["Melter","Consume"],"picked":"Chill","floor":17.0},{"not_picked":["Steam","Blizzard"],"picked":"Compile Driver","floor":18.0},{"not_picked":["Turbo","Cold Snap"],"picked":"Sweeping Beam","floor":21.0},{"not_picked":["Go for the Eyes","Scrape+1"],"picked":"Self Repair+1","floor":22.0},{"not_picked":["Sweeping Beam","Scrape+1"],"picked":"Go for the Eyes","floor":25.0},{"not_picked":["Rebound+1","Undo"],"picked":"Creative AI+1","floor":30.0},{"not_picked":["Heatsinks+1","Turbo","Sweeping Beam"],"picked":"SKIP","floor":31.0}],"player_experience":178868,"relics_obtained":[{"floor":6.0,"key":"Frozen Egg 2"},{"floor":9.0,"key":"Kunai"},{"floor":12.0,"key":"Matryoshka"},{"floor":14.0,"key":"Lantern"},{"floor":26.0,"key":"Vajra"},{"floor":26.0,"key":"Potion Belt"},{"floor":30.0,"key":"Dodecahedron"}],"event_choices":[{"event_name":"Living Wall","player_choice":"Grow","floor":4.0,"damage_taken":0.0},{"event_name":"Wheel of Change","player_choice":"Relic","floor":7.0,"damage_taken":0.0},{"event_name":"Forgotten Altar","player_choice":"Shed Blood","floor":20.0,"damage_taken":0.0}],"is_beta":false,"boss_relics":[{"not_picked":["Velvet Choker","FrozenCore"],"picked":"Tiny House"}],"items_purged_floors":[19,24],"is_endless":false,"potions_floor_spawned":[2,5,6,13,16,22,30],"killed_by":"Collector","ascension_level":14}