{"gold_per_floor":[117,137,137,147,162,192,192,467,494,494,512,164,192,62,62,138,138,138,338,72,92,109,136,136,169,192,212,226,226,257,257,257,257],"floor_reached":33,"playtime":1070,"items_purged":["Regret"],"score":630,"play_id":"48c6de48-8993-4019-bdc1-033cd16d9dc9","local_time":"20190605233402","is_ascension_mode":true,"campfire_choices":[{"data":"Carnage","floor":7.0,"key":"SMITH"},{"data":"Bash","floor":10.0,"key":"SMITH"},{"data":"Whirlwind","floor":15.0,"key":"SMITH"},{"data":"Seeing Red","floor":24.0,"key":"SMITH"},{"floor":29,"key":"REST"},{"floor":32,"key":"REST"}],"neow_cost":"TEN_PERCENT_HP_LOSS","seed_source_timestamp":104301615014400,"circlet_count":0,"master_deck":["AscendersBane","Strike_R","Strike_R","Strike_R","Strike_R","Strike_R","Defend_R","Defend_R+1","Defend_R","Defend_R","Bash+1","Battle Trance+1","Thunderclap","Clothesline","Anger","Carnage+1","Flame Barrier","Exhume","Inflame","Whirlwind+1","Reaper","Seeing Red+1","Hemokinesis","Seeing Red","Clothesline+1","Feed"],"special_seed":0,"relics":["Burning Blood","Torii","Oddly Smooth Stone","Centennial Puzzle","Shuriken","Bronze Scales","Black Star","Mummified Hand","Pen Nib","War Paint","Sundial","Smiling Mask","Bag of Marbles","Strawberry","Anchor","Enchiridion"],"potions_floor_usage":[30,33],"damage_taken":[{"damage":1.0,"enemies":"Cultist","floor":1.0,"turns":3.0},{"damage":14.0,"enemies":"Jaw Worm","floor":2.0,"turns":5.0},{"damage":1.0,"enemies":"Small Slimes","floor":4.0,"turns":3.0},{"damage":2.0,"enemies":"3 Louse","floor":5.0,"turns":4.0},{"damage":27.0,"enemies":"Gremlin Nob","floor":6.0,"turns":4.0},{"damage":1.0,"enemies":"Looter","floor":11.0,"turns":2.0},{"damage":19.0,"enemies":"3 Sentries","floor":13.0,"turns":7.0},{"damage":15.0,"enemies":"Hexaghost","floor":16.0,"turns":9.0},{"damage":0.0,"enemies":"Spheric Guardian","floor":18.0,"turns":3.0},{"damage":0.0,"enemies":"3 Byrds","floor":21.0,"turns":3.0},{"damage":20.0,"enemies":"Snake Plant","floor":22.0,"turns":4.0},{"damage":21.0,"enemies":"Gremlin Leader","floor":23.0,"turns":6.0},{"damage":49,"enemies":"Slavers","floor":25,"turns":4},{"damage":17,"enemies":"Cultist and Chosen","floor":27,"turns":4},{"damage":6,"enemies":"Chosen and Byrds","floor":28,"turns":3},{"damage":4,"enemies":"Book of Stabbing","floor":30,"turns":4},{"damage":71,"enemies":"Champ","floor":33,"turns":7}],"seed_played":"7864698164150961710","potions_obtained":[{"floor":4.0,"key":"BloodPotion"},{"floor":5.0,"key":"Poison Potion"},{"floor":6.0,"key":"Block Potion"},{"floor":13.0,"key":"SmokeBomb"},{"floor":21.0,"key":"BloodPotion"},{"floor":25,"key":"Weak Potion"},{"floor":27,"key":"Strength Potion"}],"is_trial":false,"path_per_floor":["M","M","?","M","M","E","R","?","T","R","M","$","E","$","R","B",null,"M","?","$","M","M","E","R","E","T","M","M","R","E","?","R","B"],"character_chosen":"IRONCLAD","items_purchased":["Shuriken","Inflame","Whirlwind","Mummified Hand"],"campfire_rested":2,"item_purchase_floors":[12,14,14,20],"current_hp_per_floor":[68,60,65,70,73,52,52,52,52,52,57,57,51,51,51,42,65,71,71,71,73,59,51,51,20,20,9,19,40,63,42,66,0],"gold":257,"neow_bonus":"ONE_RARE_RELIC","is_prod":false,"is_daily":false,"chose_seed":false,"campfire_upgraded":4,"win_rate":0,"timestamp":1559774042,"path_taken":["M","M","?","M","M","E","R","?","T","R","?","$","E","?","R","BOSS","M","?","$","M","M","E","R","E","T","?","M","R","E","?","R","BOSS"],"build_version":"2019-01-23","purchased_purges":1,"victory":false,"max_hp_per_floor":[68,68,73,73,73,73,73,73,73,73,73,73,73,73,73,73,73,73,73,73,73,73,73,73,73,73,73,73,73,80,80,80,80],"card_choices":[{"not_picked":["Headbutt","Perfected Strike"],"picked":"Battle Trance","floor":1.0},{"not_picked":["Combust","True Grit"],"picked":"Thunderclap","floor":2.0},{"not_picked":["Bloodletting","Clash"],"picked":"Clothesline","floor":4.0},{"not_picked":["Perfected Strike","Battle Trance"],"picked":"Anger","floor":5.0},{"not_picked":["Intimidate","Dual Wield"],"picked":"Carnage","floor":6.0},{"not_picked":["Flex","Sword Boomerang"],"picked":"Flame Barrier","floor":11.0},{"not_picked":["Armaments","Rupture"],"picked":"Exhume","floor":13.0},{"not_picked":["Feed","Barricade"],"picked":"Reaper","floor":16.0},{"not_picked":["Body Slam","True Grit","Twin Strike"],"picked":"SKIP","floor":21.0},{"not_picked":["Perfected Strike","Power Through","Evolve"],"picked":"SKIP","floor":22.0},{"not_picked":["Havoc","Evolve"],"picked":"Seeing Red","floor":23.0},{"not_picked":["Body Slam","Perfected Strike+1"],"picked":"Hemokinesis","floor":25},{"not_picked":["Thunderclap+1","Heavy Blade"],"picked":"Seeing Red","floor":27},{"not_picked":["Combust","Shrug It Off"],"picked":"Clothesline+1","floor":28},{"not_picked":["Perfected Strike","Headbutt"],"picked":"Feed","floor":30}],"player_experience":1433355,"relics_obtained":[{"floor":6.0,"key":"Oddly Smooth Stone"},{"floor":9.0,"key":"Centennial Puzzle"},{"floor":13.0,"key":"Bronze Scales"},{"floor":23.0,"key":"Pen Nib"},{"floor":23.0,"key":"War Paint"},{"floor":25,"key":"Sundial"},{"floor":25,"key":"Smiling Mask"},{"floor":26,"key":"Bag of Marbles"},{"floor":30,"key":"Strawberry"},{"floor":30,"key":"Anchor"},{"floor":31,"key":"Enchiridion"}],"event_choices":[{"damage_healed":0.0,"max_hp_gain":5.0,"max_hp_loss":0.0,"gold_gain":0.0,"event_name":"Big Fish","player_choice":"Donut","floor":3.0,"gold_loss":0.0,"damage_taken":0.0},{"damage_healed":0.0,"max_hp_gain":0.0,"max_hp_loss":0.0,"gold_gain":275.0,"event_name":"Golden Shrine","player_choice":"Desecrate","floor":8.0,"gold_loss":0.0,"damage_taken":0.0,"cards_obtained":["Regret"]},{"damage_healed":0.0,"max_hp_gain":0.0,"max_hp_loss":0.0,"gold_gain":200.0,"event_name":"Wheel of Change","player_choice":"Gold","floor":19.0,"gold_loss":0.0,"damage_taken":0.0},{"damage_healed":0,"gold_gain":0,"player_choice":"Obtained Book","damage_taken":21,"max_hp_gain":0,"max_hp_loss":0,"event_name":"Cursed Tome","floor":31,"gold_loss":0}],"is_beta":false,"boss_relics":[{"not_picked":["Runic Dome","Runic Cube"],"picked":"Black Star"}],"items_purged_floors":[12],"is_endless":false,"potions_floor_spawned":[4,5,6,13,18,21,25,27],"killed_by":"Champ","ascension_level":20}