{"gold_per_floor":[113,125,125,125,139,210,130,130,130,161,161,161],"floor_reached":12,"playtime":343,"items_purged":[],"score":172,"play_id":"2d424b53-e6df-421f-95c5-30509eab0409","local_time":"20190516190246","is_ascension_mode":true,"campfire_choices":[{"floor":8.0,"key":"REST"}],"neow_cost":"NONE","seed_source_timestamp":1666482965411656,"circlet_count":0,"master_deck":["AscendersBane","Defend_G","Defend_G","Defend_G","Defend_G","Defend_G","Strike_G","Strike_G","Strike_G","Strike_G","Strike_G","Survivor","Neutralize","Quick Slash","Dodge and Roll","Caltrops+1","A Thousand Cuts","Cloak And Dagger"],"special_seed":0,"relics":["Ring of the Snake","NeowsBlessing","Ninja Scroll","Golden Idol","Tiny Chest","Mercury Hourglass","Bottled Tornado"],"potions_floor_usage":[12],"damage_taken":[{"damage":0.0,"enemies":"2 Louse","floor":1.0,"turns":1.0},{"damage":0.0,"enemies":"Jaw Worm","floor":2.0,"turns":1.0},{"damage":0.0,"enemies":"Small Slimes","floor":5.0,"turns":1.0},{"damage":32.0,"enemies":"3 Sentries","floor":6.0,"turns":17.0},{"damage":26.0,"enemies":"Gremlin Nob","floor":10.0,"turns":4.0},{"damage":22,"enemies":"Lagavulin","floor":12,"turns":5}],"seed_played":"5142134817998702029","potions_obtained":[{"floor":1.0,"key":"Dexterity Potion"},{"floor":6.0,"key":"Fire Potion"},{"floor":10.0,"key":"Poison Potion"}],"is_trial":false,"path_per_floor":["M","M","?","?","M","E","$","R","T","E","?","E"],"character_chosen":"THE_SILENT","items_purchased":["A Thousand Cuts"],"campfire_rested":1,"item_purchase_floors":[7],"current_hp_per_floor":[59,59,54,54,54,22,22,40,40,14,14,0],"gold":161,"neow_bonus":"THREE_ENEMY_KILL","is_prod":false,"is_daily":false,"chose_seed":false,"campfire_upgraded":0,"win_rate":0,"timestamp":1558047766,"path_taken":["M","M","?","?","M","E","?","R","T","E","?","E"],"build_version":"2019-01-23","purchased_purges":0,"victory":false,"max_hp_per_floor":[66,66,66,60,60,60,60,60,60,60,60,60],"card_choices":[{"not_picked":["Escape Plan","Distraction"],"picked":"Quick Slash","floor":1.0},{"not_picked":["PiercingWail","Deflect","Prepared"],"picked":"SKIP","floor":2.0},{"not_picked":["Deflect","Dagger Throw"],"picked":"Dodge and Roll","floor":5.0},{"not_picked":["Sucker Punch","Backstab"],"picked":"Caltrops","floor":6.0},{"not_picked":["Dodge and Roll","Tools of the Trade"],"picked":"Cloak And Dagger","floor":10.0}],"player_experience":689280,"relics_obtained":[{"floor":6.0,"key":"Tiny Chest"},{"floor":9.0,"key":"Mercury Hourglass"},{"floor":10.0,"key":"Bottled Tornado"}],"event_choices":[{"damage_healed":0.0,"max_hp_gain":0.0,"max_hp_loss":0.0,"gold_gain":0.0,"event_name":"Scrap Ooze","player_choice":"Success","floor":3.0,"gold_loss":0.0,"damage_taken":5.0,"relics_obtained":["Ninja Scroll"]},{"damage_healed":0.0,"max_hp_gain":0.0,"max_hp_loss":6.0,"gold_gain":0.0,"event_name":"Golden Idol","player_choice":"Lose Max HP","floor":4.0,"gold_loss":0.0,"damage_taken":0.0,"relics_obtained":["Golden Idol"]},{"damage_healed":0,"gold_gain":0,"player_choice":"Grow","damage_taken":0,"max_hp_gain":0,"max_hp_loss":0,"event_name":"Living Wall","floor":11,"gold_loss":0,"cards_upgraded":["Caltrops"]}],"is_beta":false,"boss_relics":[],"items_purged_floors":[],"is_endless":false,"potions_floor_spawned":[1,6,10],"killed_by":"Lagavulin","ascension_level":20}