{"gold_per_floor":[111,111,111,111,111,145,157,194,206,228,240,252,278,309,321,333],"floor_reached":16,"playtime":433,"items_purged":[],"score":113,"play_id":"419a2f74-efe1-4bd6-af51-d1cc2c661e4b","local_time":"20190626194503","is_ascension_mode":true,"campfire_choices":[{"floor":7,"key":"REST"},{"data":"True Grit","floor":12,"key":"SMITH"},{"data":"Sword Boomerang","floor":15,"key":"SMITH"}],"neow_cost":"NONE","seed_source_timestamp":5210654273616225,"circlet_count":0,"master_deck":["Strike_R","Strike_R+1","Strike_R","Strike_R","Defend_R","Defend_R","Defend_R","Defend_R+1","Bash+1","Shrug It Off","Pommel Strike","Sword Boomerang+1","True Grit+1","Cleave"],"relics":["Burning Blood","MawBank","Anchor","Paper Frog"],"potions_floor_usage":[16,16,16],"damage_taken":[{"damage":0,"enemies":"2 Louse","floor":1,"turns":3},{"damage":48,"enemies":"Lagavulin","floor":6,"turns":9},{"damage":28,"enemies":"Gremlin Nob","floor":8,"turns":4},{"damage":0,"enemies":"Small Slimes","floor":10,"turns":3},{"damage":1,"enemies":"Cultist","floor":13,"turns":3},{"damage":0,"enemies":"Blue Slaver","floor":14,"turns":2},{"damage":50,"enemies":"The Guardian","floor":16,"turns":18}],"seed_played":"1157485914449412884","potions_obtained":[{"floor":8,"key":"Weak Potion"},{"floor":10,"key":"AttackPotion"},{"floor":11,"key":"BloodPotion"}],"is_trial":false,"path_per_floor":["M","?","?","?","?","E","R","E","T","M","?","R","M","M","R","B"],"character_chosen":"IRONCLAD","items_purchased":[],"campfire_rested":1,"item_purchase_floors":[],"current_hp_per_floor":[80,64,64,64,64,22,46,24,24,30,30,30,35,41,41,0],"gold":333,"neow_bonus":"UPGRADE_CARD","is_prod":false,"is_daily":false,"chose_seed":false,"campfire_upgraded":2,"win_rate":0,"timestamp":1561592703,"path_taken":["M","?","?","?","?","E","R","E","T","?","?","R","M","M","R","BOSS"],"build_version":"2019-01-23","purchased_purges":0,"victory":false,"max_hp_per_floor":[80,80,80,80,80,80,80,80,80,80,80,80,80,80,80,80],"card_choices":[{"not_picked":["Bloodletting","Anger"],"picked":"Shrug It Off","floor":1},{"not_picked":["Flame Barrier","Corruption"],"picked":"Pommel Strike","floor":6},{"not_picked":["Feel No Pain","Limit Break"],"picked":"Sword Boomerang","floor":8},{"not_picked":["Shrug It Off","Evolve"],"picked":"True Grit","floor":10},{"not_picked":["Pommel Strike","Inflame","Havoc"],"picked":"SKIP","floor":13},{"not_picked":["Infernal Blade","Intimidate"],"picked":"Cleave","floor":14}],"player_experience":788515,"relics_obtained":[{"floor":6,"key":"MawBank"},{"floor":8,"key":"Anchor"},{"floor":9,"key":"Paper Frog"}],"event_choices":[{"damage_healed":0,"gold_gain":0,"player_choice":"Entered Light","damage_taken":16,"max_hp_gain":0,"max_hp_loss":0,"event_name":"Shining Light","floor":2,"gold_loss":0,"cards_upgraded":["Defend_R","Strike_R"]},{"damage_healed":0,"gold_gain":0,"player_choice":"Ignored","damage_taken":0,"max_hp_gain":0,"max_hp_loss":0,"event_name":"Liars Game","floor":3,"gold_loss":0},{"damage_healed":0,"gold_gain":0,"player_choice":"Leave","damage_taken":0,"max_hp_gain":0,"max_hp_loss":0,"event_name":"The Cleric","floor":4,"gold_loss":0},{"cards_removed":["Strike_R"],"damage_healed":0,"gold_gain":0,"player_choice":"Offered Basic","damage_taken":0,"max_hp_gain":0,"max_hp_loss":0,"event_name":"Bonfire Elementals","floor":5,"gold_loss":0},{"damage_healed":0,"gold_gain":0,"player_choice":"Got Potions","damage_taken":0,"max_hp_gain":0,"max_hp_loss":0,"event_name":"Lab","floor":11,"gold_loss":0}],"is_beta":false,"boss_relics":[],"items_purged_floors":[],"is_endless":false,"potions_floor_spawned":[8,10,13,14],"killed_by":"The Guardian","ascension_level":1}