{"gold_per_floor":[114,129,304,304,319,349,349,349,399,399,76,91,106,121,121,221,221,236,251,101,101,116,116,116],"floor_reached":24,"playtime":1122,"items_purged":["Doubt"],"score":198,"play_id":"e331c28d-9f99-4c3b-80e4-7bb59a773247","local_time":"20190125203353","daily_mods":["Shiny","Uncertain Future","Terminal"],"is_ascension_mode":false,"campfire_choices":[{"floor":7,"key":"REST"},{"data":"Wraith Form v2","floor":10,"key":"SMITH"},{"data":"After Image","floor":15,"key":"SMITH"},{"floor":23,"key":"REST"}],"neow_cost":"","seed_source_timestamp":0,"circlet_count":0,"master_deck":["Venomology","Corpse Explosion","Malaise","Phantasmal Killer","Die Die Die","Adrenaline","Envenom","Doppelganger","Burst","Wraith Form v2+1","Tools of the Trade","Night Terror","Unload","After Image+1","Bullet Time","Storm of Steel","Glass Knife","A Thousand Cuts","Grand Finale","Accuracy","Backstab","Noxious Fumes","Outmaneuver","Backstab","Flying Knee","Expertise","RitualDagger","Riddle With Holes+1"],"special_seed":17922,"relics":["Ring of the Snake","Strawberry","Mercury Hourglass","Anchor","Toolbox","HoveringKite","Bag of Marbles"],"potions_floor_usage":[5,16,16,16,22,22],"damage_taken":[{"damage":0,"enemies":"2 Louse","floor":1,"turns":2},{"damage":0,"enemies":"Jaw Worm","floor":2,"turns":3},{"damage":0,"enemies":"Small Slimes","floor":5,"turns":3},{"damage":31,"enemies":"Lagavulin","floor":6,"turns":7},{"damage":0,"enemies":"Red Slaver","floor":12,"turns":4},{"damage":0,"enemies":"Blue Slaver","floor":13,"turns":2},{"damage":0,"enemies":"2 Fungi Beasts","floor":14,"turns":2},{"damage":17,"enemies":"The Guardian","floor":16,"turns":8},{"damage":14,"enemies":"2 Thieves","floor":18,"turns":3},{"damage":30,"enemies":"3 Byrds","floor":19,"turns":4},{"damage":0,"enemies":"Cultist and Chosen","floor":22,"turns":5},{"damage":33,"enemies":"Slavers","floor":24,"turns":3}],"seed_played":"8774462537706310572","potions_obtained":[{"floor":5,"key":"Fruit Juice"},{"floor":18,"key":"Strength Potion"},{"floor":22,"key":"Swift Potion"}],"is_trial":false,"path_per_floor":["M","M","?","?","M","E","R","T","T","R","$","M","M","M","R","B",null,"M","M","$","?","M","R","E"],"character_chosen":"THE_SILENT","items_purchased":["Toolbox","Outmaneuver","Bag of Marbles"],"campfire_rested":2,"item_purchase_floors":[11,11,20],"current_hp_per_floor":[68,67,66,65,69,45,67,67,67,67,67,67,67,67,66,57,64,50,20,20,14,14,31,0],"gold":116,"neow_bonus":"","is_prod":false,"is_daily":true,"chose_seed":false,"campfire_upgraded":2,"win_rate":0,"timestamp":1548477233,"path_taken":["M","M","?","?","M","E","R","?","T","R","$","M","M","M","R","BOSS","M","M","$","?","M","R","E"],"build_version":"2019-01-23","purchased_purges":1,"victory":false,"max_hp_per_floor":[68,67,66,65,69,75,74,73,72,71,70,69,68,67,66,65,64,63,62,61,60,59,58,58],"card_choices":[{"not_picked":["Prepared","Dagger Spray","Slice"],"picked":"SKIP","floor":1},{"not_picked":["Poisoned Stab","Deadly Poison"],"picked":"Accuracy","floor":2},{"not_picked":["Wraith Form v2","Concentrate"],"picked":"Backstab","floor":5},{"not_picked":["Sucker Punch","Slice"],"picked":"Noxious Fumes","floor":6},{"not_picked":["Blade Dance","Prepared"],"picked":"Backstab","floor":12},{"not_picked":["PiercingWail","Deflect","Venomology"],"picked":"SKIP","floor":13},{"not_picked":["Dagger Spray","Outmaneuver"],"picked":"Flying Knee","floor":14},{"not_picked":["Deflect","Well Laid Plans"],"picked":"Expertise","floor":18},{"not_picked":["PiercingWail","Flechettes","Crippling Poison"],"picked":"SKIP","floor":19},{"not_picked":["Dagger Throw+1","Accuracy"],"picked":"Riddle With Holes+1","floor":22}],"player_experience":163328,"relics_obtained":[{"floor":6,"key":"Strawberry"},{"floor":8,"key":"Mercury Hourglass"},{"floor":9,"key":"Anchor"}],"event_choices":[{"damage_healed":0,"gold_gain":175,"player_choice":"AGREE","damage_taken":0,"max_hp_gain":0,"max_hp_loss":0,"event_name":"Liars Game","floor":3,"gold_loss":0,"cards_obtained":["Doubt"]},{"damage_healed":0,"gold_gain":0,"player_choice":"Ignored","damage_taken":0,"max_hp_gain":0,"max_hp_loss":0,"event_name":"Golden Idol","floor":4,"gold_loss":0},{"damage_healed":0,"gold_gain":0,"player_choice":"Joined the Cult","damage_taken":6,"max_hp_gain":0,"max_hp_loss":0,"event_name":"Nest","floor":21,"gold_loss":0,"cards_obtained":["RitualDagger"]}],"is_beta":false,"boss_relics":[{"not_picked":["Sozu","Fusion Hammer"],"picked":"HoveringKite"}],"items_purged_floors":[11],"is_endless":false,"potions_floor_spawned":[5,13,14,18,22],"killed_by":"Slavers","ascension_level":0}