{"gold_per_floor":[111,111,111,36,54,89,104,104,128,161,171,11,31,31,31,110,110],"floor_reached":17,"playtime":385,"items_purged":[],"score":380,"play_id":"837aae98-dc57-4aa0-8963-a45929b34a12","local_time":"20190620101033","is_ascension_mode":true,"campfire_choices":[{"data":"Terror","floor":8.0,"key":"SMITH"},{"floor":15,"key":"REST"}],"neow_cost":"NONE","seed_source_timestamp":524116242866500,"circlet_count":0,"master_deck":["AscendersBane","Defend_G+1","Defend_G","Defend_G+1","Defend_G","Strike_G","Strike_G","Strike_G","Survivor","Neutralize","Terror+1","Dagger Throw","Choke","Dash","Deadly Poison","Leg Sweep","Escape Plan","Die Die Die"],"special_seed":0,"relics":["Ring of the Snake","NeowsBlessing","Bag of Marbles","Bronze Scales","War Paint","Snake Skull","FaceOfCleric"],"potions_floor_usage":[],"damage_taken":[{"damage":0.0,"enemies":"Jaw Worm","floor":1.0,"turns":1.0},{"damage":0.0,"enemies":"2 Louse","floor":5.0,"turns":1.0},{"damage":0.0,"enemies":"3 Sentries","floor":6.0,"turns":1.0},{"damage":0.0,"enemies":"Cultist","floor":7.0,"turns":3.0},{"damage":25.0,"enemies":"Lagavulin","floor":10.0,"turns":6.0},{"damage":1.0,"enemies":"3 Louse","floor":11.0,"turns":2.0},{"damage":7,"enemies":"Exordium Thugs","floor":13,"turns":4},{"damage":15,"enemies":"Hexaghost","floor":16,"turns":9}],"seed_played":"6533822703938762776","potions_obtained":[{"floor":1.0,"key":"SkillPotion"},{"floor":6.0,"key":"Poison Potion"},{"floor":13,"key":"AttackPotion"}],"is_trial":false,"path_per_floor":["M","?","?","?","M","E","M","R","T","E","M","$","M","?","R","B",null],"character_chosen":"THE_SILENT","items_purchased":["Snake Skull"],"campfire_rested":1,"item_purchase_floors":[12],"current_hp_per_floor":[59,59,52,52,52,52,52,52,52,27,26,26,19,19,38,24,24],"gold":110,"neow_bonus":"THREE_ENEMY_KILL","is_prod":false,"is_daily":false,"chose_seed":false,"campfire_upgraded":1,"win_rate":0,"timestamp":1561021833,"path_taken":["M","?","?","?","M","E","M","R","T","E","?","?","M","?","R","BOSS"],"build_version":"2019-01-23","purchased_purges":0,"victory":false,"max_hp_per_floor":[66,66,66,66,66,66,66,66,66,66,66,66,66,66,66,67,67],"card_choices":[{"not_picked":["Acrobatics","Accuracy"],"picked":"Terror","floor":1.0},{"not_picked":["Slice","Deflect"],"picked":"Choke","floor":5.0},{"not_picked":["Noxious Fumes","Blur"],"picked":"Dash","floor":6.0},{"not_picked":["Eviscerate","Terror","Finisher"],"picked":"SKIP","floor":7.0},{"not_picked":["Reflex","Bane"],"picked":"Deadly Poison","floor":10.0},{"not_picked":["Underhanded Strike","Catalyst"],"picked":"Leg Sweep","floor":11},{"not_picked":["Accuracy","Prepared"],"picked":"Escape Plan","floor":13},{"not_picked":["Unload","A Thousand Cuts"],"picked":"Die Die Die","floor":16}],"player_experience":1486839,"relics_obtained":[{"floor":6.0,"key":"Bag of Marbles"},{"floor":9.0,"key":"Bronze Scales"},{"floor":10.0,"key":"War Paint"}],"event_choices":[{"damage_healed":0.0,"max_hp_gain":0.0,"max_hp_loss":0.0,"gold_gain":0.0,"cards_transformed":["Strike_G"],"event_name":"Living Wall","player_choice":"Change","floor":2.0,"gold_loss":0.0,"damage_taken":0.0,"cards_obtained":["Dagger Throw"]},{"cards_removed":["Strike_G"],"damage_healed":0.0,"max_hp_gain":0.0,"max_hp_loss":0.0,"gold_gain":0.0,"event_name":"Golden Wing","player_choice":"Card Removal","floor":3.0,"gold_loss":0.0,"damage_taken":7.0},{"cards_removed":["Defend_G"],"damage_healed":0.0,"max_hp_gain":0.0,"max_hp_loss":0.0,"gold_gain":0.0,"event_name":"The Cleric","player_choice":"Card Removal","floor":4.0,"gold_loss":75.0,"damage_taken":0.0},{"damage_healed":0,"gold_gain":0,"player_choice":"Trade","damage_taken":0,"relics_obtained":["FaceOfCleric"],"max_hp_gain":0,"max_hp_loss":0,"event_name":"FaceTrader","floor":14,"gold_loss":0}],"is_beta":false,"boss_relics":[],"items_purged_floors":[],"is_endless":false,"potions_floor_spawned":[1,6,7,11,13],"ascension_level":20}