{"gold_per_floor":[111,127,139,139,162,162,197,218,218,218,218,20,95,139,139,235,235,248,263,59,78,78,78,78],"floor_reached":24,"playtime":685,"items_purged":[],"score":361,"play_id":"221f23e5-de1c-4771-b600-ac003d0208fe","local_time":"20180819164802","is_ascension_mode":true,"campfire_choices":[{"floor":6.0,"key":"REST"},{"data":"Zap","floor":11,"key":"SMITH"},{"data":"Hologram","floor":15,"key":"SMITH"},{"data":"Defragment","floor":23,"key":"SMITH"}],"neow_cost":"NONE","seed_source_timestamp":3700842131882749,"circlet_count":0,"master_deck":["Strike_B","Strike_B","Defend_B","Defend_B","Defend_B","Defend_B","Zap+1","Dualcast","AscendersBane","Ball Lightning","Cold Snap","Conserve Battery","Steam","Electrodynamics","Hologram+1","Echo Form","Sweeping Beam","Cold Snap","FTL","Coolheaded","Leap","Conserve Battery","Defragment+1","Redo"],"special_seed":0,"relics":["Cracked Core","Orichalcum","Golden Idol","Cables","Bottled Flame","Lee\u0027s Waffle","Pen Nib","Orrery","Runic Capacitor"],"potions_floor_usage":[14,18,19],"damage_taken":[{"damage":3.0,"enemies":"Small Slimes","floor":1.0,"turns":4.0},{"damage":2.0,"enemies":"Jaw Worm","floor":2.0,"turns":3.0},{"damage":0.0,"enemies":"2 Louse","floor":3.0,"turns":2.0},{"damage":12.0,"enemies":"2 Fungi Beasts","floor":5.0,"turns":3.0},{"damage":10.0,"enemies":"Gremlin Nob","floor":7.0,"turns":4.0},{"damage":3.0,"enemies":"Looter","floor":8.0,"turns":4.0},{"damage":12,"enemies":"Lagavulin","floor":14,"turns":5},{"damage":13,"enemies":"The Guardian","floor":16,"turns":11},{"damage":23,"enemies":"2 Thieves","floor":18,"turns":3},{"damage":1,"enemies":"Spheric Guardian","floor":19,"turns":3},{"damage":11,"enemies":"Chosen and Byrds","floor":21,"turns":8},{"damage":45,"enemies":"Gremlin Leader","floor":24,"turns":3}],"seed_played":"-8665016631844868598","potions_obtained":[{"floor":3.0,"key":"GamblersBrew"},{"floor":7.0,"key":"PowerPotion"},{"floor":8.0,"key":"Dexterity Potion"},{"floor":18,"key":"Regen Potion"}],"is_trial":false,"path_per_floor":["M","M","M","?","M","R","E","M","T","?","R","$","?","E","R","B",null,"M","M","$","M","?","R"],"character_chosen":"DEFECT","items_purchased":["Lee\u0027s Waffle","Runic Capacitor"],"campfire_rested":1,"item_purchase_floors":[12,20],"current_hp_per_floor":[61,59,59,35,23,44,34,31,31,24,24,78,67,55,55,42,69,46,54,54,43,43,43,0],"gold":78,"neow_bonus":"RANDOM_COMMON_RELIC","is_prod":false,"is_daily":false,"chose_seed":false,"campfire_upgraded":3,"win_rate":0,"timestamp":1534711682,"path_taken":["M","M","M","?","M","R","E","M","T","?","R","$","?","E","R","BOSS","M","M","$","M","?","R","E"],"build_version":"2018-08-16","purchased_purges":0,"victory":false,"max_hp_per_floor":[71,71,71,71,71,71,71,71,71,71,71,78,78,78,78,78,78,78,78,78,78,78,78,78],"card_choices":[{"not_picked":["Go for the Eyes","Sweeping Beam"],"picked":"Ball Lightning","floor":1.0},{"not_picked":["Fusion","Darkness","Static Discharge"],"picked":"SKIP","floor":2.0},{"not_picked":["Beam Cell","Streamline"],"picked":"Cold Snap","floor":3.0},{"not_picked":["Darkness","Barrage"],"picked":"Conserve Battery","floor":5.0},{"not_picked":["Storm","Turbo"],"picked":"Steam","floor":7.0},{"not_picked":["Recycle","FTL"],"picked":"Electrodynamics","floor":8.0},{"not_picked":["Chill","Beam Cell"],"picked":"Hologram","floor":14},{"not_picked":["Creative AI","Rainbow"],"picked":"Echo Form","floor":16},{"not_picked":["Reprogram","BootSequence"],"picked":"Sweeping Beam","floor":17},{"not_picked":["Coolheaded","Streamline"],"picked":"Cold Snap","floor":17},{"not_picked":["Gash","Stack"],"picked":"FTL","floor":17},{"not_picked":["Consume","Steam"],"picked":"Coolheaded","floor":17},{"not_picked":["Coolheaded","Steam+1"],"picked":"Leap","floor":18},{"not_picked":["Barrage","Blizzard+1"],"picked":"Conserve Battery","floor":19},{"not_picked":["Go for the Eyes+1","Streamline"],"picked":"Defragment","floor":21}],"player_experience":272038,"relics_obtained":[{"floor":7.0,"key":"Cables"},{"floor":9.0,"key":"Bottled Flame"},{"floor":14,"key":"Pen Nib"}],"event_choices":[{"event_name":"Golden Idol","player_choice":"Take Damage","floor":4.0,"damage_taken":0.0},{"event_name":"Golden Wing","player_choice":"Card Removal","floor":10,"damage_taken":0},{"event_name":"World of Goop","player_choice":"Gather Gold","floor":13,"damage_taken":0},{"event_name":"Transmorgrifier","player_choice":"Transform","floor":22,"damage_taken":0}],"is_beta":false,"boss_relics":[{"not_picked":["Snecko Eye","Runic Dome"],"picked":"Orrery"}],"items_purged_floors":[],"is_endless":false,"potions_floor_spawned":[3,7,8,18],"killed_by":"Gremlin Leader","ascension_level":15}