{"gold_per_floor":[117,117,18,18,18,18,44,44,44,371,383,409,443,455,467,556,568,598,885,877,55,73,73,73],"floor_reached":24,"playtime":757,"items_purged":["Regret"],"score":520,"play_id":"7849849d-0811-4746-bced-2f4760fe3915","local_time":"20190226172809","is_ascension_mode":true,"campfire_choices":[{"data":"Catalyst","floor":6,"key":"SMITH"},{"data":"Noxious Fumes","floor":8,"key":"SMITH"},{"floor":15,"key":"REST"},{"floor":23,"key":"REST"}],"neow_cost":"NONE","seed_source_timestamp":59425522145300,"circlet_count":0,"master_deck":["AscendersBane","Defend_G","Defend_G","Defend_G","Defend_G","Strike_G+1","Strike_G+1","Strike_G","Strike_G+1","Survivor+1","Neutralize","Catalyst+1","Noxious Fumes+1","Deflect","Slice","Backstab","Poisoned Stab","Backflip","Escape Plan","Burst","Crippling Poison","Mayhem","PiercingWail","Madness","Bouncing Flask+1"],"relics":["Ring of the Snake","NeowsBlessing","Whetstone","Bottled Lightning","Old Coin","MawBank","Odd Mushroom","Snecko Eye","Dead Branch"],"potions_floor_usage":[18,20,22],"damage_taken":[{"damage":0,"enemies":"2 Louse","floor":1,"turns":1},{"damage":0,"enemies":"3 Sentries","floor":7,"turns":2},{"damage":0,"enemies":"Gremlin Nob","floor":10,"turns":1},{"damage":0,"enemies":"Jaw Worm","floor":11,"turns":3},{"damage":10,"enemies":"Lagavulin","floor":12,"turns":7},{"damage":2,"enemies":"The Mushroom Lair","floor":13,"turns":5},{"damage":15,"enemies":"Hexaghost","floor":16,"turns":8},{"damage":16,"enemies":"Spheric Guardian","floor":18,"turns":6},{"damage":11,"enemies":"2 Thieves","floor":20,"turns":4},{"damage":25,"enemies":"Shelled Parasite and Fungi","floor":22,"turns":7},{"damage":31,"enemies":"Gremlin Leader","floor":24,"turns":4}],"seed_played":"-6266633322275534924","potions_obtained":[{"floor":7,"key":"SneckoOil"},{"floor":12,"key":"Ancient Potion"},{"floor":13,"key":"Fire Potion"},{"floor":18,"key":"EssenceOfSteel"}],"is_trial":false,"path_per_floor":["M","?","$","?","?","R","E","R","T","E","M","E","?","?","R","B",null,"M","?","M","$","M","R","E"],"character_chosen":"THE_SILENT","items_purchased":["Noxious Fumes","Deflect","Dead Branch","Crippling Poison","Mayhem","PiercingWail","Madness"],"campfire_rested":2,"item_purchase_floors":[3,3,21,21,21,21,21],"current_hp_per_floor":[59,39,39,32,32,32,32,32,32,32,32,22,20,20,39,24,56,40,40,29,29,4,23,0],"gold":73,"neow_bonus":"THREE_ENEMY_KILL","is_prod":false,"is_daily":false,"chose_seed":false,"campfire_upgraded":2,"win_rate":0,"timestamp":1551230889,"path_taken":["M","?","$","?","?","R","E","R","T","E","?","E","?","?","R","BOSS","M","?","M","$","?","R","E"],"build_version":"2019-01-23","purchased_purges":1,"victory":false,"max_hp_per_floor":[66,66,66,66,66,66,66,66,66,66,66,66,66,66,66,66,66,66,66,66,66,66,66,66],"card_choices":[{"not_picked":["Acrobatics","Bane"],"picked":"Catalyst","floor":1},{"not_picked":["Bane","Dagger Throw"],"picked":"Backstab","floor":7},{"not_picked":["Dagger Throw","PiercingWail"],"picked":"Poisoned Stab","floor":10},{"not_picked":["Dodge and Roll","Reflex"],"picked":"Backflip","floor":11},{"not_picked":["Expertise","Malaise"],"picked":"Escape Plan","floor":12},{"not_picked":["Grand Finale","A Thousand Cuts"],"picked":"Burst","floor":16},{"not_picked":["Blur","Infinite Blades","Dagger Spray"],"picked":"SKIP","floor":18},{"not_picked":["Outmaneuver","Quick Slash","Sucker Punch"],"picked":"SKIP","floor":20},{"not_picked":["Bullet Time","Acrobatics"],"picked":"Bouncing Flask+1","floor":22}],"player_experience":1207872,"relics_obtained":[{"floor":7,"key":"Whetstone"},{"floor":9,"key":"Bottled Lightning"},{"floor":10,"key":"Old Coin"},{"floor":12,"key":"MawBank"},{"floor":13,"key":"Odd Mushroom"}],"event_choices":[{"damage_healed":0,"gold_gain":0,"player_choice":"Entered Light","damage_taken":20,"max_hp_gain":0,"max_hp_loss":0,"event_name":"Shining Light","floor":2,"gold_loss":0,"cards_upgraded":["Strike_G","Survivor"]},{"cards_removed":["Strike_G"],"damage_healed":0,"gold_gain":0,"player_choice":"Card Removal","damage_taken":7,"max_hp_gain":0,"max_hp_loss":0,"event_name":"Golden Wing","floor":4,"gold_loss":0},{"damage_healed":0,"gold_gain":0,"cards_transformed":["Defend_G"],"player_choice":"Transformed","damage_taken":0,"max_hp_gain":0,"max_hp_loss":0,"event_name":"Transmorgrifier","floor":5,"gold_loss":0,"cards_obtained":["Slice"]},{"damage_healed":0,"gold_gain":0,"player_choice":"Fought Mushrooms","damage_taken":0,"max_hp_gain":0,"max_hp_loss":0,"event_name":"Mushrooms","floor":13,"gold_loss":0},{"damage_healed":0,"gold_gain":0,"player_choice":"Got Potions","damage_taken":0,"max_hp_gain":0,"max_hp_loss":0,"event_name":"Lab","floor":14,"gold_loss":0},{"damage_healed":0,"gold_gain":275,"player_choice":"Desecrate","damage_taken":0,"max_hp_gain":0,"max_hp_loss":0,"event_name":"Golden Shrine","floor":19,"gold_loss":0,"cards_obtained":["Regret"]}],"is_beta":false,"boss_relics":[{"not_picked":["Orrery","Eternal Feather"],"picked":"Snecko Eye"}],"items_purged_floors":[21],"is_endless":false,"potions_floor_spawned":[7,12,13,18],"killed_by":"Gremlin Leader","ascension_level":20}