{"gold_per_floor":[117,117,129,160,172,209,33,63,63,79,90,116,116,136,136,231,231,156,156,156,156,156,156,156,156,156,156,156,156,0,0,0,0,0,0,0,0,0,0,0,0,0,0,0,0,0,0,0,0,0],"floor_reached":50,"playtime":2757,"items_purged":[],"score":658,"play_id":"a1dcfef9-ff0f-41e5-a8b3-11fb2e940f65","local_time":"20190708035247","is_ascension_mode":true,"campfire_choices":[{"data":"Zap","floor":13,"key":"SMITH"},{"data":"Blizzard","floor":15,"key":"SMITH"},{"data":"Biased Cognition","floor":23,"key":"SMITH"},{"data":"Sunder","floor":28,"key":"SMITH"},{"floor":32,"key":"REST"},{"floor":40,"key":"REST"},{"floor":42,"key":"REST"},{"data":"Defragment","floor":47,"key":"SMITH"},{"floor":49,"key":"REST"}],"neow_cost":"NONE","seed_source_timestamp":106109395221771,"circlet_count":0,"master_deck":["Defend_B","Defend_B","Defend_B","Defend_B","Zap+1","Dualcast","Compile Driver","Glacier","Sunder+1","Ball Lightning","Blizzard+1","Machine Learning","Glacier+1","Biased Cognition+1","White Noise+1","Consume+1","Echo Form","Redo+1","Storm+1","Defragment+1"],"relics":["Cracked Core","MawBank","Letter Opener","Shuriken","DataDisk","Toxic Egg 2","Pantograph","WingedGreaves","Ectoplasm","Ancient Tea Set","Nunchaku","Red Mask","Regal Pillow","Astrolabe","Bottled Tornado","PreservedInsect"],"potions_floor_usage":[12,16,18,24,24,50,50,50,50,50],"damage_taken":[{"damage":1,"enemies":"Cultist","floor":1,"turns":3},{"damage":0,"enemies":"Small Slimes","floor":4,"turns":4},{"damage":12,"enemies":"Lagavulin","floor":6,"turns":10},{"damage":2,"enemies":"3 Sentries","floor":8,"turns":6},{"damage":0,"enemies":"Jaw Worm","floor":10,"turns":2},{"damage":16,"enemies":"Exordium Thugs","floor":11,"turns":5},{"damage":6,"enemies":"Gremlin Nob","floor":12,"turns":5},{"damage":0,"enemies":"3 Louse","floor":14,"turns":3},{"damage":14,"enemies":"Hexaghost","floor":16,"turns":11},{"damage":6,"enemies":"2 Thieves","floor":18,"turns":4},{"damage":0,"enemies":"Chosen","floor":19,"turns":5},{"damage":15,"enemies":"Shelled Parasite and Fungi","floor":20,"turns":5},{"damage":16,"enemies":"Slavers","floor":24,"turns":6},{"damage":4,"enemies":"Masked Bandits","floor":27,"turns":4},{"damage":8,"enemies":"Snecko","floor":29,"turns":4},{"damage":52,"enemies":"Champ","floor":33,"turns":19},{"damage":21,"enemies":"Orb Walker","floor":35,"turns":3},{"damage":15,"enemies":"3 Shapes","floor":36,"turns":3},{"damage":22,"enemies":"Jaw Worm Horde","floor":38,"turns":4},{"damage":0,"enemies":"Spire Growth","floor":44,"turns":5},{"damage":35,"enemies":"Nemesis","floor":48,"turns":7},{"damage":80,"enemies":"Awakened One","floor":50,"turns":11}],"seed_played":"2617368294225093334","potions_obtained":[{"floor":1,"key":"Ancient Potion"},{"floor":8,"key":"Weak Potion"},{"floor":12,"key":"AttackPotion"},{"floor":14,"key":"Poison Potion"},{"floor":18,"key":"Dexterity Potion"},{"floor":20,"key":"Explosive Potion"},{"floor":29,"key":"EntropicBrew"},{"floor":35,"key":"Dexterity Potion"},{"floor":48,"key":"Block Potion"}],"is_trial":false,"path_per_floor":["M","?","?","M","T","E","$","E","T","M","M","E","R","M","R","B",null,"M","M","M","$","?","R","E","?","T","?","R","M","$","?","R","B",null,"M","M","?","M","?","R","?","R","T","M","?","?","R","E","R","B"],"character_chosen":"DEFECT","items_purchased":["DataDisk","Blizzard","Regal Pillow"],"campfire_rested":4,"item_purchase_floors":[7,7,30],"current_hp_per_floor":[67,55,48,48,48,36,36,34,34,34,18,12,12,12,12,23,62,56,56,41,41,41,41,25,25,25,21,21,13,13,13,50,23,62,41,26,26,4,4,41,41,71,71,71,71,71,71,36,71,0],"gold":0,"neow_bonus":"THREE_CARDS","is_prod":false,"is_daily":false,"chose_seed":false,"campfire_upgraded":5,"win_rate":0,"timestamp":1562550767,"path_taken":["M","?","?","M","?","E","$","E","T","M","M","E","R","?","R","BOSS","M","M","M","$","?","R","E","?","T","?","R","M","$","?","R","BOSS","M","?","?","M","?","R","?","R","T","M","?","?","R","E","R","BOSS"],"build_version":"2019-07-05","purchased_purges":0,"victory":false,"max_hp_per_floor":[75,75,75,75,75,75,75,75,75,75,75,75,75,75,75,75,75,75,75,75,75,75,75,75,75,75,75,75,75,75,75,75,75,75,75,75,75,75,75,75,71,71,71,71,71,71,71,71,71,71],"card_choices":[{"not_picked":["Beam Cell","Barrage"],"picked":"Compile Driver","floor":0},{"not_picked":["Melter","Fusion"],"picked":"Glacier","floor":1},{"not_picked":["Rip and Tear","Turbo"],"picked":"Sunder","floor":4},{"not_picked":["Rip and Tear","Leap"],"picked":"Ball Lightning","floor":6},{"not_picked":["FTL","Sunder","Steam Power"],"picked":"SKIP","floor":8},{"not_picked":["Beam Cell","Leap+1"],"picked":"Machine Learning","floor":10},{"not_picked":["Sweeping Beam","Recycle+1","Ball Lightning"],"picked":"SKIP","floor":11},{"not_picked":["Auto Shields+1","Doom and Gloom"],"picked":"Glacier+1","floor":12},{"not_picked":["Rebound","Rip and Tear","Auto Shields+1"],"picked":"SKIP","floor":14},{"not_picked":["All For One","Machine Learning"],"picked":"Biased Cognition","floor":16},{"not_picked":["Reprogram+1","Leap+1","Rebound"],"picked":"SKIP","floor":18},{"not_picked":["Stack+1","Hyperbeam"],"picked":"White Noise+1","floor":19},{"not_picked":["Go for the Eyes","Hologram+1","Redo+1"],"picked":"SKIP","floor":20},{"not_picked":["Thunder Strike","Go for the Eyes","Skim+1"],"picked":"SKIP","floor":24},{"not_picked":["Conserve Battery+1","Leap+1","Fusion+1"],"picked":"SKIP","floor":29},{"not_picked":["Buffer","Multi-Cast+1"],"picked":"Echo Form","floor":33},{"not_picked":["Gash","Scrape","Streamline"],"picked":"SKIP","floor":35},{"not_picked":["Rebound","Steam+1","Tempest+1"],"picked":"SKIP","floor":36},{"not_picked":["Turbo+1","Auto Shields+1","Recycle+1"],"picked":"SKIP","floor":38},{"not_picked":["Melter+1","Leap+1"],"picked":"Defragment","floor":44},{"not_picked":["Streamline+1","Hyperbeam","Fusion+1"],"picked":"SKIP","floor":48}],"player_experience":32718,"relics_obtained":[{"floor":5,"key":"Letter Opener"},{"floor":6,"key":"Shuriken"},{"floor":8,"key":"Toxic Egg 2"},{"floor":9,"key":"Pantograph"},{"floor":12,"key":"WingedGreaves"},{"floor":24,"key":"Ancient Tea Set"},{"floor":26,"key":"Nunchaku"},{"floor":27,"key":"Red Mask"},{"floor":43,"key":"Bottled Tornado"},{"floor":48,"key":"PreservedInsect"}],"event_choices":[{"damage_healed":0,"gold_gain":0,"player_choice":"Success","damage_taken":12,"relics_obtained":["MawBank"],"max_hp_gain":0,"max_hp_loss":0,"event_name":"Scrap Ooze","floor":2,"gold_loss":0},{"cards_removed":["Strike_B"],"damage_healed":0,"gold_gain":0,"player_choice":"Card Removal","damage_taken":7,"max_hp_gain":0,"max_hp_loss":0,"event_name":"Golden Wing","floor":3,"gold_loss":0},{"damage_healed":0,"gold_gain":0,"player_choice":"Ignored","damage_taken":0,"max_hp_gain":0,"max_hp_loss":0,"event_name":"Beggar","floor":22,"gold_loss":0},{"damage_healed":0,"gold_gain":0,"player_choice":"Ignored","damage_taken":0,"max_hp_gain":0,"max_hp_loss":0,"event_name":"Ghosts","floor":25,"gold_loss":0},{"damage_healed":0,"gold_gain":0,"player_choice":"Fought Bandits","damage_taken":0,"max_hp_gain":0,"max_hp_loss":0,"event_name":"Masked Bandits","floor":27,"gold_loss":0},{"damage_healed":0,"gold_gain":0,"player_choice":"1 cards matched","damage_taken":0,"max_hp_gain":0,"max_hp_loss":0,"event_name":"Match and Keep!","floor":31,"gold_loss":0,"cards_obtained":["Consume"]},{"cards_removed":["Darkness"],"damage_healed":0,"gold_gain":0,"player_choice":"Removed Skill","damage_taken":0,"max_hp_gain":0,"max_hp_loss":0,"event_name":"Falling","floor":37,"gold_loss":0},{"damage_healed":0,"gold_gain":222,"player_choice":"Wore Mask","damage_taken":0,"max_hp_gain":0,"max_hp_loss":0,"event_name":"Tomb of Lord Red Mask","floor":39,"gold_loss":0},{"damage_healed":0,"gold_gain":0,"player_choice":"Max HP","damage_taken":0,"max_hp_gain":0,"max_hp_loss":4,"event_name":"Winding Halls","floor":41,"gold_loss":0},{"damage_healed":0,"gold_gain":0,"player_choice":"Ignored","damage_taken":0,"max_hp_gain":0,"max_hp_loss":0,"event_name":"Mysterious Sphere","floor":45,"gold_loss":0},{"damage_healed":0,"gold_gain":0,"player_choice":"Ignored","damage_taken":0,"max_hp_gain":0,"max_hp_loss":0,"event_name":"SecretPortal","floor":46,"gold_loss":0}],"is_beta":false,"boss_relics":[{"not_picked":["Eternal Feather","Fusion Hammer"],"picked":"Ectoplasm"},{"not_picked":["Runic Dome","Lizard Tail"],"picked":"Astrolabe"}],"items_purged_floors":[],"is_endless":false,"potions_floor_spawned":[1,8,12,14,18,20,29,35,38,48],"killed_by":"Awakened One","ascension_level":6}