{"gold_per_floor":[116,116,35,47,47,72,72,97,97,126,145,145,162,182,182,261,261,280,280,24,24,36,36,68,68,145,201,201,201,141,221,221,221],"floor_reached":33,"playtime":1137,"items_purged":["Strike_R"],"score":723,"play_id":"7e0c2231-9a8d-4bf6-aaf7-267292111adc","local_time":"20190705152719","is_ascension_mode":true,"campfire_choices":[{"data":"Hemokinesis","floor":7.0,"key":"SMITH"},{"data":"Cleave","floor":12.0,"key":"SMITH"},{"data":"Bash","floor":15.0,"key":"SMITH"},{"floor":23.0,"key":"REST"},{"data":"Feel No Pain","floor":25.0,"key":"SMITH"},{"floor":32,"key":"REST"}],"neow_cost":"NONE","seed_source_timestamp":5971861655814880,"circlet_count":0,"master_deck":["AscendersBane","Strike_R","Strike_R","Strike_R","Strike_R","Defend_R","Defend_R","Defend_R+1","Defend_R+1","Bash+1","Hemokinesis+1","Feel No Pain+1","Feed","Shrug It Off","Cleave+1","Shockwave","Dropkick","Spot Weakness","Dropkick","Bludgeon","Headbutt","Metallicize","Sever Soul"],"special_seed":0,"relics":["Burning Blood","NeowsBlessing","Gambling Chip","Ginger","The Courier","Sundial","Black Star","Prayer Wheel","Dead Branch","Nunchaku","Kunai","Tiny Chest","PreservedInsect"],"potions_floor_usage":[],"damage_taken":[{"damage":0.0,"enemies":"Jaw Worm","floor":1.0,"turns":1.0},{"damage":0.0,"enemies":"Cultist","floor":4.0,"turns":1.0},{"damage":0.0,"enemies":"Gremlin Nob","floor":6.0,"turns":1.0},{"damage":32.0,"enemies":"Lagavulin","floor":8.0,"turns":8.0},{"damage":21.0,"enemies":"3 Sentries","floor":10.0,"turns":8.0},{"damage":4.0,"enemies":"Small Slimes","floor":11.0,"turns":3.0},{"damage":2.0,"enemies":"Looter","floor":13.0,"turns":3.0},{"damage":0.0,"enemies":"3 Louse","floor":14.0,"turns":2.0},{"damage":40.0,"enemies":"Slime Boss","floor":16.0,"turns":12.0},{"damage":38.0,"enemies":"3 Byrds","floor":18.0,"turns":8.0},{"damage":34.0,"enemies":"2 Thieves","floor":22.0,"turns":4.0},{"damage":2.0,"enemies":"Gremlin Leader","floor":24.0,"turns":11.0},{"damage":46.0,"enemies":"Book of Stabbing","floor":27.0,"turns":5.0},{"damage":78,"enemies":"Automaton","floor":33,"turns":6}],"seed_played":"5436383071783294838","potions_obtained":[{"floor":4.0,"key":"Weak Potion"},{"floor":8.0,"key":"Strength Potion"},{"floor":13.0,"key":"SpeedPotion"},{"floor":16.0,"key":"SpeedPotion"},{"floor":22.0,"key":"FearPotion"}],"is_trial":false,"path_per_floor":["M","?","$","M","?","E","R","E","T","E","M","R","M","M","R","B",null,"M","?","$","?","M","R","E","R","T","E","$","?","$","T","R","B"],"character_chosen":"IRONCLAD","items_purchased":["Feel No Pain","Prayer Wheel"],"campfire_rested":2,"item_purchase_floors":[3,20],"current_hp_per_floor":[74,51,51,57,57,66,66,43,43,31,36,36,43,49,49,18,74,45,45,45,45,20,49,56,56,56,16,16,36,36,36,66,0],"gold":221,"neow_bonus":"THREE_ENEMY_KILL","is_prod":false,"is_daily":false,"chose_seed":false,"campfire_upgraded":4,"win_rate":0,"timestamp":1562354839,"path_taken":["M","?","$","M","?","E","R","E","T","E","?","R","M","M","R","BOSS","M","?","$","?","M","R","E","R","T","E","$","?","$","?","R","BOSS"],"build_version":"2019-07-01","purchased_purges":1,"victory":false,"max_hp_per_floor":[75,75,75,75,75,78,78,81,81,84,87,87,90,90,90,93,93,96,96,96,96,99,99,102,102,102,102,102,102,102,102,102,102],"card_choices":[{"not_picked":["Warcry","Inflame"],"picked":"Hemokinesis","floor":1.0},{"not_picked":["Rage","Wild Strike","Carnage"],"picked":"SKIP","floor":4.0},{"not_picked":["Sword Boomerang","Corruption"],"picked":"Cleave","floor":6.0},{"not_picked":["Flex","Fire Breathing"],"picked":"Shockwave","floor":8.0},{"not_picked":["Sword Boomerang","Bloodletting","Entrench"],"picked":"SKIP","floor":10.0},{"not_picked":["Carnage","Headbutt"],"picked":"Dropkick","floor":11.0},{"not_picked":["Feed","Carnage"],"picked":"Spot Weakness","floor":13.0},{"not_picked":["Combust","Inflame"],"picked":"Dropkick","floor":14.0},{"not_picked":["Offering","Demon Form"],"picked":"Bludgeon","floor":16.0},{"not_picked":["Sentinel","Power Through"],"picked":"Headbutt","floor":18.0},{"not_picked":["Thunderclap","Perfected Strike","Warcry"],"picked":"SKIP","floor":22.0},{"not_picked":["Spot Weakness","Carnage","Searing Blow"],"picked":"SKIP","floor":22.0},{"not_picked":["Iron Wave","Feel No Pain"],"picked":"Metallicize","floor":24.0},{"not_picked":["Sword Boomerang","Entrench"],"picked":"Sever Soul","floor":27.0}],"player_experience":875931,"relics_obtained":[{"floor":6.0,"key":"Gambling Chip"},{"floor":8.0,"key":"Ginger"},{"floor":9.0,"key":"The Courier"},{"floor":10.0,"key":"Sundial"},{"floor":24.0,"key":"Dead Branch"},{"floor":24.0,"key":"Nunchaku"},{"floor":26.0,"key":"Kunai"},{"floor":27.0,"key":"Tiny Chest"},{"floor":27.0,"key":"PreservedInsect"}],"event_choices":[{"damage_healed":0.0,"max_hp_gain":0.0,"max_hp_loss":0.0,"gold_gain":0.0,"event_name":"Shining Light","player_choice":"Entered Light","floor":2.0,"gold_loss":0.0,"damage_taken":23.0,"cards_upgraded":["Defend_R","Defend_R"]},{"damage_healed":0.0,"max_hp_gain":0.0,"max_hp_loss":0.0,"gold_gain":0.0,"event_name":"Match and Keep!","player_choice":"2 cards matched","floor":5.0,"gold_loss":0.0,"damage_taken":0.0,"cards_obtained":["Feed","Shrug It Off"]},{"damage_healed":0.0,"max_hp_gain":0.0,"max_hp_loss":0.0,"gold_gain":0.0,"event_name":"Ghosts","player_choice":"Ignored","floor":19.0,"gold_loss":0.0,"damage_taken":0.0},{"damage_healed":0.0,"max_hp_gain":0.0,"max_hp_loss":0.0,"gold_gain":0.0,"event_name":"The Mausoleum","player_choice":"Ignored","floor":21.0,"gold_loss":0.0,"damage_taken":0.0},{"damage_healed":20.0,"max_hp_gain":0.0,"max_hp_loss":0.0,"gold_gain":0.0,"event_name":"The Library","player_choice":"Heal","floor":29.0,"gold_loss":0.0,"damage_taken":0.0}],"is_beta":false,"boss_relics":[{"not_picked":["Fusion Hammer","Empty Cage"],"picked":"Black Star"}],"items_purged_floors":[30],"is_endless":false,"potions_floor_spawned":[4,8,13,16,22],"killed_by":"Automaton","ascension_level":20}