{"gold_per_floor":[111,35,35,35,35,68,68,82,107,107,143,162,162,176,176,266,266,186,186,111,111,111,111],"floor_reached":23,"playtime":641,"items_purged":["Pain"],"score":426,"play_id":"fd643d94-f83a-4462-b79d-0c56c0c448cc","local_time":"20190422215401","is_ascension_mode":true,"campfire_choices":[{"data":"Bash","floor":10.0,"key":"SMITH"},{"data":"Armaments","floor":15.0,"key":"SMITH"}],"neow_cost":"NONE","seed_source_timestamp":10567874562783124,"circlet_count":0,"master_deck":["AscendersBane","Strike_R","Strike_R","Strike_R","Strike_R","Strike_R","Defend_R","Defend_R","Defend_R","Defend_R","Bash+1","Dropkick","Dropkick","Flame Barrier","Evolve","Armaments+1","Searing Blow","Wild Strike","Barricade","Shrug It Off","Metallicize","Cleave"],"special_seed":0,"relics":["Burning Blood","NeowsBlessing","Golden Idol","WarpedTongs","Potion Belt","Bag of Marbles","Mercury Hourglass","Ectoplasm"],"potions_floor_usage":[21,21,23],"damage_taken":[{"damage":0.0,"enemies":"Cultist","floor":1.0,"turns":1.0},{"damage":0.0,"enemies":"Gremlin Nob","floor":6.0,"turns":1.0},{"damage":0.0,"enemies":"Jaw Worm","floor":8.0,"turns":1.0},{"damage":30.0,"enemies":"3 Sentries","floor":11.0,"turns":9.0},{"damage":3.0,"enemies":"Small Slimes","floor":12.0,"turns":2.0},{"damage":2.0,"enemies":"2 Fungi Beasts","floor":14.0,"turns":4.0},{"damage":28.0,"enemies":"Slime Boss","floor":16.0,"turns":9.0},{"damage":23.0,"enemies":"2 Thieves","floor":18.0,"turns":3.0},{"damage":22,"enemies":"3 Byrds","floor":19,"turns":4},{"damage":8,"enemies":"3 Cultists","floor":21,"turns":6},{"damage":27,"enemies":"Gremlin Leader","floor":23,"turns":5}],"seed_played":"-436517898736334969","potions_obtained":[{"floor":6.0,"key":"Strength Potion"},{"floor":12.0,"key":"Energy Potion"},{"floor":14.0,"key":"Strength Potion"},{"floor":18,"key":"SneckoOil"}],"is_trial":false,"path_per_floor":["M","$","?","?","?","E","$","M","T","R","E","M","?","M","R","B",null,"M","M","$","M","?","E"],"character_chosen":"IRONCLAD","items_purchased":["Dropkick"],"campfire_rested":0,"item_purchase_floors":[2],"current_hp_per_floor":[74,74,74,48,48,54,54,60,60,60,36,39,39,43,43,21,62,45,29,29,27,27,0],"gold":111,"neow_bonus":"THREE_ENEMY_KILL","is_prod":false,"is_daily":false,"chose_seed":false,"campfire_upgraded":2,"win_rate":0,"timestamp":1555984441,"path_taken":["M","?","?","?","?","E","$","?","T","R","E","M","?","M","R","BOSS","M","M","$","M","?","E"],"build_version":"2019-01-23","purchased_purges":1,"victory":false,"max_hp_per_floor":[75,75,75,75,75,75,75,75,75,75,75,75,75,75,75,75,75,75,75,75,75,75,75],"card_choices":[{"not_picked":["Havoc","Flex"],"picked":"Dropkick","floor":1.0},{"not_picked":["Anger","Bloodletting"],"picked":"Flame Barrier","floor":6.0},{"not_picked":["Flex","Rage"],"picked":"Evolve","floor":8.0},{"not_picked":["Reckless Charge","Body Slam"],"picked":"Armaments","floor":11.0},{"not_picked":["Flex","Warcry"],"picked":"Searing Blow","floor":12.0},{"not_picked":["Perfected Strike","Havoc"],"picked":"Wild Strike","floor":14.0},{"not_picked":["Exhume","Berserk"],"picked":"Barricade","floor":16.0},{"not_picked":["Wild Strike","Sword Boomerang"],"picked":"Shrug It Off","floor":18},{"not_picked":["Dual Wield","Rage"],"picked":"Metallicize","floor":19},{"not_picked":["Armaments","Combust"],"picked":"Cleave","floor":21}],"player_experience":656995,"relics_obtained":[{"floor":6.0,"key":"Potion Belt"},{"floor":9.0,"key":"Bag of Marbles"},{"floor":11.0,"key":"Mercury Hourglass"}],"event_choices":[{"damage_healed":0.0,"max_hp_gain":0.0,"max_hp_loss":0.0,"gold_gain":0.0,"event_name":"Shining Light","player_choice":"Ignored","floor":3.0,"gold_loss":0.0,"damage_taken":0.0},{"damage_healed":0.0,"max_hp_gain":0.0,"max_hp_loss":0.0,"gold_gain":0.0,"event_name":"Golden Idol","player_choice":"Take Damage","floor":4.0,"gold_loss":0.0,"damage_taken":26.0,"relics_obtained":["Golden Idol"]},{"damage_healed":0.0,"max_hp_gain":0.0,"max_hp_loss":0.0,"gold_gain":0.0,"event_name":"Accursed Blacksmith","player_choice":"Rummage","floor":5.0,"gold_loss":0.0,"damage_taken":0.0,"relics_obtained":["WarpedTongs"],"cards_obtained":["Pain"]},{"damage_healed":0.0,"max_hp_gain":0.0,"max_hp_loss":0.0,"gold_gain":0.0,"event_name":"Liars Game","player_choice":"Ignored","floor":13.0,"gold_loss":0.0,"damage_taken":0.0},{"damage_healed":0,"gold_gain":50,"player_choice":"Stole From Cult","damage_taken":0,"max_hp_gain":0,"max_hp_loss":0,"event_name":"Nest","floor":22,"gold_loss":0}],"is_beta":false,"boss_relics":[{"not_picked":["Tiny House","Eternal Feather"],"picked":"Ectoplasm"}],"items_purged_floors":[20],"is_endless":false,"potions_floor_spawned":[6,12,14,18],"killed_by":"Gremlin Leader","ascension_level":18}