{"gold_per_floor":[109,120,120,120,139,169,169,195,195,221,238,248,248],"floor_reached":13,"playtime":1140,"items_purged":[],"score":105,"play_id":"b71de12c-2905-4c4d-b5b2-e61412a46a3f","local_time":"20180702153956","is_ascension_mode":false,"campfire_choices":[],"neow_cost":"NONE","seed_source_timestamp":5457871191121027,"circlet_count":0,"master_deck":["Strike_B","Strike_B","Strike_B+1","Strike_B","Defend_B","Defend_B+1","Defend_B","Defend_B","Zap","Dualcast","Conserve Battery","Ball Lightning+1","Beam Cell","Ball Lightning","Capacitor","Reprogram","Doubt","Auto Shields","Force Field","Leap","Redo"],"relics":["Cracked Core","Calipers","Darkstone Periapt","Centennial Puzzle","Ice Cream"],"potions_floor_usage":[],"damage_taken":[{"damage":0,"enemies":"2 Louse","floor":1,"turns":3},{"damage":0,"enemies":"Jaw Worm","floor":2,"turns":3},{"damage":4,"enemies":"Small Slimes","floor":5,"turns":3},{"damage":6,"enemies":"Gremlin Nob","floor":6,"turns":3},{"damage":18,"enemies":"3 Sentries","floor":8,"turns":5},{"damage":14,"enemies":"Gremlin Nob","floor":10,"turns":3},{"damage":0,"enemies":"3 Louse","floor":11,"turns":4},{"damage":9,"enemies":"Exordium Thugs","floor":12,"turns":4},{"damage":12,"enemies":"Lagavulin","floor":13,"turns":5}],"seed_played":"9112503051488448723","potions_obtained":[{"floor":1,"key":"EssenceOfSteel"},{"floor":10,"key":"SkillPotion"},{"floor":12,"key":"Swift Potion"}],"is_trial":false,"path_per_floor":["M","M","?","?","M","E","?","E","T","E","M","M"],"character_chosen":"DEFECT","items_purchased":[],"campfire_rested":0,"item_purchase_floors":[],"current_hp_per_floor":[75,75,75,60,56,50,50,32,32,18,18,9,0],"gold":248,"neow_bonus":"THREE_CARDS","is_prod":false,"is_daily":false,"chose_seed":false,"campfire_upgraded":0,"win_rate":0,"timestamp":1530560396,"path_taken":["M","M","?","?","?","E","?","E","T","E","M","M","E"],"build_version":"2018-06-28","purchased_purges":0,"victory":false,"max_hp_per_floor":[75,75,75,75,75,75,75,75,75,75,75,75,75],"card_choices":[{"not_picked":["Capacitor","Compile Driver"],"picked":"Conserve Battery","floor":0},{"not_picked":["Static Discharge","Barrage"],"picked":"Ball Lightning","floor":1},{"not_picked":["Compile Driver","Steam"],"picked":"Beam Cell","floor":2},{"not_picked":["Go for the Eyes","Streamline"],"picked":"Ball Lightning","floor":5},{"not_picked":["Fusion","Sweeping Beam"],"picked":"Capacitor","floor":6},{"not_picked":["Go for the Eyes","Ball Lightning"],"picked":"Auto Shields","floor":8},{"not_picked":["Creative AI","Cold Snap"],"picked":"Force Field","floor":10},{"not_picked":["Consume","Steam Power"],"picked":"Leap","floor":11},{"not_picked":["Turbo","Darkness"],"picked":"Redo","floor":12}],"player_experience":41403,"relics_obtained":[{"floor":6,"key":"Calipers"},{"floor":8,"key":"Darkstone Periapt"},{"floor":9,"key":"Centennial Puzzle"},{"floor":10,"key":"Ice Cream"}],"event_choices":[{"event_name":"Living Wall","player_choice":"Grow","floor":3,"damage_taken":0},{"event_name":"Shining Light","player_choice":"Entered Light","floor":4,"damage_taken":0},{"event_name":"Match and Keep!","player_choice":"2 cards matched","floor":7,"damage_taken":0}],"boss_relics":[],"items_purged_floors":[],"is_endless":false,"potions_floor_spawned":[1,10,12],"killed_by":"Lagavulin","ascension_level":0}