{"gold_per_floor":[116,128,87,87,87,119,119,135,159,189,207,226,239,7,7,82,82,102,102,1,21,21,21,21],"floor_reached":24,"playtime":612,"items_purged":[],"score":462,"play_id":"60c7fb4d-c21b-4ea9-9d0e-0928957a8275","local_time":"20190627124230","is_ascension_mode":true,"campfire_choices":[{"data":"Bash","floor":7.0,"key":"SMITH"},{"data":"Demon Form","floor":15.0,"key":"SMITH"},{"floor":23,"key":"REST"}],"neow_cost":"NONE","seed_source_timestamp":5271413561173721,"circlet_count":0,"master_deck":["AscendersBane","Strike_R+1","Strike_R+1","Strike_R+1","Defend_R+1","Defend_R+1","Defend_R+1","Defend_R+1","Bash+1","Cleave","Spot Weakness","Decay","Twin Strike","Feel No Pain","Iron Wave","Clothesline","Combust","Demon Form+1","Heavy Blade","Barricade","Cleave","The Bomb","Power Through"],"special_seed":0,"relics":["Burning Blood","NeowsBlessing","Vajra","Anchor","Centennial Puzzle","Membership Card","Empty Cage"],"potions_floor_usage":[24],"damage_taken":[{"damage":0.0,"enemies":"Jaw Worm","floor":1.0,"turns":1.0},{"damage":0.0,"enemies":"2 Louse","floor":2.0,"turns":1.0},{"damage":0.0,"enemies":"Gremlin Nob","floor":6.0,"turns":1.0},{"damage":0.0,"enemies":"Cultist","floor":8.0,"turns":2.0},{"damage":8.0,"enemies":"3 Sentries","floor":10.0,"turns":6.0},{"damage":13.0,"enemies":"Blue Slaver","floor":11.0,"turns":3.0},{"damage":0.0,"enemies":"3 Louse","floor":12.0,"turns":3.0},{"damage":13.0,"enemies":"Exordium Wildlife","floor":13.0,"turns":4.0},{"damage":40.0,"enemies":"The Guardian","floor":16.0,"turns":9.0},{"damage":49,"enemies":"Spheric Guardian","floor":18,"turns":6},{"damage":17,"enemies":"2 Thieves","floor":21,"turns":5},{"damage":31,"enemies":"Book of Stabbing","floor":24,"turns":4}],"seed_played":"-7532105020809965228","potions_obtained":[{"floor":1.0,"key":"Block Potion"},{"floor":2.0,"key":"Dexterity Potion"}],"is_trial":false,"path_per_floor":["M","M","$","?","?","E","R","M","T","E","M","M","M","$","R","B",null,"M","?","$","M","?","R","E"],"character_chosen":"IRONCLAD","items_purchased":["Spot Weakness","Membership Card","Heavy Blade","The Bomb"],"campfire_rested":1,"item_purchase_floors":[3,14,14,20],"current_hp_per_floor":[74,75,75,52,52,58,58,64,64,62,55,61,54,54,54,20,61,18,18,18,7,7,29,0],"gold":21,"neow_bonus":"THREE_ENEMY_KILL","is_prod":false,"is_daily":false,"chose_seed":false,"campfire_upgraded":2,"win_rate":0,"timestamp":1561653750,"path_taken":["M","M","$","?","?","E","R","?","T","E","M","M","M","$","R","BOSS","M","?","$","M","?","R","E"],"build_version":"2019-01-23","purchased_purges":0,"victory":false,"max_hp_per_floor":[75,75,75,75,75,75,75,75,75,75,75,75,75,75,75,75,75,75,75,75,75,75,75,75],"card_choices":[{"not_picked":["Combust","Metallicize"],"picked":"Cleave","floor":1.0},{"not_picked":["Evolve","Havoc","Hemokinesis"],"picked":"SKIP","floor":2.0},{"not_picked":["Cleave","Thunderclap"],"picked":"Twin Strike","floor":6.0},{"not_picked":["Carnage","Rage"],"picked":"Feel No Pain","floor":8.0},{"not_picked":["Infernal Blade","Pommel Strike"],"picked":"Iron Wave","floor":10.0},{"not_picked":["Armaments","Wild Strike"],"picked":"Clothesline","floor":11.0},{"not_picked":["Ghostly Armor","Corruption"],"picked":"Combust","floor":12.0},{"not_picked":["Metallicize","Flex"],"picked":"Demon Form","floor":13.0},{"not_picked":["Limit Break","Impervious"],"picked":"Barricade","floor":16.0},{"not_picked":["Warcry","Feel No Pain"],"picked":"Cleave","floor":18},{"not_picked":["Wild Strike","Havoc"],"picked":"Power Through","floor":21}],"player_experience":793126,"relics_obtained":[{"floor":6.0,"key":"Vajra"},{"floor":9.0,"key":"Anchor"},{"floor":10.0,"key":"Centennial Puzzle"}],"event_choices":[{"damage_healed":0.0,"max_hp_gain":0.0,"max_hp_loss":0.0,"gold_gain":0.0,"event_name":"Shining Light","player_choice":"Entered Light","floor":4.0,"gold_loss":0.0,"damage_taken":23.0,"cards_upgraded":["Strike_R","Defend_R"]},{"damage_healed":0.0,"max_hp_gain":0.0,"max_hp_loss":0.0,"gold_gain":0.0,"event_name":"Wheel of Change","player_choice":"Cursed","floor":5.0,"gold_loss":0.0,"damage_taken":0.0,"cards_obtained":["Decay"]},{"damage_healed":0,"gold_gain":0,"player_choice":"Simplicity","damage_taken":0,"max_hp_gain":0,"max_hp_loss":0,"event_name":"Back to Basics","floor":19,"gold_loss":0,"cards_upgraded":["Strike_R","Strike_R","Defend_R","Defend_R","Defend_R"]}],"is_beta":false,"boss_relics":[{"not_picked":["Calling Bell","Orrery"],"picked":"Empty Cage"}],"items_purged_floors":[],"is_endless":false,"potions_floor_spawned":[1,2,6],"killed_by":"Book of Stabbing","ascension_level":20}