{"gold_per_floor":[114,128,128,148,148,177,177,207,207,139,154,79,79,98,98,176,176],"floor_reached":17,"playtime":519,"items_purged":["Strike_R"],"score":330,"play_id":"e450dadf-ce45-47cb-a915-1ee3cf1c37a6","local_time":"20190610105213","is_ascension_mode":true,"campfire_choices":[{"floor":7,"key":"REST"},{"floor":13,"key":"REST"},{"data":"Flame Barrier","floor":15,"key":"SMITH"}],"neow_cost":"NONE","seed_source_timestamp":59948126882500,"circlet_count":0,"master_deck":["AscendersBane","Bash","Dropkick","Flame Barrier+1","Spot Weakness","Twin Strike","Clothesline","Pommel Strike","Twin Strike","Immolate","Warcry","Disarm","Flame Barrier","Immolate","Demon Form","Seeing Red"],"relics":["Burning Blood","Mercury Hourglass","Omamori","Torii","Dodecahedron","Pandora\u0027s Box"],"potions_floor_usage":[6,16],"damage_taken":[{"damage":25,"enemies":"Jaw Worm","floor":1,"turns":7},{"damage":2,"enemies":"2 Louse","floor":2,"turns":3},{"damage":6,"enemies":"Cultist","floor":4,"turns":4},{"damage":23,"enemies":"Lagavulin","floor":6,"turns":7},{"damage":35,"enemies":"3 Sentries","floor":8,"turns":8},{"damage":7,"enemies":"Large Slime","floor":11,"turns":6},{"damage":16,"enemies":"Exordium Wildlife","floor":14,"turns":5},{"damage":44,"enemies":"The Guardian","floor":16,"turns":11}],"seed_played":"-7664108645740963880","potions_obtained":[{"floor":1,"key":"Poison Potion"},{"floor":6,"key":"Regen Potion"},{"floor":8,"key":"EssenceOfSteel"},{"floor":14,"key":"Strength Potion"},{"floor":16,"key":"SkillPotion"}],"is_trial":false,"path_per_floor":["M","M","?","M","T","E","R","E","T","?","M","$","R","M","R","B",null],"character_chosen":"IRONCLAD","items_purchased":[],"campfire_rested":2,"item_purchase_floors":[],"current_hp_per_floor":[49,53,46,46,46,29,51,22,22,22,21,21,43,33,33,10,10],"gold":176,"neow_bonus":"REMOVE_CARD","is_prod":false,"is_daily":false,"chose_seed":false,"campfire_upgraded":1,"win_rate":0,"timestamp":1560160333,"path_taken":["M","M","?","M","?","E","R","E","T","?","M","$","R","M","R","BOSS"],"build_version":"2019-01-23","purchased_purges":1,"victory":false,"max_hp_per_floor":[75,75,75,75,75,75,75,75,75,75,75,75,75,75,75,75,75],"card_choices":[{"not_picked":["Headbutt","Anger"],"picked":"Dropkick","floor":1},{"not_picked":["Clothesline","Hemokinesis"],"picked":"Flame Barrier","floor":2},{"not_picked":["Headbutt","Perfected Strike"],"picked":"Spot Weakness","floor":4},{"not_picked":["Havoc","Dual Wield"],"picked":"Twin Strike","floor":6},{"not_picked":["Second Wind","Flex"],"picked":"Clothesline","floor":8},{"not_picked":["Rupture","Fire Breathing"],"picked":"Pommel Strike","floor":11},{"not_picked":["Evolve","Body Slam"],"picked":"Twin Strike","floor":14},{"not_picked":["Reaper","Barricade"],"picked":"Immolate","floor":16}],"player_experience":1441937,"relics_obtained":[{"floor":5,"key":"Mercury Hourglass"},{"floor":6,"key":"Omamori"},{"floor":8,"key":"Torii"},{"floor":9,"key":"Dodecahedron"}],"event_choices":[{"cards_removed":["Strike_R"],"damage_healed":0,"gold_gain":0,"player_choice":"Card Removal","damage_taken":7,"max_hp_gain":0,"max_hp_loss":0,"event_name":"Golden Wing","floor":3,"gold_loss":0},{"damage_healed":0,"gold_gain":0,"player_choice":"Left Gold","damage_taken":0,"max_hp_gain":0,"max_hp_loss":0,"event_name":"World of Goop","floor":10,"gold_loss":68}],"is_beta":false,"boss_relics":[{"not_picked":["Black Star","Runic Cube"],"picked":"Pandora\u0027s Box"}],"items_purged_floors":[12],"is_endless":false,"potions_floor_spawned":[1,6,8,14,16],"ascension_level":20}