{"gold_per_floor":[213,19,36,53,71,100,100,100,100,110,139,155,186,247,247,319,319,336,354,374,74,74,74,101,101,101,101,101,126,126,145,145,222,272,284,296,313,329,88,88,122,139,189,269,285,285,295,306,306,306],"floor_reached":51,"playtime":2423,"items_purged":["Strike_B","Strike_B"],"score":1400,"play_id":"19810947-e9ec-4e9a-bce7-83072270fbd7","local_time":"20180728223122","is_ascension_mode":true,"campfire_choices":[{"floor":7.0,"key":"REST"},{"floor":15.0,"key":"REST"},{"floor":23.0,"key":"REST"},{"data":"Go for the Eyes","floor":25,"key":"SMITH"},{"floor":28,"key":"DIG"},{"floor":30,"key":"DIG"},{"floor":32,"key":"REST"},{"floor":40,"key":"REST"},{"floor":46,"key":"REST"},{"floor":49,"key":"REST"}],"neow_cost":"NONE","seed_source_timestamp":1819376637464894,"circlet_count":0,"master_deck":["Strike_B","Strike_B","Defend_B","Defend_B","Defend_B","Defend_B","Zap+1","Dualcast","AscendersBane","Steam","Cold Snap+1","Ball Lightning","Go for the Eyes+1","FTL","Hologram","Barrage","Hologram","Conserve Battery","Electrodynamics","Ball Lightning+1","Go for the Eyes","Capacitor","Biased Cognition","Auto Shields","Glacier","Clumsy","Parasite","Leap","Conserve Battery","Biased Cognition","Rebound+1","Loop","Go for the Eyes+1","Echo Form","Steam","Hologram+1","Clumsy","Injury","Defragment","FTL+1"],"special_seed":0,"relics":["Cracked Core","Strawberry","Pantograph","Shovel","Du-Vu Doll","Bird Faced Urn","Bronze Scales","Cursed Key","Bottled Tornado","Anchor","Darkstone Periapt","Potion Belt","Oddly Smooth Stone","Lantern","Tiny House","Mango","Whetstone","Gremlin Horn"],"potions_floor_usage":[24,29,33,45,45,48,50],"damage_taken":[{"damage":0.0,"enemies":"2 Louse","floor":1.0,"turns":1.0},{"damage":10.0,"enemies":"Jaw Worm","floor":3.0,"turns":4.0},{"damage":1.0,"enemies":"Cultist","floor":4.0,"turns":4.0},{"damage":19.0,"enemies":"Gremlin Gang","floor":5.0,"turns":4.0},{"damage":16.0,"enemies":"Lagavulin","floor":6.0,"turns":6.0},{"damage":1.0,"enemies":"Large Slime","floor":10.0,"turns":5.0},{"damage":11.0,"enemies":"3 Sentries","floor":11.0,"turns":5.0},{"damage":1.0,"enemies":"3 Louse","floor":12.0,"turns":3.0},{"damage":10.0,"enemies":"Gremlin Nob","floor":13.0,"turns":3.0},{"damage":14.0,"enemies":"Lagavulin Event","floor":14.0,"turns":5.0},{"damage":27.0,"enemies":"Slime Boss","floor":16.0,"turns":9.0},{"damage":0.0,"enemies":"Spheric Guardian","floor":18.0,"turns":3.0},{"damage":5.0,"enemies":"Chosen","floor":19.0,"turns":3.0},{"damage":11.0,"enemies":"Snake Plant","floor":20.0,"turns":3.0},{"damage":13,"enemies":"Book of Stabbing","floor":24,"turns":6},{"damage":26,"enemies":"Slavers","floor":29,"turns":5},{"damage":7,"enemies":"Slaver and Parasite","floor":31,"turns":6},{"damage":68,"enemies":"Automaton","floor":33,"turns":13},{"damage":2,"enemies":"Flame Bruiser 1 Orb","floor":35,"turns":6},{"damage":25,"enemies":"3 Darklings","floor":36,"turns":6},{"damage":0,"enemies":"Spire Growth","floor":37,"turns":4},{"damage":19,"enemies":"4 Shapes","floor":38,"turns":6},{"damage":62,"enemies":"2 Orb Walkers","floor":41,"turns":6},{"damage":18,"enemies":"Flame Bruiser 2 Orb","floor":42,"turns":7},{"damage":0,"enemies":"Transient","floor":45,"turns":5},{"damage":14,"enemies":"Sphere and 2 Shapes","floor":47,"turns":4},{"damage":2,"enemies":"Flame Bruiser 2 Orb","floor":48,"turns":5},{"damage":95,"enemies":"Time Eater","floor":50,"turns":12}],"seed_played":"2127194662043134786","potions_obtained":[{"floor":3.0,"key":"Weak Potion"},{"floor":5.0,"key":"Swift Potion"},{"floor":13.0,"key":"SkillPotion"},{"floor":14.0,"key":"Explosive Potion"},{"floor":22.0,"key":"SkillPotion"},{"floor":22.0,"key":"Dexterity Potion"},{"floor":24,"key":"Weak Potion"},{"floor":29,"key":"SkillPotion"},{"floor":34,"key":"Weak Potion"},{"floor":36,"key":"SkillPotion"},{"floor":41,"key":"Poison Potion"},{"floor":47,"key":"Fire Potion"}],"is_trial":false,"path_per_floor":["M","$","M","M","M","E","R","?","T","M","E","M","E","?","R","B",null,"M","M","M","$","?","R","E","R","T","T","R","E","R","M","R","B",null,"M","M","M","M","$","R","E","M","T","T","M","R","M","M","R","B"],"character_chosen":"DEFECT","items_purchased":["Strawberry","Cold Snap","Biased Cognition","Auto Shields","Echo Form"],"campfire_rested":7,"item_purchase_floors":[2,2,21,21,39],"current_hp_per_floor":[64,71,61,60,41,25,48,48,48,47,36,35,25,11,34,32,67,67,62,53,53,53,76,67,67,67,67,67,43,43,38,61,14,67,69,48,56,45,45,69,29,21,27,33,39,71,67,71,103,26],"gold":306,"neow_bonus":"HUNDRED_GOLD","is_prod":false,"is_daily":false,"chose_seed":false,"campfire_upgraded":1,"win_rate":0,"timestamp":1532831482,"path_taken":["M","$","M","M","M","E","R","?","T","M","E","?","E","?","R","BOSS","M","M","M","$","?","R","E","R","T","?","R","E","R","?","R","BOSS","M","M","M","M","$","R","E","?","T","?","M","R","M","M","R","BOSS"],"build_version":"2018-07-26","purchased_purges":2,"victory":true,"max_hp_per_floor":[71,78,78,78,78,78,78,78,78,78,78,78,78,78,78,78,78,78,78,78,78,78,78,78,78,78,78,78,78,78,78,78,78,83,83,83,83,83,83,83,97,97,103,109,109,109,109,109,109,109],"card_choices":[{"not_picked":["Hologram","BootSequence"],"picked":"Steam","floor":1.0},{"not_picked":["Scrape","Fusion","Storm"],"picked":"SKIP","floor":3.0},{"not_picked":["Blizzard","Cold Snap"],"picked":"Ball Lightning","floor":4.0},{"not_picked":["Leap","Streamline"],"picked":"Go for the Eyes","floor":5.0},{"not_picked":["Hologram","Stack"],"picked":"FTL","floor":6.0},{"not_picked":["Coolheaded","Skim"],"picked":"Hologram","floor":10.0},{"not_picked":["Hologram","Doom and Gloom"],"picked":"Barrage","floor":11.0},{"not_picked":["Thunder Strike","Stack","Recycle"],"picked":"SKIP","floor":12.0},{"not_picked":["Storm","Stack"],"picked":"Hologram","floor":13.0},{"not_picked":["Barrage","Undo"],"picked":"Conserve Battery","floor":14.0},{"not_picked":["Seek","Creative AI"],"picked":"Electrodynamics","floor":16.0},{"not_picked":["Steam","Sweeping Beam"],"picked":"Ball Lightning","floor":18.0},{"not_picked":["Streamline","Stack"],"picked":"Go for the Eyes","floor":19.0},{"not_picked":["Genetic Algorithm","Turbo"],"picked":"Capacitor","floor":20.0},{"not_picked":["Redo","Compile Driver"],"picked":"Glacier","floor":24},{"not_picked":["Buffer","Barrage"],"picked":"Leap","floor":29},{"not_picked":["Coolheaded+1","Rebound"],"picked":"Conserve Battery","floor":31},{"not_picked":["Rainbow","Electrodynamics"],"picked":"Biased Cognition","floor":33},{"not_picked":["Reprogram","Redo+1"],"picked":"Rebound+1","floor":34},{"not_picked":["Doom and Gloom","Go for the Eyes","Hologram"],"picked":"SKIP","floor":35},{"not_picked":["Cold Snap","Barrage+1"],"picked":"Loop","floor":36},{"not_picked":["Rebound","Sweeping Beam"],"picked":"Go for the Eyes","floor":37},{"not_picked":["Sweeping Beam+1","Barrage","Go for the Eyes"],"picked":"SKIP","floor":38},{"not_picked":["Tempest","Electrodynamics"],"picked":"Steam","floor":41},{"not_picked":["Streamline","Conserve Battery"],"picked":"Hologram+1","floor":42},{"not_picked":["Doom and Gloom","Go for the Eyes+1"],"picked":"Defragment","floor":45},{"not_picked":["Electrodynamics","Reprogram","Redo"],"picked":"SKIP","floor":47},{"not_picked":["Loop","Cold Snap"],"picked":"FTL+1","floor":48}],"player_experience":181041,"relics_obtained":[{"floor":6.0,"key":"Pantograph"},{"floor":9.0,"key":"Shovel"},{"floor":11.0,"key":"Du-Vu Doll"},{"floor":13.0,"key":"Bird Faced Urn"},{"floor":14.0,"key":"Bronze Scales"},{"floor":24,"key":"Bottled Tornado"},{"floor":26,"key":"Anchor"},{"floor":27,"key":"Darkstone Periapt"},{"floor":28,"key":"Potion Belt"},{"floor":29,"key":"Oddly Smooth Stone"},{"floor":30,"key":"Lantern"},{"floor":41,"key":"Mango"},{"floor":43,"key":"Whetstone"},{"floor":44,"key":"Gremlin Horn"}],"event_choices":[{"event_name":"Living Wall","player_choice":"Grow","floor":8.0,"damage_taken":0.0},{"event_name":"Dead Adventurer","player_choice":"Searched \u00271\u0027 times","floor":14.0,"damage_taken":0.0},{"event_name":"The Lab","player_choice":"Got Potions","floor":22.0,"damage_taken":0.0}],"is_beta":false,"boss_relics":[{"not_picked":["Coffee Dripper","FrozenCore"],"picked":"Cursed Key"},{"not_picked":["Lizard Tail","Astrolabe"],"picked":"Tiny House"}],"items_purged_floors":[21,39],"is_endless":false,"potions_floor_spawned":[3,5,10,11,13,14,14,24,29,36,41,42,47],"ascension_level":14}