{"gold_per_floor":[119,129,144,144,169,204,263,273,297,309,322,336,336,350,350,350],"floor_reached":16,"playtime":387,"items_purged":[],"score":106,"play_id":"55c010a3-d182-47ff-a6f0-1995d6c7c1ef","local_time":"20190709142505","is_ascension_mode":false,"campfire_choices":[{"data":"Bash","floor":13,"key":"SMITH"},{"data":"Double Tap","floor":15,"key":"SMITH"}],"neow_cost":"NONE","seed_source_timestamp":6314472447094747,"circlet_count":0,"master_deck":["Strike_R","Strike_R","Strike_R","Strike_R","Strike_R","Defend_R","Defend_R","Defend_R","Defend_R","Bash+1","Double Tap+1"],"special_seed":0,"relics":["Burning Blood","NeowsBlessing","Bag of Preparation","Vajra","Mercury Hourglass","Orichalcum"],"potions_floor_usage":[7],"damage_taken":[{"damage":0.0,"enemies":"Cultist","floor":1.0,"turns":1.0},{"damage":0.0,"enemies":"Jaw Worm","floor":2.0,"turns":1.0},{"damage":0.0,"enemies":"Small Slimes","floor":3.0,"turns":1.0},{"damage":56,"enemies":"3 Sentries","floor":6,"turns":12},{"damage":15,"enemies":"Gremlin Nob","floor":7,"turns":4},{"damage":5,"enemies":"Exordium Thugs","floor":8,"turns":4},{"damage":0,"enemies":"Exordium Wildlife","floor":10,"turns":3},{"damage":0,"enemies":"Blue Slaver","floor":11,"turns":5},{"damage":1,"enemies":"3 Louse","floor":12,"turns":2},{"damage":6,"enemies":"Exordium Thugs","floor":14,"turns":3},{"damage":20,"enemies":"The Guardian","floor":16,"turns":6}],"seed_played":"9123930147249378471","potions_obtained":[{"floor":3.0,"key":"Swift Potion"},{"floor":8,"key":"SteroidPotion"},{"floor":10,"key":"Swift Potion"},{"floor":12,"key":"FearPotion"}],"is_trial":false,"path_per_floor":["M","M","M","$","T","E","?","M","T","M","M","M","R","M","R","B"],"character_chosen":"IRONCLAD","items_purchased":[],"campfire_rested":0,"item_purchase_floors":[],"current_hp_per_floor":[80,80,80,80,80,30,21,22,22,28,34,39,39,39,39,19],"gold":350,"neow_bonus":"THREE_ENEMY_KILL","is_prod":false,"is_daily":false,"chose_seed":false,"campfire_upgraded":2,"win_rate":0,"timestamp":1562696705,"path_taken":["M","M","M","$","?","E","?","M","T","M","M","M","R","M","R","BOSS"],"build_version":"2019-07-05","purchased_purges":0,"victory":false,"max_hp_per_floor":[80,80,80,80,80,80,80,80,80,80,80,80,80,80,80,80],"card_choices":[{"not_picked":["Iron Wave","Sentinel","Carnage"],"picked":"SKIP","floor":1.0},{"not_picked":["Evolve","Pummel","Clothesline"],"picked":"SKIP","floor":2.0},{"not_picked":["Dual Wield","Fire Breathing","Metallicize"],"picked":"SKIP","floor":3.0},{"not_picked":["Sword Boomerang","Dual Wield","Sentinel"],"picked":"SKIP","floor":6},{"not_picked":["Metallicize","Flex","Pommel Strike"],"picked":"SKIP","floor":8},{"not_picked":["Flex","Combust","Sword Boomerang"],"picked":"SKIP","floor":10},{"not_picked":["Sword Boomerang","Battle Trance","Rupture"],"picked":"SKIP","floor":11},{"not_picked":["Pommel Strike","Pummel","Wild Strike"],"picked":"SKIP","floor":12},{"not_picked":["Corruption","Wild Strike"],"picked":"Double Tap","floor":14}],"player_experience":930770,"relics_obtained":[{"floor":5,"key":"Bag of Preparation"},{"floor":6,"key":"Vajra"},{"floor":7,"key":"Mercury Hourglass"},{"floor":9,"key":"Orichalcum"}],"event_choices":[{"damage_healed":0,"gold_gain":0,"player_choice":"Searched \u00271\u0027 times","damage_taken":0,"max_hp_gain":0,"max_hp_loss":0,"event_name":"Dead Adventurer","floor":7,"gold_loss":0}],"is_beta":false,"boss_relics":[],"items_purged_floors":[],"is_endless":false,"potions_floor_spawned":[3,8,10,12],"killed_by":"The Guardian","ascension_level":0}