{"gold_per_floor":[115,115,130,148,166,182,209,209,258,41,70,70,87,87,87,87],"floor_reached":16,"playtime":462,"items_purged":[],"score":224,"play_id":"62c5c8c1-353a-4f24-91ce-977caf3632ba","local_time":"20190701211023","is_ascension_mode":true,"campfire_choices":[{"data":"Caltrops","floor":8.0,"key":"SMITH"},{"data":"Apotheosis","floor":15,"key":"SMITH"}],"neow_cost":"NONE","seed_source_timestamp":5647624188754437,"circlet_count":0,"master_deck":["AscendersBane","Strike_G","Strike_G","Strike_G","Strike_G","Strike_G","Defend_G","Defend_G","Defend_G","Defend_G","Defend_G","Survivor","Neutralize","Bouncing Flask","Pain","Footwork","Predator","Backstab","Dodge and Roll","Caltrops+1","Apotheosis+1","Flying Knee","Die Die Die","Backflip","Parasite"],"special_seed":0,"relics":["Ring of the Snake","NeowsBlessing","WarpedTongs","Incense Burner","Regal Pillow","Mummified Hand"],"potions_floor_usage":[],"damage_taken":[{"damage":0.0,"enemies":"Small Slimes","floor":1.0,"turns":1.0},{"damage":0.0,"enemies":"Cultist","floor":3.0,"turns":1.0},{"damage":0.0,"enemies":"2 Louse","floor":4.0,"turns":1.0},{"damage":2.0,"enemies":"Large Slime","floor":5.0,"turns":5.0},{"damage":4.0,"enemies":"Red Slaver","floor":6.0,"turns":3.0},{"damage":22.0,"enemies":"Gremlin Nob","floor":7.0,"turns":5.0},{"damage":18.0,"enemies":"3 Sentries","floor":11.0,"turns":10.0},{"damage":4.0,"enemies":"Exordium Thugs","floor":13.0,"turns":2.0},{"damage":25,"enemies":"Hexaghost","floor":16,"turns":8}],"seed_played":"3664449904436151161","potions_obtained":[{"floor":3.0,"key":"Ancient Potion"},{"floor":5.0,"key":"FearPotion"},{"floor":11.0,"key":"AttackPotion"}],"is_trial":false,"path_per_floor":["M","?","M","M","M","M","E","R","T","$","E","?","M","?","R","B"],"character_chosen":"THE_SILENT","items_purchased":["Apotheosis","Flying Knee"],"campfire_rested":0,"item_purchase_floors":[10,10],"current_hp_per_floor":[59,59,59,59,57,53,31,31,31,31,13,13,9,25,25,0],"gold":87,"neow_bonus":"THREE_ENEMY_KILL","is_prod":false,"is_daily":false,"chose_seed":false,"campfire_upgraded":2,"win_rate":0,"timestamp":1562029823,"path_taken":["M","?","M","M","?","M","E","R","T","$","E","?","M","?","R","BOSS"],"build_version":"2019-07-01","purchased_purges":0,"victory":false,"max_hp_per_floor":[66,66,66,66,66,66,66,66,66,66,66,66,66,66,66,66],"card_choices":[{"not_picked":["Prepared","PiercingWail"],"picked":"Bouncing Flask","floor":1.0},{"not_picked":["Leg Sweep","Skewer"],"picked":"Footwork","floor":3.0},{"not_picked":["Acrobatics","Deadly Poison"],"picked":"Predator","floor":4.0},{"not_picked":["Well Laid Plans","Quick Slash"],"picked":"Backstab","floor":5.0},{"not_picked":["Bouncing Flask","Underhanded Strike"],"picked":"Dodge and Roll","floor":6.0},{"not_picked":["Underhanded Strike","Deflect"],"picked":"Caltrops","floor":7.0},{"not_picked":["Masterful Stab","Flechettes"],"picked":"Die Die Die","floor":11.0},{"not_picked":["Reflex","Sucker Punch"],"picked":"Backflip","floor":13.0}],"player_experience":834395,"relics_obtained":[{"floor":7.0,"key":"Incense Burner"},{"floor":9.0,"key":"Regal Pillow"},{"floor":11.0,"key":"Mummified Hand"}],"event_choices":[{"damage_healed":0.0,"max_hp_gain":0.0,"max_hp_loss":0.0,"gold_gain":0.0,"event_name":"Accursed Blacksmith","player_choice":"Rummage","floor":2.0,"gold_loss":0.0,"damage_taken":0.0,"relics_obtained":["WarpedTongs"],"cards_obtained":["Pain"]},{"damage_healed":0.0,"max_hp_gain":0.0,"max_hp_loss":0.0,"gold_gain":0.0,"event_name":"Liars Game","player_choice":"Ignored","floor":12.0,"gold_loss":0.0,"damage_taken":0.0},{"damage_healed":16,"gold_gain":0,"player_choice":"Healed and dodged fight","damage_taken":0,"max_hp_gain":0,"max_hp_loss":0,"event_name":"Mushrooms","floor":14,"gold_loss":0,"cards_obtained":["Parasite"]}],"is_beta":false,"boss_relics":[],"items_purged_floors":[],"is_endless":false,"potions_floor_spawned":[3,5,11],"killed_by":"Hexaghost","ascension_level":20}