{"gold_per_floor":[119,131,131,131,144,144,144,144,167,167,191,226,226],"floor_reached":13,"playtime":186,"items_purged":[],"score":166,"play_id":"f95fe798-6f34-429f-bbd7-e8bc1574d668","local_time":"20190613160510","is_ascension_mode":true,"campfire_choices":[{"floor":6,"key":"REST"},{"data":"Caltrops","floor":8,"key":"SMITH"},{"data":"Neutralize","floor":10,"key":"SMITH"}],"neow_cost":"NONE","seed_source_timestamp":4074728924760959,"circlet_count":0,"master_deck":["AscendersBane","Defend_G","Defend_G+1","Defend_G+1","Defend_G","Defend_G","Strike_G","Strike_G","Strike_G","Strike_G","Survivor","Neutralize+1","Well Laid Plans","Caltrops+1","Blade Dance","Predator"],"relics":["Ring of the Snake","NeowsBlessing","Golden Idol","Strawberry","Dodecahedron"],"potions_floor_usage":[12,13],"damage_taken":[{"damage":0,"enemies":"Cultist","floor":1,"turns":1},{"damage":0,"enemies":"2 Louse","floor":2,"turns":1},{"damage":0,"enemies":"Small Slimes","floor":5,"turns":1},{"damage":8,"enemies":"Looter","floor":11,"turns":4},{"damage":42,"enemies":"Gremlin Nob","floor":12,"turns":6},{"damage":16,"enemies":"3 Louse","floor":13,"turns":2}],"seed_played":"-3962539053885119775","potions_obtained":[{"floor":11,"key":"SpeedPotion"},{"floor":12,"key":"Regen Potion"}],"is_trial":false,"path_per_floor":["M","M","?","?","M","R","?","R","T","R","M","E","M"],"character_chosen":"THE_SILENT","items_purchased":[],"campfire_rested":1,"item_purchase_floors":[],"current_hp_per_floor":[59,59,39,39,39,57,50,50,57,57,49,7,0],"gold":226,"neow_bonus":"THREE_ENEMY_KILL","is_prod":false,"is_daily":false,"chose_seed":false,"campfire_upgraded":2,"win_rate":0,"timestamp":1560456310,"path_taken":["M","?","?","?","M","R","?","R","T","R","M","E","M"],"build_version":"2019-01-23","purchased_purges":0,"victory":false,"max_hp_per_floor":[66,66,66,60,60,60,60,60,67,67,67,67,67],"card_choices":[{"not_picked":["Backflip","Outmaneuver"],"picked":"Well Laid Plans","floor":1},{"not_picked":["Dodge and Roll","Choke","Bane"],"picked":"SKIP","floor":2},{"not_picked":["Bane","Backflip"],"picked":"Caltrops","floor":5},{"not_picked":["Catalyst","Acrobatics"],"picked":"Blade Dance","floor":11},{"not_picked":["Doppelganger","Cloak And Dagger"],"picked":"Predator","floor":12}],"player_experience":734343,"relics_obtained":[{"floor":9,"key":"Strawberry"},{"floor":12,"key":"Dodecahedron"}],"event_choices":[{"damage_healed":0,"gold_gain":0,"player_choice":"Entered Light","damage_taken":20,"max_hp_gain":0,"max_hp_loss":0,"event_name":"Shining Light","floor":3,"gold_loss":0,"cards_upgraded":["Defend_G","Defend_G"]},{"damage_healed":0,"gold_gain":0,"player_choice":"Lose Max HP","damage_taken":0,"relics_obtained":["Golden Idol"],"max_hp_gain":0,"max_hp_loss":6,"event_name":"Golden Idol","floor":4,"gold_loss":0},{"cards_removed":["Strike_G"],"damage_healed":0,"gold_gain":0,"player_choice":"Card Removal","damage_taken":7,"max_hp_gain":0,"max_hp_loss":0,"event_name":"Golden Wing","floor":7,"gold_loss":0}],"is_beta":false,"boss_relics":[],"items_purged_floors":[],"is_endless":false,"potions_floor_spawned":[11,12],"killed_by":"3 Louse","ascension_level":20}