{"gold_per_floor":[116,116,129,36,36,36,56,56,128,128,158,171,186,205,205,304,304,322,194,134,134,134,134,134,80,106,124,144,144,155,174,174,174],"floor_reached":33,"playtime":1099,"items_purged":["Fire Breathing"],"score":237,"play_id":"25bfb234-4482-4967-823c-461969063dea","local_time":"20190710181940","is_ascension_mode":false,"campfire_choices":[{"data":"Armaments","floor":6,"key":"SMITH"},{"data":"Reaper","floor":8,"key":"SMITH"},{"data":"Metallicize","floor":15,"key":"SMITH"},{"data":"Metallicize","floor":23,"key":"SMITH"},{"data":"True Grit","floor":29,"key":"SMITH"},{"floor":32,"key":"REST"}],"neow_cost":"NONE","seed_source_timestamp":6414216176285695,"circlet_count":0,"master_deck":["Bash","Whirlwind","Corruption","Blood for Blood","Reaper+1","Rampage","Heavy Blade","Metallicize+1","Armaments+1","Metallicize+1","Feel No Pain","Flame Barrier","Uppercut","Ghostly Armor","Shockwave","Fiend Fire","Pommel Strike+1","True Grit+1","Sword Boomerang","Headbutt","Spot Weakness+1"],"relics":["Pandora\u0027s Box"],"potions_floor_usage":[28,33],"damage_taken":[{"damage":0,"enemies":"2 Louse","floor":1,"turns":1},{"damage":6,"enemies":"Cultist","floor":3,"turns":3},{"damage":5,"enemies":"Small Slimes","floor":7,"turns":2},{"damage":22,"enemies":"The Mushroom Lair","floor":11,"turns":3},{"damage":13,"enemies":"2 Fungi Beasts","floor":12,"turns":4},{"damage":17,"enemies":"Exordium Wildlife","floor":13,"turns":5},{"damage":4,"enemies":"Looter","floor":14,"turns":5},{"damage":28,"enemies":"The Guardian","floor":16,"turns":14},{"damage":8,"enemies":"Shell Parasite","floor":18,"turns":8},{"damage":28,"enemies":"2 Thieves","floor":20,"turns":4},{"damage":24,"enemies":"Centurion and Healer","floor":27,"turns":9},{"damage":0,"enemies":"Shelled Parasite and Fungi","floor":28,"turns":10},{"damage":26,"enemies":"Sentry and Sphere","floor":30,"turns":10},{"damage":1,"enemies":"Chosen and Byrds","floor":31,"turns":10},{"damage":64,"enemies":"Automaton","floor":33,"turns":6}],"seed_played":"1600047419389582248","potions_obtained":[{"floor":1,"key":"Energy Potion"},{"floor":7,"key":"Block Potion"},{"floor":12,"key":"Weak Potion"},{"floor":30,"key":"SteroidPotion"}],"is_trial":false,"path_per_floor":["M","?","M","$","?","R","M","R","T","?","?","M","M","M","R","B",null,"M","$","M","?","?","R","?","$","T","M","M","R","M","M","R","B"],"character_chosen":"IRONCLAD","items_purchased":["Armaments","Metallicize","True Grit","Headbutt"],"campfire_rested":1,"item_purchase_floors":[4,4,19,25],"current_hp_per_floor":[80,80,74,74,74,74,69,69,69,69,59,56,42,45,45,17,80,72,72,54,54,54,54,54,54,54,40,40,40,14,18,42,0],"gold":174,"neow_bonus":"BOSS_RELIC","is_prod":false,"is_daily":false,"chose_seed":false,"campfire_upgraded":5,"win_rate":0,"timestamp":1562797180,"path_taken":["M","?","?","$","?","R","M","R","T","?","?","M","M","M","R","BOSS","M","$","M","?","?","R","?","$","T","?","M","R","?","M","R","BOSS"],"build_version":"2019-07-05","purchased_purges":1,"victory":false,"max_hp_per_floor":[80,80,80,80,80,80,80,80,80,80,80,80,80,80,80,80,80,80,80,80,80,80,80,80,80,80,80,80,80,80,80,80,80],"card_choices":[{"not_picked":["Reckless Charge","Fire Breathing","Sword Boomerang"],"picked":"SKIP","floor":1},{"not_picked":["Thunderclap","Evolve"],"picked":"Metallicize","floor":3},{"not_picked":["Havoc","Armaments"],"picked":"Feel No Pain","floor":7},{"not_picked":["Iron Wave","Pommel Strike"],"picked":"Flame Barrier","floor":11},{"not_picked":["Metallicize","Feel No Pain"],"picked":"Uppercut","floor":12},{"not_picked":["Infernal Blade","Perfected Strike"],"picked":"Ghostly Armor","floor":13},{"not_picked":["Rage","Seeing Red"],"picked":"Shockwave","floor":14},{"not_picked":["Bludgeon","Demon Form"],"picked":"Fiend Fire","floor":16},{"not_picked":["Twin Strike","Sever Soul"],"picked":"Pommel Strike+1","floor":18},{"not_picked":["Blood for Blood+1","Havoc"],"picked":"Sword Boomerang","floor":20},{"not_picked":["Headbutt+1","Flex+1","Cleave"],"picked":"SKIP","floor":27},{"not_picked":["Ghostly Armor","Sentinel+1","Whirlwind"],"picked":"SKIP","floor":28},{"not_picked":["Body Slam","Thunderclap","Fire Breathing"],"picked":"SKIP","floor":30},{"not_picked":["Wild Strike","Flame Barrier"],"picked":"Spot Weakness+1","floor":31}],"player_experience":950018,"relics_obtained":[],"event_choices":[{"cards_removed":["Rupture"],"damage_healed":0,"gold_gain":0,"player_choice":"Purged","damage_taken":0,"max_hp_gain":0,"max_hp_loss":0,"event_name":"Purifier","floor":2,"gold_loss":0},{"damage_healed":0,"gold_gain":0,"player_choice":"Ignored","damage_taken":0,"max_hp_gain":0,"max_hp_loss":0,"event_name":"Liars Game","floor":5,"gold_loss":0},{"damage_healed":0,"gold_gain":0,"player_choice":"Ignored","damage_taken":0,"max_hp_gain":0,"max_hp_loss":0,"event_name":"Shining Light","floor":10,"gold_loss":0},{"damage_healed":0,"gold_gain":0,"player_choice":"Fought Mushrooms","damage_taken":0,"max_hp_gain":0,"max_hp_loss":0,"event_name":"Mushrooms","floor":11,"gold_loss":0},{"damage_healed":0,"gold_gain":0,"player_choice":"Ignored","damage_taken":0,"max_hp_gain":0,"max_hp_loss":0,"event_name":"Cursed Tome","floor":21,"gold_loss":0},{"damage_healed":0,"gold_gain":0,"player_choice":"Ignored","damage_taken":0,"max_hp_gain":0,"max_hp_loss":0,"event_name":"The Mausoleum","floor":22,"gold_loss":0},{"cards_removed":["Bludgeon"],"damage_healed":0,"gold_gain":0,"player_choice":"Purged","damage_taken":0,"max_hp_gain":0,"max_hp_loss":0,"event_name":"Purifier","floor":24,"gold_loss":0}],"is_beta":false,"boss_relics":[{"not_picked":["Cursed Key","Sozu","Empty Cage"]}],"items_purged_floors":[19],"is_endless":false,"potions_floor_spawned":[1,7,12,16,30],"killed_by":"Automaton","ascension_level":0}