{"gold_per_floor":[115,127,127,127,46,74,93,31,31,31,59,77,95,106,106,185,185,204,217,217,231,231,231,263,263,290,308,308],"floor_reached":28,"playtime":1331,"items_purged":[],"score":550,"play_id":"a29a852b-6f2b-4013-a38a-96ab93a9e5b4","local_time":"20190630184141","is_ascension_mode":true,"campfire_choices":[{"data":"Neutralize","floor":10.0,"key":"SMITH"},{"data":"Deadly Poison","floor":15.0,"key":"SMITH"},{"floor":23,"key":"REST"},{"data":"Footwork","floor":25,"key":"SMITH"}],"neow_cost":"NONE","seed_source_timestamp":5551469651658781,"circlet_count":0,"master_deck":["AscendersBane","Defend_G","Defend_G","Defend_G","Defend_G","Defend_G","Strike_G","Strike_G","Strike_G","Survivor","Neutralize+1","Sucker Punch","Predator","Dagger Spray","Well Laid Plans","Outmaneuver","Footwork+1","Leg Sweep","Dash","Deadly Poison+1","Bane","After Image","Predator+1","Bouncing Flask","Terror","Bouncing Flask","Caltrops"],"special_seed":0,"relics":["Ring of the Snake","NeowsBlessing","The Courier","Torii","Meat on the Bone","Lantern","Snecko Eye","Anchor"],"potions_floor_usage":[27],"damage_taken":[{"damage":0.0,"enemies":"2 Louse","floor":1.0,"turns":2.0},{"damage":0.0,"enemies":"Jaw Worm","floor":2.0,"turns":1.0},{"damage":0.0,"enemies":"Gremlin Nob","floor":6.0,"turns":1.0},{"damage":1.0,"enemies":"Small Slimes","floor":7.0,"turns":3.0},{"damage":22.0,"enemies":"3 Sentries","floor":11.0,"turns":9.0},{"damage":0.0,"enemies":"2 Fungi Beasts","floor":12.0,"turns":6.0},{"damage":2.0,"enemies":"Large Slime","floor":13.0,"turns":9.0},{"damage":0.0,"enemies":"Red Slaver","floor":14.0,"turns":5.0},{"damage":11.0,"enemies":"Hexaghost","floor":16.0,"turns":15.0},{"damage":3.0,"enemies":"3 Byrds","floor":18.0,"turns":7.0},{"damage":1.0,"enemies":"Shell Parasite","floor":19.0,"turns":5.0},{"damage":19,"enemies":"Centurion and Healer","floor":21,"turns":9},{"damage":5,"enemies":"Book of Stabbing","floor":24,"turns":5},{"damage":24,"enemies":"Cultist and Chosen","floor":27,"turns":8},{"damage":43,"enemies":"Gremlin Leader","floor":28,"turns":2}],"seed_played":"-848949104552967040","potions_obtained":[{"floor":6.0,"key":"Ancient Potion"},{"floor":7.0,"key":"SneckoOil"}],"is_trial":false,"path_per_floor":["M","M","?","?","$","E","M","$","T","R","E","M","M","M","R","B",null,"M","M","?","M","?","R","E","R","T","M","E"],"character_chosen":"THE_SILENT","items_purchased":["Dagger Spray","Well Laid Plans","Footwork"],"campfire_rested":1,"item_purchase_floors":[5,5,8],"current_hp_per_floor":[59,59,59,41,41,41,40,40,40,40,30,42,40,40,40,41,60,57,56,56,37,19,40,47,47,47,35,0],"gold":308,"neow_bonus":"THREE_ENEMY_KILL","is_prod":false,"is_daily":false,"chose_seed":false,"campfire_upgraded":3,"win_rate":0,"timestamp":1561934501,"path_taken":["M","M","?","?","$","E","M","?","T","R","E","M","M","M","R","BOSS","M","M","?","M","?","R","E","R","T","M","E"],"build_version":"2019-01-23","purchased_purges":0,"victory":false,"max_hp_per_floor":[66,66,66,66,66,66,66,66,66,66,66,66,66,66,66,66,66,66,66,66,66,71,71,71,71,71,71,71],"card_choices":[{"not_picked":["Reflex","Dodge and Roll"],"picked":"Sucker Punch","floor":1.0},{"not_picked":["Cloak And Dagger","Backflip"],"picked":"Predator","floor":2.0},{"not_picked":["Finisher","Reflex"],"picked":"Outmaneuver","floor":6.0},{"not_picked":["Outmaneuver","Slice","Acrobatics"],"picked":"SKIP","floor":7.0},{"not_picked":["Burst","Outmaneuver"],"picked":"Leg Sweep","floor":11.0},{"not_picked":["Skewer","Prepared"],"picked":"Dash","floor":12.0},{"not_picked":["Prepared","Deflect"],"picked":"Deadly Poison","floor":13.0},{"not_picked":["Underhanded Strike","Bullet Time"],"picked":"Bane","floor":14.0},{"not_picked":["Wraith Form v2","Doppelganger"],"picked":"After Image","floor":16.0},{"not_picked":["Acrobatics","Skewer","Bane"],"picked":"SKIP","floor":18.0},{"not_picked":["Heel Hook","Quick Slash"],"picked":"Predator+1","floor":19.0},{"not_picked":["Distraction","Bane","Flying Knee"],"picked":"SKIP","floor":21},{"not_picked":["Deflect","Quick Slash+1"],"picked":"Bouncing Flask","floor":24},{"not_picked":["Quick Slash","Dagger Spray"],"picked":"Caltrops","floor":27}],"player_experience":819220,"relics_obtained":[{"floor":6.0,"key":"Torii"},{"floor":9.0,"key":"Meat on the Bone"},{"floor":11.0,"key":"Lantern"},{"floor":24,"key":"Anchor"}],"event_choices":[{"damage_healed":0.0,"max_hp_gain":0.0,"max_hp_loss":0.0,"gold_gain":0.0,"event_name":"Liars Game","player_choice":"Ignored","floor":3.0,"gold_loss":0.0,"damage_taken":0.0},{"damage_healed":0.0,"max_hp_gain":0.0,"max_hp_loss":0.0,"gold_gain":0.0,"event_name":"Scrap Ooze","player_choice":"Success","floor":4.0,"gold_loss":0.0,"damage_taken":18.0,"relics_obtained":["The Courier"]},{"damage_healed":0,"gold_gain":0,"cards_transformed":["Strike_G","Strike_G"],"player_choice":"Became Test Subject","damage_taken":0,"max_hp_gain":0,"max_hp_loss":0,"event_name":"Drug Dealer","floor":20,"gold_loss":0,"cards_obtained":["Bouncing Flask","Terror"]},{"damage_healed":0,"gold_gain":0,"player_choice":"Shed Blood","damage_taken":23,"max_hp_gain":5,"max_hp_loss":0,"event_name":"Forgotten Altar","floor":22,"gold_loss":0}],"is_beta":false,"boss_relics":[{"not_picked":["HoveringKite","Busted Crown"],"picked":"Snecko Eye"}],"items_purged_floors":[],"is_endless":false,"potions_floor_spawned":[6,7,14,24],"killed_by":"Gremlin Leader","ascension_level":20}