{"gold_per_floor":[169,169,186,186,206,235,235,251,251,261,261,272,252,277,277,349,349,360,250,228,243,543,543,574,574,574,574,574,409,409,438,438,516,516,528,528,236,256,274,274,285,305,332,346,346,52,52,85,85,85],"floor_reached":50,"playtime":3231,"items_purged":["Auto Shields+1"],"score":1144,"play_id":"92212972-c7eb-4ee0-8759-70d417e6bf80","local_time":"20190711143717","is_ascension_mode":true,"campfire_choices":[{"floor":7.0,"key":"REST"},{"data":"Loop","floor":11.0,"key":"SMITH"},{"data":"Glacier","floor":15.0,"key":"SMITH"},{"data":"Creative AI","floor":23.0,"key":"SMITH"},{"floor":27.0,"key":"REST"},{"data":"Amplify","floor":30.0,"key":"SMITH"},{"data":"Loop","floor":32.0,"key":"SMITH"},{"data":"Electrodynamics","floor":40.0,"key":"SMITH"},{"floor":49.0,"key":"RECALL"}],"neow_cost":"NONE","seed_source_timestamp":105712423351500,"circlet_count":0,"master_deck":["AscendersBane","Dualcast","Chill+1","Amplify+1","Glacier+1","FTL","Gash","Sweeping Beam","Skim+1","Capacitor","Fusion+1","Core Surge","Loop+1","Recycle+1","Creative AI+1","Aggregate+1","Tempest+1","Redo+1","Coolheaded+1","Chill+1","Cold Snap+1","Fission+1","Electrodynamics+1","Coolheaded+1","Gash","Sweeping Beam+1","Blizzard","Injury","Secret Technique+1"],"special_seed":0,"relics":["Tiny House","Bag of Preparation","Toxic Egg 2","StoneCalendar","Pandora\u0027s Box","Old Coin","Orichalcum","Torii","Blood Vial","Cursed Key","PreservedInsect","Membership Card","Lantern","Du-Vu Doll"],"potions_floor_usage":[],"damage_taken":[{"damage":7.0,"enemies":"Small Slimes","floor":1.0,"turns":4.0},{"damage":9.0,"enemies":"Cultist","floor":3.0,"turns":6.0},{"damage":0.0,"enemies":"2 Louse","floor":5.0,"turns":6.0},{"damage":30.0,"enemies":"Gremlin Nob","floor":6.0,"turns":6.0},{"damage":0.0,"enemies":"Gremlin Gang","floor":8.0,"turns":7.0},{"damage":0.0,"enemies":"2 Fungi Beasts","floor":10.0,"turns":6.0},{"damage":7.0,"enemies":"Red Slaver","floor":12.0,"turns":7.0},{"damage":0.0,"enemies":"Exordium Thugs","floor":13.0,"turns":6.0},{"damage":3.0,"enemies":"Lagavulin","floor":14.0,"turns":10.0},{"damage":6.0,"enemies":"Slime Boss","floor":16.0,"turns":7.0},{"damage":21.0,"enemies":"3 Byrds","floor":18.0,"turns":3.0},{"damage":15.0,"enemies":"2 Thieves","floor":20.0,"turns":4.0},{"damage":1.0,"enemies":"Centurion and Healer","floor":21.0,"turns":7.0},{"damage":0.0,"enemies":"Gremlin Leader","floor":24.0,"turns":11.0},{"damage":20.0,"enemies":"Slavers","floor":31.0,"turns":7.0},{"damage":10.0,"enemies":"Collector","floor":33.0,"turns":12.0},{"damage":0.0,"enemies":"3 Darklings","floor":35.0,"turns":2.0},{"damage":0.0,"enemies":"3 Shapes","floor":38.0,"turns":3.0},{"damage":12.0,"enemies":"Sphere and 2 Shapes","floor":39.0,"turns":3.0},{"damage":0.0,"enemies":"4 Shapes","floor":41.0,"turns":2.0},{"damage":0.0,"enemies":"Writhing Mass","floor":42.0,"turns":6.0},{"damage":0.0,"enemies":"Sphere and 2 Shapes","floor":44.0,"turns":4.0},{"damage":28.0,"enemies":"Nemesis","floor":48.0,"turns":5.0},{"damage":51,"enemies":"Awakened One","floor":50,"turns":3}],"seed_played":"-1478685227194102286","potions_obtained":[{"floor":0.0,"key":"Poison Potion"},{"floor":1.0,"key":"Poison Potion"},{"floor":6.0,"key":"Fruit Juice"},{"floor":8.0,"key":"FocusPotion"},{"floor":12.0,"key":"FearPotion"},{"floor":13.0,"key":"SkillPotion"},{"floor":21.0,"key":"Poison Potion"},{"floor":24.0,"key":"Fire Potion"},{"floor":31.0,"key":"Explosive Potion"},{"floor":38.0,"key":"Dexterity Potion"},{"floor":48.0,"key":"Dexterity Potion"}],"is_trial":false,"path_per_floor":["M","?","M","?","M","E","R","M","T","M","R","M","M","E","R","B",null,"M","?","M","M","T","R","E","?","T","R","?","$","R","E","R","B",null,"M","?","$","M","M","R","M","M","T","M","?","$","?","E","R","B"],"character_chosen":"DEFECT","items_purchased":["Fission+1","Gash","PreservedInsect","Membership Card","Lantern"],"campfire_rested":2,"item_purchase_floors":[29,37,37,46,46],"current_hp_per_floor":[62,62,53,53,53,28,52,52,52,52,52,45,45,42,42,36,70,49,49,34,33,33,33,33,33,33,57,57,57,57,37,37,29,68,70,70,70,72,62,62,64,66,66,68,68,68,68,42,42,0],"gold":85,"neow_bonus":"BOSS_RELIC","is_prod":false,"is_daily":false,"chose_seed":false,"campfire_upgraded":6,"win_rate":0,"timestamp":1562881037,"path_taken":["M","?","?","?","?","E","R","M","T","M","R","M","M","E","R","BOSS","M","?","M","?","?","R","E","?","T","R","?","$","R","E","R","BOSS","M","?","$","M","M","R","M","?","T","M","?","$","?","E","R","BOSS"],"build_version":"2019-07-05","purchased_purges":1,"victory":false,"max_hp_per_floor":[76,76,76,76,76,81,81,81,81,81,81,81,81,81,81,81,81,81,81,81,81,81,81,81,81,81,81,81,81,81,81,81,81,81,81,81,81,81,81,81,81,81,81,81,81,81,81,81,81,81],"card_choices":[{"not_picked":["Hello World","Redo"],"picked":"Chill","floor":0.0},{"not_picked":["Go for the Eyes","Ball Lightning"],"picked":"Loop","floor":1.0},{"not_picked":["Go for the Eyes","Stack"],"picked":"Glacier","floor":3.0},{"not_picked":["Ball Lightning","Fusion"],"picked":"FTL","floor":5.0},{"not_picked":["Double Energy","Coolheaded"],"picked":"Gash","floor":6.0},{"not_picked":["Auto Shields","Meteor Strike"],"picked":"Sweeping Beam","floor":8.0},{"not_picked":["Beam Cell","Barrage"],"picked":"Skim+1","floor":10.0},{"not_picked":["Steam+1","Auto Shields+1"],"picked":"Capacitor","floor":12.0},{"not_picked":["Chaos+1","Leap+1"],"picked":"Fusion+1","floor":13.0},{"not_picked":["Rebound","Ball Lightning","Biased Cognition"],"picked":"SKIP","floor":14.0},{"not_picked":["Buffer","Biased Cognition"],"picked":"Core Surge","floor":16.0},{"not_picked":["Ball Lightning","Rebound+1"],"picked":"Coolheaded+1","floor":18.0},{"not_picked":["Go for the Eyes","Sweeping Beam"],"picked":"Chill+1","floor":20.0},{"not_picked":["Storm","Self Repair"],"picked":"Cold Snap+1","floor":21.0},{"not_picked":["Ball Lightning","Scrape","Stack+1"],"picked":"SKIP","floor":24.0},{"not_picked":["Force Field+1","Defragment"],"picked":"Leap+1","floor":31.0},{"not_picked":["Hyperbeam","Biased Cognition"],"picked":"Electrodynamics","floor":33.0},{"not_picked":["Reinforced Body+1","Compile Driver"],"picked":"Coolheaded+1","floor":35.0},{"not_picked":["Turbo+1","Force Field+1"],"picked":"Sweeping Beam+1","floor":38.0},{"not_picked":["Beam Cell","Lockon","Leap+1"],"picked":"SKIP","floor":39.0},{"not_picked":["Redo+1","Compile Driver","Heatsinks"],"picked":"SKIP","floor":41.0},{"not_picked":["Redo+1","Genetic Algorithm+1"],"picked":"Blizzard","floor":42.0},{"not_picked":["Genetic Algorithm+1","Darkness+1","Chaos+1"],"picked":"SKIP","floor":44.0},{"not_picked":["Flash of Steel","Jack Of All Trades+1"],"picked":"Secret Technique+1","floor":45.0},{"not_picked":["Stack+1","Heatsinks","Sweeping Beam"],"picked":"SKIP","floor":48.0}],"player_experience":1271035,"relics_obtained":[{"floor":6.0,"key":"Bag of Preparation"},{"floor":9.0,"key":"Toxic Egg 2"},{"floor":14.0,"key":"StoneCalendar"},{"floor":22.0,"key":"Old Coin"},{"floor":24.0,"key":"Orichalcum"},{"floor":26.0,"key":"Torii"},{"floor":31.0,"key":"Blood Vial"},{"floor":48.0,"key":"Du-Vu Doll"}],"event_choices":[{"damage_healed":0.0,"max_hp_gain":0.0,"max_hp_loss":0.0,"gold_gain":0.0,"cards_transformed":["Zap"],"event_name":"Transmorgrifier","player_choice":"Transformed","floor":2.0,"gold_loss":0.0,"damage_taken":0.0,"cards_obtained":["Amplify"]},{"cards_removed":["Strike_B"],"damage_healed":0.0,"max_hp_gain":0.0,"max_hp_loss":0.0,"gold_gain":0.0,"event_name":"Bonfire Elementals","player_choice":"Offered Basic","floor":4.0,"gold_loss":0.0,"damage_taken":0.0},{"cards_removed":["Hello World"],"damage_healed":0.0,"max_hp_gain":0.0,"max_hp_loss":0.0,"gold_gain":0.0,"event_name":"Designer","player_choice":"Upgrade and Remove","floor":19.0,"gold_loss":110.0,"damage_taken":0.0,"cards_upgraded":["Chill"]},{"damage_healed":0.0,"max_hp_gain":0.0,"max_hp_loss":0.0,"gold_gain":0.0,"event_name":"Beggar","player_choice":"Ignored","floor":25.0,"gold_loss":0.0,"damage_taken":0.0},{"damage_healed":0.0,"max_hp_gain":0.0,"max_hp_loss":0.0,"gold_gain":0.0,"event_name":"Ghosts","player_choice":"Ignored","floor":28.0,"gold_loss":0.0,"damage_taken":0.0},{"damage_healed":0.0,"max_hp_gain":0.0,"max_hp_loss":0.0,"gold_gain":0.0,"cards_transformed":["Leap"],"event_name":"Transmorgrifier","player_choice":"Transformed","floor":36.0,"gold_loss":0.0,"damage_taken":0.0,"cards_obtained":["Auto Shields"]},{"damage_healed":0.0,"max_hp_gain":0.0,"max_hp_loss":0.0,"gold_gain":0.0,"event_name":"SensoryStone","player_choice":"Memory 1","floor":45.0,"gold_loss":0.0,"damage_taken":0.0},{"cards_removed":["Loop"],"damage_healed":0.0,"max_hp_gain":0.0,"max_hp_loss":0.0,"gold_gain":0.0,"event_name":"Falling","player_choice":"Removed Power","floor":47.0,"gold_loss":0.0,"damage_taken":0.0}],"is_beta":false,"boss_relics":[{"not_picked":["Orrery","Runic Dome"],"picked":"Pandora\u0027s Box"},{"not_picked":["White Beast Statue","Empty Cage"],"picked":"Cursed Key"}],"items_purged_floors":[37],"is_endless":false,"potions_floor_spawned":[1,6,8,12,13,14,21,24,31,38,41,48],"killed_by":"Awakened One","ascension_level":20}