{"gold_per_floor":[119,119,44,44,62,62,92,92,164,164,2,27,41,41,41,113,113,124,134,134,154,71,71,71],"floor_reached":24,"playtime":822,"items_purged":[],"score":454,"play_id":"ecdb1eb9-f3a3-4862-8722-11f9de387607","local_time":"20190707185309","is_ascension_mode":true,"campfire_choices":[{"data":"Neutralize","floor":6.0,"key":"SMITH"},{"data":"Poisoned Stab","floor":8.0,"key":"SMITH"},{"data":"Bouncing Flask","floor":15,"key":"SMITH"},{"data":"Noxious Fumes","floor":23,"key":"SMITH"}],"neow_cost":"NONE","seed_source_timestamp":6157349593235117,"circlet_count":0,"master_deck":["AscendersBane","Strike_G","Strike_G","Defend_G","Defend_G","Defend_G","Defend_G","Defend_G","Survivor","Neutralize+1","Dagger Throw","Poisoned Stab+1","Phantasmal Killer","Bouncing Flask+1","Well Laid Plans","Bane","Cloak And Dagger","Corpse Explosion","Finisher+1","Terror","Cloak And Dagger","Noxious Fumes+1"],"special_seed":0,"relics":["Ring of the Snake","NeowsBlessing","Meat on the Bone","Centennial Puzzle","Cursed Key"],"potions_floor_usage":[24],"damage_taken":[{"damage":0.0,"enemies":"2 Louse","floor":1.0,"turns":1.0},{"damage":0.0,"enemies":"Small Slimes","floor":5.0,"turns":1.0},{"damage":0.0,"enemies":"Gremlin Nob","floor":7.0,"turns":1.0},{"damage":44,"enemies":"3 Sentries","floor":12,"turns":9},{"damage":1,"enemies":"Jaw Worm","floor":13,"turns":4},{"damage":17,"enemies":"The Guardian","floor":16,"turns":8},{"damage":9,"enemies":"Shell Parasite","floor":18,"turns":4},{"damage":3,"enemies":"3 Byrds","floor":19,"turns":3},{"damage":5,"enemies":"Centurion and Healer","floor":21,"turns":6},{"damage":45,"enemies":"Gremlin Leader","floor":24,"turns":6}],"seed_played":"1421985718793954541","potions_obtained":[{"floor":5.0,"key":"Weak Potion"},{"floor":16,"key":"Poison Potion"}],"is_trial":false,"path_per_floor":["M","?","?","$","M","R","E","R","T","?","$","E","M","?","R","B",null,"M","M","?","M","$","R","E"],"character_chosen":"THE_SILENT","items_purchased":["Bouncing Flask","Well Laid Plans","Noxious Fumes"],"campfire_rested":0,"item_purchase_floors":[11,11,22],"current_hp_per_floor":[59,52,52,52,52,52,52,52,52,52,52,20,31,31,31,26,56,47,44,44,39,39,39,0],"gold":71,"neow_bonus":"THREE_ENEMY_KILL","is_prod":false,"is_daily":false,"chose_seed":false,"campfire_upgraded":4,"win_rate":0,"timestamp":1562539989,"path_taken":["M","?","?","$","M","R","E","R","T","?","$","E","M","?","R","BOSS","M","M","?","M","$","R","E"],"build_version":"2019-07-05","purchased_purges":0,"victory":false,"max_hp_per_floor":[66,66,66,66,66,66,66,66,66,66,66,66,66,66,66,66,66,66,66,66,66,66,66,66],"card_choices":[{"not_picked":["Acrobatics","Distraction"],"picked":"Dagger Throw","floor":1.0},{"not_picked":["Underhanded Strike","PiercingWail","Grand Finale"],"picked":"SKIP","floor":5.0},{"not_picked":["Deadly Poison","Well Laid Plans"],"picked":"Poisoned Stab","floor":7.0},{"not_picked":["Distraction","Reflex"],"picked":"Bane","floor":12},{"not_picked":["Underhanded Strike","Quick Slash"],"picked":"Cloak And Dagger","floor":13},{"not_picked":["Grand Finale","Malaise"],"picked":"Corpse Explosion","floor":16},{"not_picked":["Dagger Throw","Underhanded Strike"],"picked":"Finisher+1","floor":18},{"not_picked":["Bane","Eviscerate"],"picked":"Terror","floor":19},{"not_picked":["Outmaneuver","Bane"],"picked":"Cloak And Dagger","floor":21}],"player_experience":906908,"relics_obtained":[{"floor":7.0,"key":"Meat on the Bone"},{"floor":12,"key":"Centennial Puzzle"}],"event_choices":[{"cards_removed":["Strike_G"],"damage_healed":0.0,"max_hp_gain":0.0,"max_hp_loss":0.0,"gold_gain":0.0,"event_name":"Golden Wing","player_choice":"Card Removal","floor":2.0,"gold_loss":0.0,"damage_taken":7.0},{"cards_removed":["Strike_G"],"damage_healed":0.0,"max_hp_gain":0.0,"max_hp_loss":0.0,"gold_gain":0.0,"event_name":"The Cleric","player_choice":"Card Removal","floor":3.0,"gold_loss":75.0,"damage_taken":0.0},{"damage_healed":0,"gold_gain":0,"cards_transformed":["Strike_G"],"player_choice":"Change","damage_taken":0,"max_hp_gain":0,"max_hp_loss":0,"event_name":"Living Wall","floor":10,"gold_loss":0,"cards_obtained":["Phantasmal Killer"]},{"damage_healed":0,"gold_gain":0,"player_choice":"Ignored","damage_taken":0,"max_hp_gain":0,"max_hp_loss":0,"event_name":"Liars Game","floor":14,"gold_loss":0},{"damage_healed":0,"gold_gain":0,"player_choice":"Ignored","damage_taken":0,"max_hp_gain":0,"max_hp_loss":0,"event_name":"The Mausoleum","floor":20,"gold_loss":0}],"is_beta":false,"boss_relics":[{"not_picked":["White Beast Statue","Eternal Feather"],"picked":"Cursed Key"}],"items_purged_floors":[],"is_endless":false,"potions_floor_spawned":[5,16,18,19],"killed_by":"Gremlin Leader","ascension_level":20}