{"gold_per_floor":[111,111,111,125,143,143,177,177,246,246,246,246,273,41,41,113,113,131,142,152,152,67,67],"floor_reached":23,"playtime":752,"items_purged":["Strike_B"],"score":348,"play_id":"f154d804-0198-4e79-9a33-a1c253d9d337","local_time":"20180819162718","is_ascension_mode":true,"campfire_choices":[{"floor":6.0,"key":"REST"},{"data":"Leap","floor":8.0,"key":"SMITH"},{"floor":11.0,"key":"REST"},{"data":"Loop","floor":15.0,"key":"SMITH"}],"neow_cost":"NONE","seed_source_timestamp":0,"circlet_count":0,"master_deck":["Strike_B","Strike_B","Defend_B","Defend_B","Defend_B+1","Defend_B","Zap+1","Dualcast","AscendersBane","Hologram+1","Compile Driver","Ball Lightning","Leap+1","Loop+1","Machine Learning","Electrodynamics","Core Surge","Turbo","Rebound","Self Repair"],"special_seed":0,"relics":["Cracked Core","Dream Catcher","Bottled Lightning","CultistMask","Meat on the Bone","Black Star","Letter Opener"],"potions_floor_usage":[21],"damage_taken":[{"damage":14.0,"enemies":"2 Louse","floor":1.0,"turns":3.0},{"damage":1.0,"enemies":"Cultist","floor":4.0,"turns":3.0},{"damage":4.0,"enemies":"Jaw Worm","floor":5.0,"turns":3.0},{"damage":19.0,"enemies":"3 Sentries","floor":7.0,"turns":7.0},{"damage":19.0,"enemies":"Lagavulin","floor":13.0,"turns":6.0},{"damage":11.0,"enemies":"The Guardian","floor":16.0,"turns":11.0},{"damage":6.0,"enemies":"Shell Parasite","floor":18.0,"turns":7.0},{"damage":30.0,"enemies":"Spheric Guardian","floor":19.0,"turns":5.0},{"damage":25.0,"enemies":"3 Cultists","floor":20.0,"turns":4.0},{"damage":0,"enemies":"Shelled Parasite and Fungi","floor":21,"turns":1},{"damage":41,"enemies":"Book of Stabbing","floor":23,"turns":4}],"seed_played":"-1331406393946623683","potions_obtained":[{"floor":7.0,"key":"FocusPotion"},{"floor":18.0,"key":"SmokeBomb"}],"is_trial":false,"path_per_floor":["M","?","?","M","M","R","E","R","T","?","R","?","E","$","R","B",null,"M","M","M","M","?"],"character_chosen":"DEFECT","items_purchased":["Electrodynamics"],"campfire_rested":2,"item_purchase_floors":[14],"current_hp_per_floor":[57,57,34,33,29,52,33,33,33,26,49,49,30,30,30,31,66,60,42,29,41,41,0],"gold":67,"neow_bonus":"TEN_PERCENT_HP_BONUS","is_prod":false,"is_daily":false,"chose_seed":false,"campfire_upgraded":2,"win_rate":0,"timestamp":1534710438,"path_taken":["M","?","?","M","?","R","E","R","T","?","R","?","E","$","R","BOSS","M","M","M","?","?","E"],"build_version":"2018-08-16","purchased_purges":1,"victory":false,"max_hp_per_floor":[78,78,78,78,78,78,78,78,78,78,78,78,78,78,78,78,78,78,78,78,78,78,78],"card_choices":[{"not_picked":["Sweeping Beam","Rebound"],"picked":"Hologram","floor":1.0},{"not_picked":["Barrage","Lockon"],"picked":"Compile Driver","floor":4.0},{"not_picked":["Go for the Eyes","Beam Cell"],"picked":"Ball Lightning","floor":5.0},{"not_picked":["Turbo","Hello World"],"picked":"Leap","floor":7.0},{"not_picked":["Reinforced Body","Consume"],"picked":"Loop","floor":11.0},{"not_picked":["Gash","Barrage"],"picked":"Machine Learning","floor":13.0},{"not_picked":["Multi-Cast","Machine Learning"],"picked":"Core Surge","floor":16.0},{"not_picked":["Barrage","Streamline"],"picked":"Turbo","floor":18.0},{"not_picked":["Turbo","Gash"],"picked":"Rebound","floor":19.0},{"not_picked":["Hologram","Skim"],"picked":"Self Repair","floor":20.0}],"player_experience":270845,"relics_obtained":[{"floor":7.0,"key":"Dream Catcher"},{"floor":9.0,"key":"Bottled Lightning"},{"floor":13.0,"key":"Meat on the Bone"}],"event_choices":[{"event_name":"Living Wall","player_choice":"Grow","floor":2.0,"damage_taken":0.0},{"event_name":"Shining Light","player_choice":"Entered Light","floor":3.0,"damage_taken":0.0},{"event_name":"Golden Wing","player_choice":"Card Removal","floor":10.0,"damage_taken":0.0},{"event_name":"FaceTrader","player_choice":"Trade","floor":12.0,"damage_taken":0.0},{"event_name":"Addict","player_choice":"Obtained Relic","floor":22,"damage_taken":0}],"is_beta":false,"boss_relics":[{"not_picked":["White Beast Statue","Calling Bell"],"picked":"Black Star"}],"items_purged_floors":[14],"is_endless":false,"potions_floor_spawned":[7,18,19,20],"killed_by":"Book of Stabbing","ascension_level":15}