{"gold_per_floor":[119,139,151,151,151,185,115,147,147,147,147,112,122,147,147,246,246,260,260,185,198,230,230,258,258,288,288,288,298,298,315,315,414,464,481,334,334,556,574,600,600,614,641,12,23,23,41,41,41,41],"floor_reached":50,"playtime":2087,"items_purged":["Writhe","Strike_G"],"score":660,"play_id":"3d0cae56-4d31-4466-9695-0bac55769e72","local_time":"20180806190221","is_ascension_mode":true,"campfire_choices":[{"data":"Neutralize","floor":11,"key":"SMITH"},{"data":"Footwork","floor":15,"key":"SMITH"},{"floor":23,"key":"REST"},{"data":"Noxious Fumes","floor":25,"key":"SMITH"},{"data":"Caltrops","floor":27,"key":"SMITH"},{"floor":30,"key":"REST"},{"floor":32,"key":"REST"},{"floor":41,"key":"REST"},{"floor":49,"key":"REST"}],"neow_cost":"NONE","seed_source_timestamp":2584614197404012,"circlet_count":0,"master_deck":["Defend_G","Defend_G+1","Defend_G+1","Defend_G","Strike_G+1","Strike_G","Strike_G","Strike_G","Survivor","Neutralize+1","Riddle With Holes","Deadly Poison","Leg Sweep","Backstab","Footwork+1","Dodge and Roll","Backstab","Caltrops+1","Well Laid Plans","Corpse Explosion","Riddle With Holes+1","Noxious Fumes+1","Dodge and Roll","Catalyst","Noxious Fumes","PiercingWail","Envenom","Cloak And Dagger","Dagger Spray","Jack Of All Trades","Sucker Punch+1","Backstab+1","Deadly Poison+1","Apotheosis","Blur","Terror"],"special_seed":0,"relics":["Velvet Choker","CultistMask","Blood Vial","Bottled Lightning","Art of War","War Paint","Black Star","Darkstone Periapt","Red Mask","The Specimen","Ginger","Tiny Chest","Tiny House","Vajra","Juzu Bracelet","Orichalcum","TwistedFunnel","Mummified Hand"],"potions_floor_usage":[21,22,24,28,40,50,50,50],"damage_taken":[{"damage":2.0,"enemies":"Jaw Worm","floor":1.0,"turns":6.0},{"damage":0.0,"enemies":"Cultist","floor":2.0,"turns":3.0},{"damage":0.0,"enemies":"Small Slimes","floor":3.0,"turns":2.0},{"damage":16.0,"enemies":"3 Sentries","floor":6.0,"turns":13.0},{"damage":1.0,"enemies":"Lagavulin","floor":8.0,"turns":7.0},{"damage":1,"enemies":"Exordium Wildlife","floor":13,"turns":5},{"damage":8,"enemies":"Gremlin Nob","floor":14,"turns":4},{"damage":4,"enemies":"The Guardian","floor":16,"turns":13},{"damage":12,"enemies":"Chosen","floor":18,"turns":7},{"damage":8,"enemies":"3 Byrds","floor":21,"turns":5},{"damage":32,"floor":22,"turns":6},{"damage":15,"enemies":"Book of Stabbing","floor":24,"turns":5},{"damage":0,"enemies":"Snake Plant","floor":28,"turns":1},{"damage":29,"enemies":"Centurion and Healer","floor":29,"turns":5},{"damage":0,"enemies":"3 Cultists","floor":31,"turns":2},{"damage":20,"enemies":"Collector","floor":33,"turns":8},{"damage":0,"enemies":"3 Shapes","floor":35,"turns":5},{"damage":5,"enemies":"Flame Bruiser 1 Orb","floor":39,"turns":6},{"damage":37,"enemies":"Nemesis","floor":40,"turns":7},{"damage":27,"enemies":"3 Darklings","floor":42,"turns":6},{"damage":18,"enemies":"Flame Bruiser 2 Orb","floor":45,"turns":4},{"damage":22,"enemies":"Spire Growth","floor":47,"turns":5},{"damage":77,"enemies":"Awakened One","floor":50,"turns":12}],"seed_played":"2713814123983826840","potions_obtained":[{"floor":1.0,"key":"SteroidPotion"},{"floor":2.0,"key":"FearPotion"},{"floor":4.0,"key":"SmokeBomb"},{"floor":14,"key":"Fire Potion"},{"floor":21,"key":"PowerPotion"},{"floor":22,"key":"LiquidBronze"},{"floor":33,"key":"Strength Potion"},{"floor":34,"key":"LiquidBronze"},{"floor":42,"key":"SkillPotion"}],"is_trial":false,"path_per_floor":["M","M","M","?","?","E","$","E","T","?","R","$","M","E","R","B",null,"M","?","$","M","?","R","E","R","T","R","M","M","R","M","R","B",null,"M","$","?","?","M","E","R","M","T","$","M","?","M","?","R"],"character_chosen":"THE_SILENT","items_purchased":["Footwork","Backstab","Dagger Spray","TwistedFunnel","Apotheosis","Mummified Hand"],"campfire_rested":5,"item_purchase_floors":[7,12,36,44,44,44],"current_hp_per_floor":[68,68,68,68,68,52,52,53,53,58,58,58,59,53,53,51,69,59,65,65,59,29,53,40,40,40,40,42,15,39,41,65,47,78,80,80,80,80,77,42,67,42,42,42,26,75,53,53,75,0],"gold":41,"neow_bonus":"BOSS_RELIC","is_prod":false,"is_daily":false,"chose_seed":false,"campfire_upgraded":4,"win_rate":0,"timestamp":1533596541,"path_taken":["M","M","M","?","?","E","$","E","T","?","R","?","M","E","R","BOSS","M","?","$","M","?","R","E","R","T","R","M","M","R","?","R","BOSS","M","$","?","?","M","E","R","M","T","$","M","?","M","?","R","BOSS"],"build_version":"2018-08-02","purchased_purges":2,"victory":false,"max_hp_per_floor":[70,70,70,70,70,70,70,70,70,75,75,75,75,75,75,75,75,75,81,81,81,81,81,81,81,81,81,81,81,81,81,81,81,86,86,86,86,86,86,86,86,86,86,86,86,75,75,75,75,75],"card_choices":[{"not_picked":["Underhanded Strike","Infinite Blades"],"picked":"Riddle With Holes","floor":1.0},{"not_picked":["Escape Plan","Outmaneuver"],"picked":"Deadly Poison","floor":2.0},{"not_picked":["Deadly Poison","Dagger Spray"],"picked":"Leg Sweep","floor":3.0},{"not_picked":["Backflip","Quick Slash"],"picked":"Backstab","floor":6.0},{"not_picked":["Concentrate","Deflect"],"picked":"Dodge and Roll","floor":8},{"not_picked":["Deadly Poison","Phantasmal Killer"],"picked":"Caltrops","floor":13},{"not_picked":["Calculated Gamble","Riddle With Holes"],"picked":"Well Laid Plans","floor":14},{"not_picked":["Venomology","Malaise"],"picked":"Corpse Explosion","floor":16},{"not_picked":["Blade Dance+1","Prepared+1"],"picked":"Riddle With Holes+1","floor":18},{"not_picked":["Expertise","Slice"],"picked":"Noxious Fumes","floor":21},{"not_picked":["Quick Slash","Slice"],"picked":"Dodge and Roll","floor":22},{"not_picked":["Infinite Blades","Escape Plan"],"picked":"Catalyst","floor":24},{"not_picked":["Deadly Poison","Sucker Punch+1"],"picked":"Noxious Fumes","floor":29},{"not_picked":["Slice","Tactician+1"],"picked":"PiercingWail","floor":31},{"not_picked":["Bullet Time","Storm of Steel"],"picked":"Envenom","floor":33},{"not_picked":["All Out Attack","Masterful Stab"],"picked":"Cloak And Dagger","floor":34},{"not_picked":["Distraction","Acrobatics","Bouncing Flask"],"picked":"SKIP","floor":35},{"not_picked":["Panacea","Thinking Ahead"],"picked":"Jack Of All Trades","floor":37},{"not_picked":["Dagger Throw+1","Quick Slash"],"picked":"Sucker Punch+1","floor":39},{"not_picked":["Terror","Setup+1"],"picked":"Backstab+1","floor":40},{"not_picked":["Backstab","Skewer"],"picked":"Deadly Poison+1","floor":42},{"not_picked":["Endless Agony+1","Terror"],"picked":"Blur","floor":45},{"not_picked":["Blade Dance+1","Dodge and Roll"],"picked":"Terror","floor":47}],"player_experience":230040,"relics_obtained":[{"floor":6.0,"key":"Blood Vial"},{"floor":8,"key":"Bottled Lightning"},{"floor":9,"key":"Art of War"},{"floor":14,"key":"War Paint"},{"floor":22,"key":"Red Mask"},{"floor":24,"key":"The Specimen"},{"floor":24,"key":"Ginger"},{"floor":26,"key":"Tiny Chest"},{"floor":40,"key":"Vajra"},{"floor":40,"key":"Juzu Bracelet"},{"floor":43,"key":"Orichalcum"}],"event_choices":[{"event_name":"The Lab","player_choice":"Got Potions","floor":4.0,"damage_taken":0.0},{"event_name":"FaceTrader","player_choice":"Trade","floor":5.0,"damage_taken":0.0},{"event_name":"Big Fish","player_choice":"Donut","floor":10,"damage_taken":0},{"event_name":"The Mausoleum","player_choice":"Yes","floor":19,"damage_taken":0},{"event_name":"Masked Bandits","player_choice":"Fought over 198 gold","floor":22,"damage_taken":0},{"event_name":"SensoryStone","player_choice":"Memory 1","floor":37,"damage_taken":0},{"event_name":"Tomb of Lord Red Mask","player_choice":"Wore Mask","floor":38,"damage_taken":0},{"event_name":"The Moai Head","player_choice":"Heal","floor":46,"damage_taken":0},{"event_name":"Falling","player_choice":"Removed Skill","floor":48,"damage_taken":0}],"is_beta":false,"boss_relics":[{"not_picked":["Coffee Dripper","Empty Cage"],"picked":"Black Star"},{"not_picked":["Philosopher\u0027s Stone","Orrery"],"picked":"Tiny House"}],"items_purged_floors":[20,36],"is_endless":false,"potions_floor_spawned":[1,2,6,14,16,21,22,33,35,39,42],"killed_by":"Awakened One","ascension_level":5}