{"path_per_floor":["M","?","M","M","?","R","M","M","T","M","R","M","?","E","R","B",null,"M","$","?"],"character_chosen":"THE_SILENT","items_purchased":["Bag of Preparation","Madness"],"gold_per_floor":[114,91,109,120,120,120,132,142,142,153,153,171,171,196,196,294,294,312,67,67],"floor_reached":21,"campfire_rested":1,"playtime":1551,"current_hp_per_floor":[70,70,70,70,70,70,64,64,78,78,78,78,71,64,91,54,91,6,6,6],"items_purged":[],"gold":67,"play_id":"5d436043-763a-46ef-9e33-d93fdfaaa5a3","is_prod":false,"is_daily":false,"is_ascension_mode":false,"campfire_upgraded":2,"path_taken":["M","?","M","?","?","R","M","?","T","M","R","M","?","E","R","BOSS","M","$","?","?"],"build_version":"2018-02-01-PROD1","purchased_purges":0,"victory":false,"master_deck":["Defend_G","Defend_G","Defend_G","Defend_G","Defend_G","Strike_G","Strike_G","Strike_G","Strike_G","Survivor","Neutralize+1","Slice","Backflip","Poisoned Stab","Leg Sweep","Footwork+1","Backstab","Dagger Throw","Burst","Poisoned Stab+1","Madness"],"max_hp_per_floor":[70,70,70,70,70,70,70,70,84,84,84,84,84,91,91,91,91,91,91,91],"relics":["Philosopher\u0027s Stone","Mango","Strawberry","Snecko Eye","Bag of Preparation"],"card_choices":[{"not_picked":["Deflect","Prepared"],"picked":"Dodge and Roll"},{"not_picked":["Deadly Poison","Flechettes"],"picked":"Slice"},{"not_picked":["Acrobatics","Bullet Time"],"picked":"Backflip"},{"not_picked":["Deflect","Acrobatics"],"picked":"Poisoned Stab"},{"not_picked":["Sucker Punch","Finisher"],"picked":"Leg Sweep"},{"not_picked":["Deflect","Heel Hook"],"picked":"Footwork"},{"not_picked":["PiercingWail","Night Terror"],"picked":"Backstab"},{"not_picked":["Caltrops","Bane"],"picked":"Dagger Throw"},{"not_picked":["Tools of the Trade","Venomology"],"picked":"Burst"},{"not_picked":["Dagger Throw","All Out Attack"],"picked":"Poisoned Stab"}],"player_experience":51171,"potions_floor_usage":[7,14,21],"damage_taken":[{"damage":0,"enemies":"Small Slimes","floor":1,"turns":3},{"damage":0,"enemies":"Blue Slaver","floor":3,"turns":6},{"damage":0,"enemies":"2 Louse","floor":4,"turns":3},{"damage":6,"enemies":"Gremlin Gang","floor":7,"turns":6},{"damage":0,"enemies":"Large Slime","floor":8,"turns":5},{"damage":0,"enemies":"Looter","floor":10,"turns":4},{"damage":0,"enemies":"2 Fungi Beasts","floor":12,"turns":4},{"damage":14,"enemies":"Gremlin Nob","floor":14,"turns":5},{"damage":37,"enemies":"The Guardian","floor":16,"turns":15},{"damage":85,"enemies":"3 Byrds","floor":18,"turns":12},{"damage":30,"enemies":"Chosen","floor":21,"turns":3}],"event_choices":[{"event_name":"World of Goop","player_choice":"Left","floor":2,"damage_taken":0},{"event_name":"Bonfire Elementals","player_choice":"COMMON","floor":5,"damage_taken":0},{"event_name":"Golden Wing","player_choice":"Card Removal","floor":13,"damage_taken":0},{"event_name":"Drug Dealer","player_choice":"Ignored","floor":20,"damage_taken":0}],"boss_relics":[{"not_picked":["Calling Bell","Lizard Tail"],"picked":"Snecko Eye"}],"potions_floor_spawned":[4,8,18],"seed_played":"-1977239688087062475","killed_by":"Chosen","ascension_level":0,"is_trial":false}