{"gold_per_floor":[117,117,117,25,43,72,84,103,103,119,147,160,179,211,211,285,285,285],"floor_reached":18,"playtime":823,"items_purged":[],"score":418,"play_id":"d24aa604-9629-4d6b-a5b1-2b07d4737478","local_time":"20190702204014","is_ascension_mode":true,"campfire_choices":[{"data":"Noxious Fumes","floor":15,"key":"SMITH"}],"neow_cost":"NONE","seed_source_timestamp":5731870025396645,"circlet_count":0,"master_deck":["AscendersBane","Strike_G","Strike_G","Strike_G","Strike_G","Defend_G","Defend_G","Defend_G","Defend_G","Defend_G","Survivor","Neutralize","Dagger Throw","Sucker Punch","Well Laid Plans","Dagger Throw","Slice","Bouncing Flask","Noxious Fumes+1","After Image","Dash","Sucker Punch","Cloak And Dagger","A Thousand Cuts"],"relics":["Ring of the Snake","NeowsBlessing","Anchor","Bottled Flame","Shovel","Smiling Mask","Snecko Eye"],"potions_floor_usage":[8,11],"damage_taken":[{"damage":0,"enemies":"Cultist","floor":1,"turns":1},{"damage":0,"enemies":"2 Louse","floor":5,"turns":1},{"damage":0,"enemies":"Lagavulin","floor":6,"turns":1},{"damage":4,"enemies":"Jaw Worm","floor":7,"turns":4},{"damage":0,"enemies":"Lots of Slimes","floor":8,"turns":3},{"damage":0,"enemies":"Blue Slaver","floor":10,"turns":4},{"damage":2,"enemies":"3 Sentries","floor":11,"turns":7},{"damage":3,"enemies":"Exordium Wildlife","floor":12,"turns":5},{"damage":6,"enemies":"Lots of Slimes","floor":13,"turns":5},{"damage":17,"enemies":"Lagavulin","floor":14,"turns":7},{"damage":19,"enemies":"Hexaghost","floor":16,"turns":10},{"damage":50,"enemies":"3 Byrds","floor":18,"turns":4}],"seed_played":"-5468228692175490257","potions_obtained":[{"floor":6,"key":"AttackPotion"},{"floor":8,"key":"Block Potion"},{"floor":11,"key":"FearPotion"}],"is_trial":false,"path_per_floor":["M","?","?","$","M","E","M","M","T","M","E","M","M","E","R","B",null,"M"],"character_chosen":"THE_SILENT","items_purchased":["Sucker Punch","Well Laid Plans"],"campfire_rested":0,"item_purchase_floors":[4,4],"current_hp_per_floor":[59,59,52,52,52,52,48,48,48,48,46,43,37,20,20,1,50,0],"gold":285,"neow_bonus":"THREE_ENEMY_KILL","is_prod":false,"is_daily":false,"chose_seed":false,"campfire_upgraded":1,"win_rate":0,"timestamp":1562114414,"path_taken":["M","?","?","$","M","E","?","M","T","?","E","M","M","E","R","BOSS","M"],"build_version":"2019-07-01","purchased_purges":0,"victory":false,"max_hp_per_floor":[66,66,66,66,66,66,66,66,66,66,66,66,66,66,66,66,66,66],"card_choices":[{"not_picked":["Deflect","Acrobatics"],"picked":"Dagger Throw","floor":1},{"not_picked":["Tactician","Deflect"],"picked":"Dagger Throw","floor":5},{"not_picked":["Accuracy","Eviscerate"],"picked":"Slice","floor":6},{"not_picked":["Underhanded Strike","Deadly Poison"],"picked":"Bouncing Flask","floor":7},{"not_picked":["Quick Slash","Dagger Spray"],"picked":"Noxious Fumes","floor":8},{"not_picked":["Deflect","Escape Plan","Distraction"],"picked":"SKIP","floor":10},{"not_picked":["Reflex","Quick Slash"],"picked":"After Image","floor":11},{"not_picked":["Poisoned Stab","Outmaneuver"],"picked":"Dash","floor":12},{"not_picked":["Skewer","Heel Hook"],"picked":"Sucker Punch","floor":13},{"not_picked":["Dash","Dagger Spray"],"picked":"Cloak And Dagger","floor":14},{"not_picked":["Die Die Die","Adrenaline"],"picked":"A Thousand Cuts","floor":16}],"player_experience":842081,"relics_obtained":[{"floor":6,"key":"Anchor"},{"floor":9,"key":"Bottled Flame"},{"floor":11,"key":"Shovel"},{"floor":14,"key":"Smiling Mask"}],"event_choices":[{"damage_healed":0,"gold_gain":0,"player_choice":"Ignored","damage_taken":0,"max_hp_gain":0,"max_hp_loss":0,"event_name":"Liars Game","floor":2,"gold_loss":0},{"cards_removed":["Strike_G"],"damage_healed":0,"gold_gain":0,"player_choice":"Card Removal","damage_taken":7,"max_hp_gain":0,"max_hp_loss":0,"event_name":"Golden Wing","floor":3,"gold_loss":0}],"is_beta":false,"boss_relics":[{"not_picked":["Eternal Feather","Orrery"],"picked":"Snecko Eye"}],"items_purged_floors":[],"is_endless":false,"potions_floor_spawned":[6,8,11],"killed_by":"3 Byrds","ascension_level":20}