{"gold_per_floor":[116,116,116,127,37,37,72,89,89,100,118,147,147,172,172,248,248,260,310,324,47,47,47,75,104,140,152,164,194,216,428,440,525,537,562,586,130,144,144,144,174,174,200,200,200,200,254,0,0,0],"floor_reached":50,"playtime":1938,"items_purged":["Strike_G"],"score":1137,"play_id":"96fd0c03-aaf3-486d-a1bd-9c81eafda59c","local_time":"20190701164244","is_ascension_mode":true,"campfire_choices":[{"data":"Bouncing Flask","floor":6.0,"key":"SMITH"},{"floor":13.0,"key":"REST"},{"data":"Catalyst","floor":15.0,"key":"SMITH"},{"floor":23.0,"key":"REST"},{"floor":28.0,"key":"REST"},{"floor":32.0,"key":"REST"},{"data":"Burst","floor":40.0,"key":"SMITH"},{"floor":42.0,"key":"REST"},{"data":"Noxious Fumes","floor":46.0,"key":"SMITH"},{"floor":49.0,"key":"RECALL"}],"neow_cost":"NONE","seed_source_timestamp":0,"circlet_count":0,"master_deck":["AscendersBane","Defend_G","Defend_G","Defend_G","Defend_G","Defend_G","Strike_G","Strike_G","Survivor","Neutralize+1","Quick Slash+1","Bouncing Flask+1","Predator","All Out Attack","Catalyst+1","Footwork","Crippling Poison","Dagger Spray","Sucker Punch+1","Wraith Form v2","Concentrate","Dash","Sucker Punch+1","Backstab","Dash+1","Corpse Explosion","Dodge and Roll","Well Laid Plans","Burst+1","Backflip","Noxious Fumes+1","Terror","Doubt"],"special_seed":0,"relics":["Ring of the Snake","NeowsBlessing","Ice Cream","Du-Vu Doll","Mercury Hourglass","Dream Catcher","Sozu","Question Card","MawBank","Whetstone","Snecko Eye","OrangePellets","Anchor","Bottled Tornado","Turnip","Red Mask"],"potions_floor_usage":[],"damage_taken":[{"damage":0.0,"enemies":"Jaw Worm","floor":1.0,"turns":1.0},{"damage":0.0,"enemies":"Small Slimes","floor":4.0,"turns":1.0},{"damage":0.0,"enemies":"Lagavulin","floor":7.0,"turns":1.0},{"damage":0.0,"enemies":"2 Louse","floor":8.0,"turns":2.0},{"damage":10.0,"enemies":"Gremlin Gang","floor":10.0,"turns":4.0},{"damage":0.0,"enemies":"2 Fungi Beasts","floor":11.0,"turns":2.0},{"damage":40.0,"enemies":"3 Sentries","floor":12.0,"turns":12.0},{"damage":11.0,"enemies":"Gremlin Nob","floor":14.0,"turns":3.0},{"damage":19.0,"enemies":"Slime Boss","floor":16.0,"turns":7.0},{"damage":0.0,"enemies":"Spheric Guardian","floor":18.0,"turns":3.0},{"damage":19.0,"enemies":"2 Thieves","floor":20.0,"turns":2.0},{"damage":34.0,"enemies":"Book of Stabbing","floor":24.0,"turns":5.0},{"damage":2.0,"enemies":"3 Cultists","floor":25.0,"turns":5.0},{"damage":19.0,"enemies":"Sentry and Sphere","floor":29.0,"turns":5.0},{"damage":0.0,"enemies":"Cultist and Chosen","floor":30.0,"turns":4.0},{"damage":24.0,"enemies":"Automaton","floor":33.0,"turns":9.0},{"damage":8.0,"enemies":"3 Darklings","floor":35.0,"turns":4.0},{"damage":0.0,"enemies":"Orb Walker","floor":36.0,"turns":1.0},{"damage":3.0,"enemies":"4 Shapes","floor":38.0,"turns":4.0},{"damage":29.0,"enemies":"Reptomancer","floor":41.0,"turns":6.0},{"damage":9.0,"enemies":"2 Orb Walkers","floor":47.0,"turns":3.0},{"damage":57,"enemies":"Awakened One","floor":50,"turns":13}],"seed_played":"7525985389142691834","potions_obtained":[{"floor":4.0,"key":"AttackPotion"},{"floor":10.0,"key":"Explosive Potion"},{"floor":14.0,"key":"PowerPotion"},{"floor":16.0,"key":"SpeedPotion"}],"is_trial":false,"path_per_floor":["M","?","?","M","$","R","E","M","T","M","M","E","R","E","R","B",null,"M","?","M","$","?","R","E","M","T","$","R","M","M","?","R","B",null,"M","M","$","M","?","R","E","R","T","?","?","R","?","?","R","B"],"character_chosen":"THE_SILENT","items_purchased":["Predator","Question Card","OrangePellets","Anchor"],"campfire_rested":5,"item_purchase_floors":[5,21,37,37],"current_hp_per_floor":[59,52,66,66,66,66,66,66,66,56,56,16,35,24,24,5,51,51,51,32,32,32,51,17,15,15,15,34,15,15,15,34,10,52,44,44,44,41,41,41,12,31,31,66,63,63,54,54,54,0],"gold":0,"neow_bonus":"THREE_ENEMY_KILL","is_prod":false,"is_daily":false,"chose_seed":false,"campfire_upgraded":4,"win_rate":0,"timestamp":1562013764,"path_taken":["M","?","?","M","$","R","E","M","T","M","M","E","R","E","R","BOSS","M","?","M","$","?","R","E","M","T","$","R","?","M","?","R","BOSS","M","M","$","M","?","R","E","R","T","?","?","R","?","?","R","BOSS"],"build_version":"2019-07-01","purchased_purges":1,"victory":false,"max_hp_per_floor":[66,66,66,66,66,66,66,66,66,66,66,66,66,66,66,66,66,66,66,66,66,66,66,66,66,66,66,66,66,66,66,66,66,66,66,66,66,66,66,66,66,66,66,66,63,63,63,63,63,63],"card_choices":[{"not_picked":["Prepared","Dodge and Roll"],"picked":"Quick Slash","floor":1.0},{"not_picked":["Deadly Poison","Poisoned Stab"],"picked":"Bouncing Flask","floor":4.0},{"not_picked":["Expertise","Concentrate"],"picked":"All Out Attack","floor":7.0},{"not_picked":["Caltrops","Dodge and Roll"],"picked":"Catalyst","floor":8.0},{"not_picked":["Acrobatics","Reflex"],"picked":"Footwork","floor":10.0},{"not_picked":["Calculated Gamble","Accuracy"],"picked":"Crippling Poison","floor":11.0},{"not_picked":["Deadly Poison","Terror"],"picked":"Dagger Spray","floor":12.0},{"not_picked":["Predator","Dagger Throw"],"picked":"Sucker Punch","floor":14.0},{"not_picked":["Night Terror","Venomology"],"picked":"Wraith Form v2","floor":16.0},{"not_picked":["Blade Dance","Deflect"],"picked":"Concentrate","floor":18.0},{"not_picked":["Poisoned Stab","Dagger Throw","Underhanded Strike"],"picked":"SKIP","floor":20.0},{"not_picked":["Backflip","Catalyst","Finisher"],"picked":"Dash","floor":23.0},{"not_picked":["Expertise","Poisoned Stab","Prepared"],"picked":"Sucker Punch+1","floor":24.0},{"not_picked":["Well Laid Plans","Bouncing Flask","Riddle With Holes"],"picked":"Backstab","floor":25.0},{"not_picked":["Underhanded Strike","Cloak And Dagger","Distraction"],"picked":"Dash+1","floor":28.0},{"not_picked":["Infinite Blades","Bouncing Flask+1","Caltrops"],"picked":"Corpse Explosion","floor":29.0},{"not_picked":["Catalyst","Deflect","Accuracy"],"picked":"Dodge and Roll","floor":30.0},{"not_picked":["Flying Knee","Dodge and Roll","Eviscerate+1"],"picked":"Well Laid Plans","floor":32.0},{"not_picked":["Unload","Night Terror","Venomology"],"picked":"Burst","floor":33.0},{"not_picked":["Setup+1","Catalyst","Deflect","Backflip"],"picked":"SKIP","floor":35.0},{"not_picked":["Setup+1","Catalyst","Deflect"],"picked":"Backflip","floor":35.0},{"not_picked":["Deflect","Well Laid Plans+1","Dagger Spray","Cloak And Dagger"],"picked":"SKIP","floor":36.0},{"not_picked":["Prepared","Blade Dance+1","Backstab","Deflect"],"picked":"SKIP","floor":38.0},{"not_picked":["Infinite Blades","Poisoned Stab","Reflex+1"],"picked":"Noxious Fumes","floor":41.0},{"not_picked":["Dagger Throw","Deflect","Dodge and Roll"],"picked":"Terror","floor":42.0}],"player_experience":827100,"relics_obtained":[{"floor":7.0,"key":"Ice Cream"},{"floor":9.0,"key":"Du-Vu Doll"},{"floor":12.0,"key":"Mercury Hourglass"},{"floor":14.0,"key":"Dream Catcher"},{"floor":24.0,"key":"MawBank"},{"floor":26.0,"key":"Whetstone"},{"floor":41.0,"key":"Bottled Tornado"},{"floor":47.0,"key":"Turnip"}],"event_choices":[{"cards_removed":["Strike_G"],"damage_healed":0.0,"max_hp_gain":0.0,"max_hp_loss":0.0,"gold_gain":0.0,"event_name":"Golden Wing","player_choice":"Card Removal","floor":2.0,"gold_loss":0.0,"damage_taken":7.0},{"damage_healed":22.0,"max_hp_gain":0.0,"max_hp_loss":0.0,"gold_gain":0.0,"event_name":"Big Fish","player_choice":"Banana","floor":3.0,"gold_loss":0.0,"damage_taken":0.0},{"damage_healed":0.0,"max_hp_gain":0.0,"max_hp_loss":0.0,"gold_gain":50.0,"event_name":"Nest","player_choice":"Stole From Cult","floor":19.0,"gold_loss":0.0,"damage_taken":0.0},{"damage_healed":0.0,"max_hp_gain":0.0,"max_hp_loss":0.0,"gold_gain":0.0,"event_name":"Upgrade Shrine","player_choice":"Upgraded","floor":22.0,"gold_loss":0.0,"damage_taken":0.0,"cards_upgraded":["Neutralize"]},{"damage_healed":0.0,"max_hp_gain":0.0,"max_hp_loss":0.0,"gold_gain":250.0,"event_name":"The Joust","player_choice":"Bet on Owner","floor":31.0,"gold_loss":50.0,"damage_taken":0.0},{"cards_removed":["Strike_G"],"damage_healed":0.0,"max_hp_gain":0.0,"max_hp_loss":0.0,"gold_gain":0.0,"event_name":"Falling","player_choice":"Removed Attack","floor":39.0,"gold_loss":0.0,"damage_taken":0.0},{"damage_healed":35.0,"max_hp_gain":0.0,"max_hp_loss":0.0,"gold_gain":0.0,"event_name":"MindBloom","player_choice":"Heal","floor":44.0,"gold_loss":0.0,"damage_taken":0.0,"cards_obtained":["Doubt"]},{"damage_healed":0.0,"max_hp_gain":0.0,"max_hp_loss":3.0,"gold_gain":0.0,"event_name":"Winding Halls","player_choice":"Max HP","floor":45.0,"gold_loss":0.0,"damage_taken":0.0},{"damage_healed":0.0,"max_hp_gain":0.0,"max_hp_loss":0.0,"gold_gain":0.0,"event_name":"Mysterious Sphere","player_choice":"Fight","floor":47.0,"gold_loss":0.0,"damage_taken":0.0},{"damage_healed":0.0,"max_hp_gain":0.0,"max_hp_loss":0.0,"gold_gain":0.0,"event_name":"Tomb of Lord Red Mask","player_choice":"Paid","floor":48.0,"gold_loss":254.0,"damage_taken":0.0,"relics_obtained":["Red Mask"]}],"is_beta":false,"boss_relics":[{"not_picked":["Fusion Hammer","Eternal Feather"],"picked":"Sozu"},{"not_picked":["Empty Cage","HoveringKite"],"picked":"Snecko Eye"}],"items_purged_floors":[37],"is_endless":false,"potions_floor_spawned":[4,10,14,16,18,20,25,35,36],"killed_by":"Awakened One","ascension_level":20}