{"gold_per_floor":[366,366,12,25,41,69,69,127,174,203,220,237,237,250,250,322,322,337,354,354,23,23,23,39,68,93,93,110,25,50,50,50,128,128,143,143,143,153,170,204,219,144,170,170,170,190,205,235,247,259,271,283,295,36,61,61],"floor_reached":57,"playtime":3872,"items_purged":["Pain","Strike_G+1"],"score":2819,"play_id":"dacf2ab6-9179-4566-b966-b24c096609ce","local_time":"20190702203509","is_ascension_mode":true,"campfire_choices":[{"data":"All Out Attack","floor":7,"key":"SMITH"},{"data":"Noxious Fumes","floor":13,"key":"SMITH"},{"data":"Well Laid Plans","floor":15,"key":"SMITH"},{"data":"Glass Knife","floor":23,"key":"SMITH"},{"data":"Footwork","floor":27,"key":"SMITH"},{"data":"Calculated Gamble","floor":32,"key":"SMITH"},{"floor":45,"key":"RECALL"},{"data":"Wraith Form v2","floor":49,"key":"SMITH"},{"data":"Crippling Poison","floor":53,"key":"SMITH"}],"neow_cost":"PERCENT_DAMAGE","seed_source_timestamp":728833379995900,"circlet_count":0,"master_deck":["AscendersBane","Strike_G+1","Strike_G+1","Strike_G+1","Strike_G+1","Defend_G+1","Defend_G+1","Defend_G+1","Defend_G+1","Defend_G+1","Survivor","Neutralize","Flying Knee","Backstab","Quick Slash","Bouncing Flask","All Out Attack+1","Terror","Well Laid Plans+1","Noxious Fumes+1","Glass Knife+1","PiercingWail","Footwork+1","Footwork+1","PiercingWail","Leg Sweep","Outmaneuver","Calculated Gamble+1","Backflip","Deadly Poison+1","Crippling Poison+1","Dodge and Roll","Wraith Form v2+1","Deflect"],"relics":["Ring of the Snake","Anchor","Mercury Hourglass","Tiny Chest","PreservedInsect","Blood Vial","Runic Pyramid","Vajra","Gambling Chip","Boot","Snake Skull","Coffee Dripper","WarpedTongs","Molten Egg 2","Bag of Marbles","FossilizedHelix","MawBank","Bronze Scales","Lantern"],"potions_floor_usage":[6,16,19,56],"damage_taken":[{"damage":1,"enemies":"Small Slimes","floor":1,"turns":6},{"damage":0,"enemies":"Jaw Worm","floor":4,"turns":3},{"damage":0,"enemies":"2 Louse","floor":5,"turns":2},{"damage":21,"enemies":"Lagavulin","floor":6,"turns":6},{"damage":10,"enemies":"3 Sentries","floor":8,"turns":4},{"damage":5,"enemies":"Lagavulin","floor":10,"turns":5},{"damage":0,"enemies":"Looter","floor":11,"turns":2},{"damage":3,"enemies":"Blue Slaver","floor":12,"turns":3},{"damage":11,"enemies":"Exordium Thugs","floor":14,"turns":3},{"damage":4,"enemies":"Slime Boss","floor":16,"turns":5},{"damage":2,"enemies":"3 Byrds","floor":18,"turns":4},{"damage":0,"enemies":"Spheric Guardian","floor":19,"turns":3},{"damage":0,"enemies":"Snake Plant","floor":24,"turns":3},{"damage":0,"enemies":"Slavers","floor":25,"turns":3},{"damage":0,"enemies":"Chosen and Byrds","floor":28,"turns":4},{"damage":0,"enemies":"Gremlin Leader","floor":30,"turns":3},{"damage":8,"enemies":"Champ","floor":33,"turns":14},{"damage":12,"enemies":"Orb Walker","floor":35,"turns":3},{"damage":0,"enemies":"3 Shapes","floor":38,"turns":2},{"damage":8,"enemies":"Jaw Worm Horde","floor":39,"turns":4},{"damage":5,"enemies":"Giant Head","floor":40,"turns":6},{"damage":3,"enemies":"Maw","floor":41,"turns":6},{"damage":0,"enemies":"Spire Growth","floor":46,"turns":5},{"damage":0,"enemies":"Writhing Mass","floor":47,"turns":6},{"damage":0,"enemies":"Nemesis","floor":48,"turns":6},{"damage":8,"enemies":"Awakened One","floor":50,"turns":19},{"damage":3,"enemies":"Time Eater","floor":51,"turns":12},{"damage":12,"enemies":"Shield and Spear","floor":55,"turns":8},{"damage":2,"enemies":"The Heart","floor":56,"turns":12}],"seed_played":"2490536750529905759","potions_obtained":[{"floor":1,"key":"SkillPotion"},{"floor":5,"key":"SteroidPotion"},{"floor":11,"key":"SteroidPotion"},{"floor":16,"key":"Fire Potion"},{"floor":28,"key":"GhostInAJar"}],"is_trial":false,"path_per_floor":["M","?","$","M","M","E","R","E","T","E","M","M","R","M","R","B",null,"M","M","?","$","?","R","M","E","T","R","M","?","E","?","R","B",null,"M","?","?","M","M","E","M","$","T","T","R","M","M","E","R","B","B",null,"R","$","E","B",null],"character_chosen":"THE_SILENT","items_purchased":["Backstab","Quick Slash","Bouncing Flask","Anchor","GhostInAJar","Footwork","Vajra","Bronze Scales"],"campfire_rested":0,"item_purchase_floors":[3,3,3,3,21,21,21,54],"current_hp_per_floor":[43,65,65,65,65,44,44,34,34,29,31,30,30,21,21,19,54,54,56,56,56,38,38,40,42,42,42,44,44,46,46,46,40,63,53,53,53,55,49,46,45,45,45,45,45,47,49,51,51,45,44,61,61,61,51,51],"gold":61,"neow_bonus":"TWO_FIFTY_GOLD","is_prod":false,"is_daily":false,"chose_seed":false,"campfire_upgraded":8,"win_rate":0,"timestamp":1562114109,"path_taken":["M","?","$","M","M","E","R","E","T","E","M","M","R","M","R","BOSS","M","M","?","$","?","R","M","E","T","R","M","?","E","?","R","BOSS","M","?","?","?","?","E","M","$","T","?","R","M","M","E","R","BOSS","BOSS","R","$","E","BOSS"],"build_version":"2019-07-01","purchased_purges":2,"victory":true,"max_hp_per_floor":[66,66,66,66,66,66,66,66,66,66,66,66,66,66,66,66,66,66,66,66,66,71,71,71,71,71,71,71,71,71,71,71,71,71,71,67,67,67,67,67,67,67,67,67,67,67,67,67,67,67,67,67,67,67,67,67],"card_choices":[{"not_picked":["Finisher","Prepared"],"picked":"Flying Knee","floor":1},{"not_picked":["Bane","Blur"],"picked":"All Out Attack","floor":4},{"not_picked":["Prepared","Dagger Throw"],"picked":"Terror","floor":5},{"not_picked":["Heel Hook","Underhanded Strike","Choke"],"picked":"SKIP","floor":6},{"not_picked":["Dagger Throw","Choke"],"picked":"Well Laid Plans","floor":8},{"not_picked":["Phantasmal Killer","Deflect"],"picked":"Noxious Fumes","floor":10},{"not_picked":["Concentrate","Outmaneuver","Masterful Stab"],"picked":"SKIP","floor":11},{"not_picked":["Quick Slash","Slice","Blade Dance"],"picked":"SKIP","floor":12},{"not_picked":["Sucker Punch","Acrobatics","Bane"],"picked":"SKIP","floor":14},{"not_picked":["Doppelganger","Phantasmal Killer"],"picked":"Glass Knife","floor":16},{"not_picked":["Slice","Sucker Punch"],"picked":"PiercingWail","floor":18},{"not_picked":["Deadly Poison","Sucker Punch"],"picked":"Footwork+1","floor":19},{"not_picked":["Flying Knee","Cloak And Dagger"],"picked":"PiercingWail","floor":24},{"not_picked":["Blade Dance+1","Terror","Tactician"],"picked":"SKIP","floor":25},{"not_picked":["Poisoned Stab","Dagger Throw"],"picked":"Leg Sweep","floor":28},{"not_picked":["Accuracy","Predator"],"picked":"Outmaneuver","floor":30},{"not_picked":["Slice+1","Poisoned Stab","Dagger Spray"],"picked":"SKIP","floor":35},{"not_picked":["Riddle With Holes","Quick Slash+1"],"picked":"Backflip","floor":38},{"not_picked":["Prepared","Setup"],"picked":"Deadly Poison+1","floor":39},{"not_picked":["Underhanded Strike+1","Backflip+1"],"picked":"Crippling Poison","floor":40},{"not_picked":["Prepared","Outmaneuver","Noxious Fumes"],"picked":"SKIP","floor":41},{"not_picked":["Bouncing Flask+1","Sucker Punch+1"],"picked":"Dodge and Roll","floor":46},{"not_picked":["Riddle With Holes+1","Blade Dance+1","Dagger Spray+1"],"picked":"SKIP","floor":47},{"not_picked":["Predator+1","Acrobatics"],"picked":"Wraith Form v2","floor":48},{"not_picked":["Blade Dance+1","Backflip+1"],"picked":"Deflect","floor":55}],"player_experience":2193096,"relics_obtained":[{"floor":6,"key":"Mercury Hourglass"},{"floor":8,"key":"Tiny Chest"},{"floor":9,"key":"PreservedInsect"},{"floor":10,"key":"Blood Vial"},{"floor":25,"key":"Gambling Chip"},{"floor":30,"key":"Snake Skull"},{"floor":40,"key":"Molten Egg 2"},{"floor":43,"key":"Bag of Marbles"},{"floor":44,"key":"FossilizedHelix"},{"floor":48,"key":"MawBank"},{"floor":55,"key":"Lantern"}],"event_choices":[{"damage_healed":22,"gold_gain":0,"player_choice":"Banana","damage_taken":0,"max_hp_gain":0,"max_hp_loss":0,"event_name":"Big Fish","floor":2,"gold_loss":0},{"damage_healed":0,"gold_gain":0,"player_choice":"Simplicity","damage_taken":0,"max_hp_gain":0,"max_hp_loss":0,"event_name":"Back to Basics","floor":20,"gold_loss":0,"cards_upgraded":["Strike_G","Strike_G","Strike_G","Strike_G","Strike_G","Defend_G","Defend_G","Defend_G","Defend_G","Defend_G"]},{"damage_healed":0,"gold_gain":0,"player_choice":"Shed Blood","damage_taken":23,"max_hp_gain":5,"max_hp_loss":0,"event_name":"Forgotten Altar","floor":22,"gold_loss":0},{"damage_healed":0,"gold_gain":0,"player_choice":"Obtained Relic","damage_taken":0,"relics_obtained":["Boot"],"max_hp_gain":0,"max_hp_loss":0,"event_name":"Addict","floor":29,"gold_loss":85},{"damage_healed":0,"gold_gain":0,"player_choice":"Read","damage_taken":0,"max_hp_gain":0,"max_hp_loss":0,"event_name":"The Library","floor":31,"gold_loss":0,"cards_obtained":["Calculated Gamble"]},{"damage_healed":0,"gold_gain":0,"player_choice":"Max HP","damage_taken":0,"max_hp_gain":0,"max_hp_loss":4,"event_name":"Winding Halls","floor":36,"gold_loss":0},{"damage_healed":0,"gold_gain":0,"player_choice":"Rummage","damage_taken":0,"relics_obtained":["WarpedTongs"],"max_hp_gain":0,"max_hp_loss":0,"event_name":"Accursed Blacksmith","floor":37,"gold_loss":0,"cards_obtained":["Pain"]}],"is_beta":false,"boss_relics":[{"not_picked":["WristBlade","Sozu"],"picked":"Runic Pyramid"},{"not_picked":["Snecko Eye","Philosopher\u0027s Stone"],"picked":"Coffee Dripper"}],"items_purged_floors":[42,54],"is_endless":false,"potions_floor_spawned":[1,5,11,12,16,18,28,30,33,39,40,46,48],"ascension_level":20}