{"gold_per_floor":[113,113,113,131,231,231,241,241,264,292,292,292,292,21,21,124,124,135,135,50,61,61,61,96,96,96,0,19,31,130,143,143,143],"floor_reached":33,"playtime":1036,"items_purged":[],"score":352,"play_id":"53b8246d-026e-4da2-908d-b3439fd5b2b2","local_time":"20180827202855","is_ascension_mode":true,"campfire_choices":[{"data":"Neutralize","floor":6.0,"key":"SMITH"},{"data":"Noxious Fumes","floor":8.0,"key":"SMITH"},{"data":"Glass Knife","floor":13.0,"key":"SMITH"},{"data":"Sucker Punch","floor":15.0,"key":"SMITH"},{"data":"Infinite Blades","floor":23,"key":"SMITH"},{"data":"Caltrops","floor":25,"key":"SMITH"},{"floor":32,"key":"REST"}],"neow_cost":"NONE","seed_source_timestamp":4404726611720987,"circlet_count":0,"master_deck":["Defend_G","Defend_G","Defend_G","Defend_G+1","Defend_G","Strike_G","Strike_G","Strike_G","Survivor","Neutralize+1","Noxious Fumes+1","Sucker Punch+1","Backflip+1","Glass Knife+1","Flechettes","Infinite Blades+1","Quick Slash","Burst","Backflip","Blade Dance","Caltrops+1","Dash+1","Masterful Stab","Backflip"],"special_seed":0,"relics":["Ring of the Snake","Juzu Bracelet","Potion Belt","Bronze Scales","Bag of Marbles","WristBlade","War Paint","Bottled Flame","Omamori"],"potions_floor_usage":[16,24,31,31],"damage_taken":[{"damage":0.0,"enemies":"Small Slimes","floor":1.0,"turns":3.0},{"damage":14.0,"enemies":"Cultist","floor":4.0,"turns":5.0},{"damage":0.0,"enemies":"2 Louse","floor":7.0,"turns":4.0},{"damage":16.0,"enemies":"Lagavulin","floor":10.0,"turns":8.0},{"damage":7,"enemies":"The Guardian","floor":16,"turns":11},{"damage":2,"enemies":"Chosen","floor":18,"turns":5},{"damage":2,"enemies":"Shell Parasite","floor":21,"turns":4},{"damage":24,"enemies":"Book of Stabbing","floor":24,"turns":6},{"damage":16,"enemies":"Snake Plant","floor":28,"turns":4},{"damage":6,"enemies":"Shelled Parasite and Fungi","floor":29,"turns":5},{"damage":6,"enemies":"Centurion and Healer","floor":31,"turns":6},{"damage":47,"enemies":"Automaton","floor":33,"turns":6}],"seed_played":"6847712936625844464","potions_obtained":[{"floor":1.0,"key":"PowerPotion"},{"floor":7.0,"key":"Dexterity Potion"},{"floor":16,"key":"SkillPotion"},{"floor":28,"key":"FearPotion"},{"floor":29,"key":"SkillPotion"}],"is_trial":false,"path_per_floor":["M","?","?","M","?","R","M","R","T","E","$","?","R","$","R","B",null,"M","$","?","M","?","R","E","R","T","?","M","M","?","M","R"],"character_chosen":"THE_SILENT","items_purchased":["Infinite Blades","Quick Slash","Bag of Marbles"],"campfire_rested":1,"item_purchase_floors":[14,14,14],"current_hp_per_floor":[63,63,68,54,54,54,54,54,54,38,38,38,38,38,38,31,64,62,62,62,60,60,60,36,36,36,36,20,14,14,8,30,0],"gold":143,"neow_bonus":"RANDOM_COMMON_RELIC","is_prod":false,"is_daily":false,"chose_seed":false,"campfire_upgraded":6,"win_rate":0,"timestamp":1535416135,"path_taken":["M","?","?","M","?","R","M","R","T","E","$","?","R","?","R","BOSS","M","$","?","M","?","R","E","R","T","?","M","M","?","M","R","BOSS"],"build_version":"2018-08-23v2","purchased_purges":0,"victory":false,"max_hp_per_floor":[70,70,75,75,75,75,75,75,75,75,75,75,75,75,75,75,75,75,75,75,75,75,75,75,75,75,75,75,75,75,75,75,75],"card_choices":[{"not_picked":["Setup","Backflip"],"picked":"Noxious Fumes","floor":1.0},{"not_picked":["Escape Plan","Tactician"],"picked":"Sucker Punch","floor":4.0},{"not_picked":["Blade Dance","Deadly Poison"],"picked":"Backflip","floor":7.0},{"not_picked":["Slice","Flying Knee"],"picked":"Glass Knife","floor":10.0},{"not_picked":["Night Terror","Wraith Form v2"],"picked":"Burst","floor":16},{"not_picked":["Acrobatics","Bane"],"picked":"Backflip","floor":18},{"not_picked":["Poisoned Stab+1","Deadly Poison"],"picked":"Blade Dance","floor":21},{"not_picked":["Escape Plan","Bane"],"picked":"Caltrops","floor":24},{"not_picked":["Blade Dance","Acrobatics"],"picked":"Dash+1","floor":28},{"not_picked":["Prepared+1","Outmaneuver"],"picked":"Masterful Stab","floor":29},{"not_picked":["Poisoned Stab","Prepared"],"picked":"Backflip","floor":31}],"player_experience":284030,"relics_obtained":[{"floor":9.0,"key":"Potion Belt"},{"floor":10.0,"key":"Bronze Scales"},{"floor":24,"key":"Bottled Flame"},{"floor":26,"key":"Omamori"}],"event_choices":[{"event_name":"Bonfire Elementals","player_choice":"BASIC","floor":2.0,"damage_taken":0.0},{"event_name":"Big Fish","player_choice":"Donut","floor":3.0,"damage_taken":0.0},{"event_name":"Golden Shrine","player_choice":"Pray","floor":5.0,"damage_taken":0.0},{"event_name":"Transmorgrifier","player_choice":"Transform","floor":12.0,"damage_taken":0.0},{"event_name":"Addict","player_choice":"Obtained Relic","floor":20,"damage_taken":0},{"event_name":"Beggar","player_choice":"Ignored","floor":22,"damage_taken":0},{"event_name":"Masked Bandits","player_choice":"Paid Fearfully","floor":27,"damage_taken":0},{"event_name":"Nest","player_choice":"Stole From Cult","floor":30,"damage_taken":0}],"is_beta":false,"boss_relics":[{"not_picked":["Busted Crown","Black Star"],"picked":"WristBlade"}],"items_purged_floors":[],"is_endless":false,"potions_floor_spawned":[1,7,16,28,29],"killed_by":"Automaton","ascension_level":7}