{"gold_per_floor":[113,133,133,133,153,492,63,76,144,157,157,170,170,183,183,311,311,335,335,335,265,281,281,297,311,363,363,380,412,252,252],"floor_reached":31,"playtime":1179,"items_purged":["Strike_B+1"],"score":401,"play_id":"09f72aaf-5a63-43aa-895c-cebd996ae400","local_time":"20190710181958","is_ascension_mode":true,"campfire_choices":[{"floor":13,"key":"REST"},{"floor":15,"key":"REST"},{"floor":23,"key":"REST"},{"floor":27,"key":"REST"}],"neow_cost":"NONE","seed_source_timestamp":85164637727597,"circlet_count":0,"master_deck":["AscendersBane","Strike_B+1","Strike_B+1","Strike_B+1","Defend_B+1","Defend_B+1","Defend_B+1","Defend_B+1","Zap+1","Dualcast","Dramatic Entrance","Steam+1","Genetic Algorithm","Ball Lightning","Consume+1","Cold Snap","BootSequence+1","Creative AI","Sunder","White Noise+1","White Noise+1","Purity+1"],"relics":["Cracked Core","Bloody Idol","Old Coin","PreservedInsect","OrangePellets","Toxic Egg 2","Sozu","War Paint","Orichalcum"],"potions_floor_usage":[8,12,16],"damage_taken":[{"damage":1,"enemies":"Cultist","floor":1,"turns":3},{"damage":7,"enemies":"Jaw Worm","floor":2,"turns":2},{"damage":2,"enemies":"Small Slimes","floor":5,"turns":3},{"damage":36,"enemies":"3 Sentries","floor":6,"turns":7},{"damage":0,"enemies":"3 Louse","floor":8,"turns":3},{"damage":8,"enemies":"2 Fungi Beasts","floor":10,"turns":3},{"damage":7,"enemies":"Exordium Thugs","floor":12,"turns":4},{"damage":0,"enemies":"Gremlin Gang","floor":14,"turns":3},{"damage":40,"enemies":"Slime Boss","floor":16,"turns":10},{"damage":15,"enemies":"Shell Parasite","floor":18,"turns":6},{"damage":12,"enemies":"Chosen","floor":22,"turns":6},{"damage":7,"enemies":"Centurion and Healer","floor":24,"turns":9},{"damage":4,"enemies":"Shelled Parasite and Fungi","floor":25,"turns":5},{"damage":0,"enemies":"Cultist and Chosen","floor":28,"turns":5},{"damage":23,"enemies":"Book of Stabbing","floor":29,"turns":5},{"damage":60,"enemies":"Gremlin Leader","floor":31,"turns":5}],"seed_played":"-484192198077362728","potions_obtained":[{"floor":2,"key":"EntropicBrew"},{"floor":5,"key":"Dexterity Potion"},{"floor":6,"key":"Block Potion"},{"floor":12,"key":"Poison Potion"},{"floor":16,"key":"Ancient Potion"}],"is_trial":false,"path_per_floor":["M","M","$","?","M","E","$","M","T","M","?","M","R","M","R","B",null,"M","?","?","$","M","R","M","M","T","R","M","E","$","E"],"character_chosen":"DEFECT","items_purchased":["Consume","PreservedInsect","OrangePellets","White Noise+1","Purity+1"],"campfire_rested":4,"item_purchase_floors":[7,7,7,21,30],"current_hp_per_floor":[67,60,60,60,58,22,22,22,22,14,14,7,27,27,47,7,54,39,39,39,39,32,52,50,51,56,69,69,51,51,0],"gold":252,"neow_bonus":"RANDOM_COLORLESS","is_prod":false,"is_daily":false,"chose_seed":false,"campfire_upgraded":0,"win_rate":0,"timestamp":1562775598,"path_taken":["M","?","?","?","M","E","$","M","T","M","?","M","R","M","R","BOSS","M","?","?","$","M","R","?","M","T","R","M","E","$","E"],"build_version":"2019-07-05","purchased_purges":1,"victory":false,"max_hp_per_floor":[75,75,75,69,69,69,69,69,69,69,69,69,69,69,69,69,69,69,69,69,69,69,69,69,69,69,69,69,69,69,69],"card_choices":[{"not_picked":["Undo","Force Field"],"picked":"Steam","floor":1},{"not_picked":["Steam","Rebound"],"picked":"Genetic Algorithm","floor":2},{"not_picked":["Leap","Chaos"],"picked":"Ball Lightning","floor":5},{"not_picked":["Loop","Turbo","Rip and Tear"],"picked":"SKIP","floor":6},{"not_picked":["Gash","Rip and Tear"],"picked":"Cold Snap","floor":8},{"not_picked":["Barrage","Leap+1","Steam+1"],"picked":"SKIP","floor":10},{"not_picked":["Beam Cell","Stack+1"],"picked":"BootSequence+1","floor":12},{"not_picked":["Meteor Strike","Sweeping Beam","Rip and Tear"],"picked":"SKIP","floor":14},{"not_picked":["Machine Learning","Core Surge"],"picked":"Creative AI","floor":16},{"not_picked":["Gash","BootSequence+1"],"picked":"Sunder","floor":18},{"not_picked":["Scrape","Steam Power+1","Hello World"],"picked":"SKIP","floor":22},{"not_picked":["Darkness+1","Storm","Reinforced Body+1"],"picked":"SKIP","floor":24},{"not_picked":["Melter","Gash"],"picked":"White Noise+1","floor":25},{"not_picked":["Barrage+1","Chill+1","Leap+1"],"picked":"SKIP","floor":28},{"not_picked":["Compile Driver","Steam Power+1","Streamline"],"picked":"SKIP","floor":29}],"player_experience":61726,"relics_obtained":[{"floor":6,"key":"Old Coin"},{"floor":9,"key":"Toxic Egg 2"},{"floor":26,"key":"War Paint"},{"floor":29,"key":"Orichalcum"}],"event_choices":[{"damage_healed":0,"gold_gain":0,"player_choice":"Lose Max HP","damage_taken":0,"relics_obtained":["Golden Idol"],"max_hp_gain":0,"max_hp_loss":6,"event_name":"Golden Idol","floor":4,"gold_loss":0},{"damage_healed":0,"gold_gain":0,"player_choice":"Grow","damage_taken":0,"max_hp_gain":0,"max_hp_loss":0,"event_name":"Living Wall","floor":11,"gold_loss":0,"cards_upgraded":["Zap"]},{"damage_healed":0,"gold_gain":0,"player_choice":"Gave Idol","damage_taken":0,"relics_obtained":["Bloody Idol"],"max_hp_gain":0,"max_hp_loss":0,"event_name":"Forgotten Altar","floor":19,"relics_lost":["Golden Idol"],"gold_loss":0},{"damage_healed":0,"gold_gain":0,"player_choice":"Simplicity","damage_taken":0,"max_hp_gain":0,"max_hp_loss":0,"event_name":"Back to Basics","floor":20,"gold_loss":0,"cards_upgraded":["Strike_B","Strike_B","Strike_B","Strike_B","Defend_B","Defend_B","Defend_B","Defend_B"]}],"is_beta":false,"boss_relics":[{"not_picked":["Coffee Dripper","Empty Cage"],"picked":"Sozu"}],"items_purged_floors":[30],"is_endless":false,"potions_floor_spawned":[2,5,6,12,16,18,22,25],"killed_by":"Gremlin Leader","ascension_level":11}