{"gold_per_floor":[118,133,149,166,166,199,199,227,227,18,38,38,57,1,1,75,75,94,74,86,136,136,136,171,171,171,188,24,24,24,24,24,95,95,112,112,123,123,123,123,123],"floor_reached":41,"playtime":1074,"items_purged":[],"score":817,"play_id":"f1e11a84-471c-463b-bcc3-937f87fcca3a","local_time":"20190218162448","is_ascension_mode":true,"campfire_choices":[{"data":"Armaments","floor":7.0,"key":"SMITH"},{"floor":15.0,"key":"REST"},{"floor":23.0,"key":"REST"},{"floor":25.0,"key":"REST"},{"floor":29,"key":"REST"},{"floor":32,"key":"REST"},{"data":"Demon Form","floor":40,"key":"SMITH"}],"neow_cost":"NONE","seed_source_timestamp":5109482050117265,"circlet_count":0,"master_deck":["AscendersBane","Strike_R","Strike_R","Strike_R","Strike_R","Strike_R","Defend_R","Defend_R","Defend_R","Defend_R","Bash","Perfected Strike","Anger","Cleave","Sentinel","Armaments+1","Juggernaut","Perfected Strike+1","Metallicize","Whirlwind+1","Pommel Strike+1","Barricade+1","Perfected Strike+1","Feed+1","Pommel Strike+1","Demon Form+1","Perfected Strike+1","Perfected Strike+1"],"special_seed":0,"relics":["Black Blood","NeowsBlessing","Singing Bowl","Shuriken","Molten Egg 2","Question Card","Happy Flower","Mark of Pain","Darkstone Periapt","PreservedInsect","Red Skull","CultistMask"],"potions_floor_usage":[27,33],"damage_taken":[{"damage":0.0,"enemies":"Small Slimes","floor":1.0,"turns":1.0},{"damage":0.0,"enemies":"Jaw Worm","floor":2.0,"turns":1.0},{"damage":0.0,"enemies":"Cultist","floor":3.0,"turns":1.0},{"damage":16.0,"enemies":"Lots of Slimes","floor":4.0,"turns":4.0},{"damage":32.0,"enemies":"Gremlin Nob","floor":6.0,"turns":4.0},{"damage":20.0,"enemies":"Lagavulin","floor":8.0,"turns":7.0},{"damage":12.0,"enemies":"Looter","floor":11.0,"turns":3.0},{"damage":0.0,"enemies":"Gremlin Gang","floor":13.0,"turns":2.0},{"damage":30.0,"enemies":"Hexaghost","floor":16.0,"turns":9.0},{"damage":42.0,"enemies":"2 Thieves","floor":18.0,"turns":4.0},{"damage":14.0,"enemies":"3 Byrds","floor":20.0,"turns":4.0},{"damage":33.0,"enemies":"Gremlin Leader","floor":24.0,"turns":7.0},{"damage":20,"enemies":"Centurion and Healer","floor":27,"turns":7},{"damage":66,"enemies":"Collector","floor":33,"turns":8},{"damage":35,"enemies":"Orb Walker","floor":35,"turns":4},{"damage":0,"enemies":"3 Shapes","floor":37,"turns":6},{"damage":79,"enemies":"Giant Head","floor":41,"turns":5}],"seed_played":"8751041471905532670","potions_obtained":[{"floor":4.0,"key":"Explosive Potion"},{"floor":6.0,"key":"Fire Potion"},{"floor":8.0,"key":"Swift Potion"},{"floor":13.0,"key":"AttackPotion"},{"floor":16.0,"key":"Ancient Potion"},{"floor":19.0,"key":"SteroidPotion"},{"floor":27,"key":"Block Potion"},{"floor":35,"key":"SpeedPotion"}],"is_trial":false,"path_per_floor":["M","M","M","M","?","E","R","E","T","$","M","$","M","$","R","B",null,"M","?","M","?","$","R","E","R","T","M","$","R","?","?","R","B",null,"M","?","M","?","$","R","E"],"character_chosen":"IRONCLAD","items_purchased":["Perfected Strike+1","Happy Flower","Pommel Strike+1","Red Skull"],"campfire_rested":5,"item_purchase_floors":[10,10,14,28],"current_hp_per_floor":[74,75,75,65,54,28,28,14,14,14,8,8,14,14,36,12,59,25,25,17,17,17,40,13,36,36,22,22,45,45,45,68,12,64,39,66,66,66,66,66,0],"gold":123,"neow_bonus":"THREE_ENEMY_KILL","is_prod":false,"is_daily":false,"chose_seed":false,"campfire_upgraded":2,"win_rate":0,"timestamp":1550525088,"path_taken":["M","M","M","M","?","E","R","E","T","?","M","?","?","?","R","BOSS","M","?","?","?","?","R","E","R","T","M","$","R","?","?","R","BOSS","M","?","M","?","$","R","E"],"build_version":"2019-01-23","purchased_purges":0,"victory":false,"max_hp_per_floor":[75,75,75,75,75,75,75,75,75,75,75,75,75,75,75,75,75,77,77,77,77,77,77,77,77,77,77,77,77,77,77,77,81,81,81,66,66,66,66,66,66],"card_choices":[{"not_picked":["Armaments","True Grit"],"picked":"Perfected Strike","floor":1.0},{"not_picked":["Disarm","Seeing Red"],"picked":"Anger","floor":2.0},{"not_picked":["Searing Blow","True Grit"],"picked":"Cleave","floor":3.0},{"not_picked":["Heavy Blade","Thunderclap"],"picked":"Sentinel","floor":4.0},{"not_picked":["Blood for Blood","Anger"],"picked":"Armaments","floor":6.0},{"not_picked":["Feel No Pain","Armaments"],"picked":"Juggernaut","floor":8.0},{"not_picked":["Headbutt+1","Iron Wave+1","Evolve"],"picked":"Metallicize","floor":11.0},{"not_picked":["Battle Trance","True Grit","Havoc"],"picked":"Whirlwind+1","floor":13.0},{"not_picked":["Brutality","Juggernaut","Limit Break"],"picked":"Barricade","floor":16.0},{"not_picked":["Headbutt+1","Cleave+1","Thunderclap+1","Bloodletting"],"picked":"Singing Bowl","floor":18.0},{"not_picked":["Pommel Strike+1","Anger+1","Feel No Pain"],"picked":"Perfected Strike+1","floor":20.0},{"not_picked":["Ghostly Armor","Inflame","Carnage+1"],"picked":"Feed+1","floor":24.0},{"not_picked":["Disarm","Feel No Pain","Flex+1"],"picked":"Pommel Strike+1","floor":27},{"not_picked":["Limit Break","Bludgeon+1","Offering"],"picked":"Demon Form","floor":33},{"not_picked":["Clash+1","Sever Soul+1","Seeing Red+1"],"picked":"Perfected Strike+1","floor":35},{"not_picked":["Wild Strike+1","Headbutt+1","Heavy Blade+1"],"picked":"Perfected Strike+1","floor":37}],"player_experience":577929,"relics_obtained":[{"floor":6.0,"key":"Shuriken"},{"floor":8.0,"key":"Molten Egg 2"},{"floor":9.0,"key":"Question Card"},{"floor":24.0,"key":"Darkstone Periapt"},{"floor":26.0,"key":"PreservedInsect"}],"event_choices":[{"damage_healed":0.0,"max_hp_gain":0.0,"max_hp_loss":0.0,"gold_gain":0.0,"event_name":"Scrap Ooze","player_choice":"Success","floor":5.0,"gold_loss":0.0,"damage_taken":11.0,"relics_obtained":["Singing Bowl"]},{"damage_healed":0.0,"max_hp_gain":0.0,"max_hp_loss":0.0,"gold_gain":0.0,"event_name":"The Woman in Blue","player_choice":"Bought 1 Potion","floor":19.0,"gold_loss":0.0,"damage_taken":0.0},{"damage_healed":0.0,"max_hp_gain":0.0,"max_hp_loss":0.0,"gold_gain":50.0,"event_name":"Nest","player_choice":"Stole From Cult","floor":21.0,"gold_loss":0.0,"damage_taken":0.0},{"damage_healed":0,"gold_gain":0,"player_choice":"Ignored","damage_taken":0,"max_hp_gain":0,"max_hp_loss":0,"event_name":"Ghosts","floor":30,"gold_loss":0},{"damage_healed":0,"gold_gain":0,"player_choice":"Upgraded","damage_taken":0,"max_hp_gain":0,"max_hp_loss":0,"event_name":"Upgrade Shrine","floor":31,"gold_loss":0,"cards_upgraded":["Barricade"]},{"damage_healed":66,"gold_gain":0,"player_choice":"Heal","damage_taken":0,"max_hp_gain":0,"max_hp_loss":15,"event_name":"The Moai Head","floor":36,"gold_loss":0},{"damage_healed":0,"gold_gain":0,"player_choice":"Trade","damage_taken":0,"relics_obtained":["CultistMask"],"max_hp_gain":0,"max_hp_loss":0,"event_name":"FaceTrader","floor":38,"gold_loss":0}],"is_beta":false,"boss_relics":[{"not_picked":["Runic Cube","Sozu"],"picked":"Mark of Pain"},{"not_picked":["Velvet Choker","Runic Dome"],"picked":"Black Blood"}],"items_purged_floors":[],"is_endless":false,"potions_floor_spawned":[4,6,8,13,16,18,27,35],"killed_by":"Giant Head","ascension_level":18}