{"gold_per_floor":[112,24,34,34,50,79,95,95,174,192,210,210,210,220,220,220],"floor_reached":16,"playtime":313,"items_purged":[],"score":208,"play_id":"a42be326-4015-461b-8bbf-70b479a53646","local_time":"20190525224436","is_ascension_mode":true,"campfire_choices":[{"floor":8,"key":"REST"},{"floor":12,"key":"REST"},{"data":"Defragment","floor":15,"key":"SMITH"}],"neow_cost":"NONE","seed_source_timestamp":15682825285000,"circlet_count":0,"master_deck":["AscendersBane","Strike_B","Strike_B","Strike_B","Strike_B","Defend_B","Defend_B","Defend_B","Defend_B","Zap","Dualcast","Cold Snap","Defragment+1","Leap","Pain","Cold Snap","Ball Lightning","Coolheaded","Compile Driver"],"special_seed":0,"relics":["Cracked Core","NeowsBlessing","WarpedTongs","Ginger","Symbiotic Virus"],"potions_floor_usage":[11],"damage_taken":[{"damage":0.0,"enemies":"Cultist","floor":1.0,"turns":1.0},{"damage":0.0,"enemies":"2 Louse","floor":3.0,"turns":1.0},{"damage":1.0,"enemies":"Small Slimes","floor":5.0,"turns":1.0},{"damage":55.0,"enemies":"Gremlin Nob","floor":6.0,"turns":5.0},{"damage":4,"enemies":"Gremlin Gang","floor":7,"turns":5},{"damage":9,"enemies":"Looter","floor":10,"turns":3},{"damage":17,"enemies":"Large Slime","floor":11,"turns":7},{"damage":12,"enemies":"Red Slaver","floor":14,"turns":3},{"damage":27,"enemies":"Slime Boss","floor":16,"turns":3}],"seed_played":"7643524073628140414","potions_obtained":[{"floor":3.0,"key":"Swift Potion"},{"floor":5.0,"key":"EssenceOfSteel"},{"floor":10,"key":"Regen Potion"}],"is_trial":false,"path_per_floor":["M","$","M","?","M","E","M","R","T","M","M","R","?","M","R","B"],"character_chosen":"DEFECT","items_purchased":["Defragment"],"campfire_rested":2,"item_purchase_floors":[2],"current_hp_per_floor":[64,64,64,64,63,8,4,25,25,16,14,35,35,23,23,0],"gold":220,"neow_bonus":"THREE_ENEMY_KILL","is_prod":false,"is_daily":false,"chose_seed":false,"campfire_upgraded":1,"win_rate":0,"timestamp":1558820676,"path_taken":["M","$","M","?","?","E","M","R","T","M","M","R","?","M","R","BOSS"],"build_version":"2019-01-23","purchased_purges":0,"victory":false,"max_hp_per_floor":[71,71,71,71,71,71,71,71,71,71,71,71,71,71,71,71],"card_choices":[{"not_picked":["Barrage","Turbo"],"picked":"Cold Snap","floor":1.0},{"not_picked":["Stack","Gash"],"picked":"Leap","floor":3.0},{"not_picked":["Steam Power","Amplify"],"picked":"Cold Snap","floor":5.0},{"not_picked":["Sweeping Beam","Thunder Strike"],"picked":"Ball Lightning","floor":6.0},{"not_picked":["Conserve Battery","Skim","Stack"],"picked":"SKIP","floor":7},{"not_picked":["Heatsinks","Cold Snap"],"picked":"Coolheaded","floor":10},{"not_picked":["Turbo","Conserve Battery"],"picked":"Compile Driver","floor":11},{"not_picked":["Turbo","Sweeping Beam","Go for the Eyes"],"picked":"SKIP","floor":14}],"player_experience":1404367,"relics_obtained":[{"floor":6.0,"key":"Ginger"},{"floor":9,"key":"Symbiotic Virus"}],"event_choices":[{"damage_healed":0.0,"max_hp_gain":0.0,"max_hp_loss":0.0,"gold_gain":0.0,"event_name":"Accursed Blacksmith","player_choice":"Rummage","floor":4.0,"gold_loss":0.0,"damage_taken":0.0,"relics_obtained":["WarpedTongs"],"cards_obtained":["Pain"]},{"damage_healed":0,"gold_gain":0,"player_choice":"Ignored","damage_taken":0,"max_hp_gain":0,"max_hp_loss":0,"event_name":"Liars Game","floor":13,"gold_loss":0}],"is_beta":false,"boss_relics":[],"items_purged_floors":[],"is_endless":false,"potions_floor_spawned":[3,5,10],"killed_by":"Slime Boss","ascension_level":20}