{"gold_per_floor":[114,64,79,79,94,124,139,154,154,169,184,214,214,289,289,414,414,433,433,156,156,71,71,101,101,101,143,170,197,209,236,248,260],"floor_reached":33,"playtime":2082,"items_purged":[],"score":297,"play_id":"15fe380a-5049-495d-bade-5f26d4260fbc","local_time":"20190708230730","daily_mods":["Heirloom","Colorless Cards","Terminal"],"is_ascension_mode":false,"campfire_choices":[{"data":"Blade Dance","floor":15.0,"key":"SMITH"},{"data":"Discovery","floor":23.0,"key":"SMITH"},{"data":"Blind","floor":32.0,"key":"SMITH"}],"neow_cost":"","seed_source_timestamp":0,"circlet_count":0,"master_deck":["Defend_G+1","Defend_G+1","Defend_G+1","Survivor","Neutralize+1","Panacea","Blade Dance+1","Poisoned Stab","Panacea","PiercingWail","Flying Knee","Escape Plan","Malaise","Flying Knee+1","Good Instincts+1","Quick Slash+1","Backflip+1","Blind+1","Well Laid Plans","Discovery+1","The Bomb","Crippling Poison","Accuracy+1","Dagger Spray"],"special_seed":18085,"relics":["Ring of the Snake","Turnip","Incense Burner","Question Card","Gremlin Horn","Bloody Idol","Astrolabe","Bag of Marbles","Art of War","MawBank","Regal Pillow"],"potions_floor_usage":[],"damage_taken":[{"damage":0.0,"enemies":"Jaw Worm","floor":1.0,"turns":5.0},{"damage":0.0,"enemies":"Small Slimes","floor":3.0,"turns":3.0},{"damage":0.0,"enemies":"2 Louse","floor":5.0,"turns":3.0},{"damage":17.0,"enemies":"Lagavulin","floor":6.0,"turns":9.0},{"damage":0.0,"enemies":"Large Slime","floor":7.0,"turns":6.0},{"damage":0.0,"enemies":"3 Louse","floor":8.0,"turns":4.0},{"damage":0.0,"enemies":"Lots of Slimes","floor":10.0,"turns":5.0},{"damage":0.0,"enemies":"Large Slime","floor":11.0,"turns":5.0},{"damage":15.0,"enemies":"Gremlin Nob","floor":12.0,"turns":5.0},{"damage":17.0,"enemies":"Hexaghost","floor":16.0,"turns":12.0},{"damage":0.0,"enemies":"3 Byrds","floor":18.0,"turns":5.0},{"damage":2.0,"enemies":"Gremlin Leader","floor":24.0,"turns":6.0},{"damage":4.0,"enemies":"Slavers","floor":27.0,"turns":7.0},{"damage":0.0,"enemies":"Shell Parasite","floor":28.0,"turns":7.0},{"damage":0.0,"enemies":"3 Cultists","floor":29.0,"turns":6.0},{"damage":0.0,"enemies":"Snecko","floor":31.0,"turns":5.0},{"damage":0,"enemies":"Champ","floor":33,"turns":1}],"seed_played":"-1033485065837994078","potions_obtained":[{"floor":5.0,"key":"Poison Potion"},{"floor":6.0,"key":"Strength Potion"},{"floor":8.0,"key":"GhostInAJar"},{"floor":10.0,"key":"SneckoOil"},{"floor":16.0,"key":"FearPotion"},{"floor":18.0,"key":"Dexterity Potion"},{"floor":31.0,"key":"Ancient Potion"}],"is_trial":false,"path_per_floor":["M","?","M","?","M","E","M","M","T","M","M","E","?","?","R","B",null,"M","?","$","?","?","R","E","?","T","E","M","M","?","M","R","B"],"character_chosen":"THE_SILENT","items_purchased":["Discovery","The Bomb"],"campfire_rested":0,"item_purchase_floors":[20,20],"current_hp_per_floor":[68,67,66,65,64,47,47,47,47,47,47,32,32,21,21,4,48,47,46,45,44,43,42,41,40,39,38,37,36,35,34,33,33],"gold":260,"neow_bonus":"","is_prod":false,"is_daily":true,"chose_seed":false,"campfire_upgraded":3,"win_rate":0,"timestamp":1562620050,"path_taken":["M","?","M","?","M","E","M","M","T","M","M","E","?","?","R","BOSS","M","?","$","?","?","R","E","?","T","E","M","?","?","M","R","BOSS"],"build_version":"2019-07-05","purchased_purges":0,"victory":false,"max_hp_per_floor":[68,67,66,65,64,63,62,61,60,59,58,57,52,51,50,49,48,47,46,45,44,43,42,41,40,39,38,37,36,35,34,33,33],"card_choices":[{"not_picked":["Backflip","Skewer"],"picked":"Panacea","floor":1.0},{"not_picked":["Prepared","Purity"],"picked":"Blade Dance","floor":3.0},{"not_picked":["Sucker Punch","Outmaneuver"],"picked":"Poisoned Stab","floor":5.0},{"not_picked":["Purity","Grand Finale","Distraction"],"picked":"SKIP","floor":6.0},{"not_picked":["Bane","All Out Attack"],"picked":"Panacea","floor":7.0},{"not_picked":["Distraction","Reflex","Flash of Steel"],"picked":"SKIP","floor":8.0},{"not_picked":["Outmaneuver","Madness","Poisoned Stab"],"picked":"PiercingWail","floor":10.0},{"not_picked":["Bane","Dodge and Roll","Backflip"],"picked":"Flying Knee","floor":11.0},{"not_picked":["Dodge and Roll","Forethought","Endless Agony"],"picked":"Escape Plan","floor":12.0},{"not_picked":["A Thousand Cuts","The Bomb","Die Die Die"],"picked":"Malaise","floor":16.0},{"not_picked":["Quick Slash+1","Calculated Gamble","Acrobatics+1"],"picked":"Backflip+1","floor":18.0},{"not_picked":["Dagger Spray","Flying Knee","Enlightenment+1"],"picked":"Crippling Poison","floor":24.0},{"not_picked":["Tactician","Slice","The Bomb","Dodge and Roll"],"picked":"SKIP","floor":27.0},{"not_picked":["Acrobatics","Bane+1","Slice"],"picked":"Accuracy+1","floor":28.0},{"not_picked":["Panacea","Deflect","Underhanded Strike"],"picked":"Dagger Spray","floor":29.0},{"not_picked":["Slice","Flying Knee","Distraction+1","Discovery"],"picked":"SKIP","floor":31.0}],"player_experience":35475,"relics_obtained":[{"floor":6.0,"key":"Incense Burner"},{"floor":9.0,"key":"Question Card"},{"floor":12.0,"key":"Gremlin Horn"},{"floor":24.0,"key":"Art of War"},{"floor":26.0,"key":"MawBank"},{"floor":27.0,"key":"Regal Pillow"}],"event_choices":[{"cards_removed":["Defend_G"],"damage_healed":0.0,"max_hp_gain":0.0,"max_hp_loss":0.0,"gold_gain":0.0,"event_name":"The Cleric","player_choice":"Card Removal","floor":2.0,"gold_loss":50.0,"damage_taken":0.0},{"damage_healed":0.0,"max_hp_gain":0.0,"max_hp_loss":0.0,"gold_gain":0.0,"event_name":"Living Wall","player_choice":"Grow","floor":4.0,"gold_loss":0.0,"damage_taken":0.0,"cards_upgraded":["Neutralize"]},{"damage_healed":0.0,"max_hp_gain":0.0,"max_hp_loss":4.0,"gold_gain":0.0,"event_name":"Golden Idol","player_choice":"Lose Max HP","floor":13.0,"gold_loss":0.0,"damage_taken":0.0,"relics_obtained":["Golden Idol"]},{"damage_healed":0.0,"max_hp_gain":0.0,"max_hp_loss":0.0,"gold_gain":75.0,"event_name":"World of Goop","player_choice":"Gather Gold","floor":14.0,"gold_loss":0.0,"damage_taken":11.0},{"damage_healed":0.0,"max_hp_gain":0.0,"max_hp_loss":0.0,"gold_gain":0.0,"cards_transformed":["Strike_G","Strike_G"],"event_name":"Drug Dealer","player_choice":"Became Test Subject","floor":19.0,"gold_loss":0.0,"damage_taken":0.0,"cards_obtained":["Blind","Well Laid Plans"]},{"damage_healed":0.0,"max_hp_gain":0.0,"max_hp_loss":0.0,"gold_gain":0.0,"event_name":"Forgotten Altar","player_choice":"Gave Idol","floor":21.0,"relics_lost":["Golden Idol"],"gold_loss":0.0,"damage_taken":0.0,"relics_obtained":["Bloody Idol"]},{"damage_healed":0.0,"max_hp_gain":0.0,"max_hp_loss":0.0,"gold_gain":0.0,"event_name":"Addict","player_choice":"Obtained Relic","floor":22.0,"gold_loss":85.0,"damage_taken":0.0,"relics_obtained":["Bag of Marbles"]},{"cards_removed":["Strike_G"],"damage_healed":0.0,"max_hp_gain":0.0,"max_hp_loss":0.0,"gold_gain":0.0,"event_name":"Purifier","player_choice":"Purged","floor":25.0,"gold_loss":0.0,"damage_taken":0.0},{"damage_healed":0.0,"max_hp_gain":0.0,"max_hp_loss":0.0,"gold_gain":0.0,"event_name":"Back to Basics","player_choice":"Simplicity","floor":30.0,"gold_loss":0.0,"damage_taken":0.0,"cards_upgraded":["Defend_G","Defend_G","Defend_G"]}],"is_beta":false,"boss_relics":[{"not_picked":["Sozu","Busted Crown"],"picked":"Astrolabe"}],"items_purged_floors":[],"is_endless":false,"potions_floor_spawned":[5,6,8,10,12,16,18,24,31],"killed_by":"Champ","ascension_level":0}