{"gold_per_floor":[119,394,414,5,19,19,19,34,34,34,34,48,60,60],"floor_reached":14,"playtime":281,"items_purged":["Regret"],"score":164,"play_id":"0db4b180-e541-4e3e-aa0f-422a2c1a1b4c","local_time":"20190709102434","is_ascension_mode":true,"campfire_choices":[{"data":"Creative AI","floor":6,"key":"SMITH"}],"neow_cost":"NONE","seed_source_timestamp":12189936401500,"circlet_count":0,"master_deck":["AscendersBane","Strike_B","Strike_B","Strike_B","Strike_B","Defend_B","Defend_B","Defend_B","Defend_B","Zap","Dualcast","Sweeping Beam","Blizzard","Creative AI+1","Amplify","FTL","Steam"],"relics":["Cracked Core","NeowsBlessing","Sundial","Blue Candle"],"potions_floor_usage":[14,14],"damage_taken":[{"damage":0,"enemies":"Small Slimes","floor":1,"turns":1},{"damage":0,"enemies":"Cultist","floor":3,"turns":1},{"damage":0,"enemies":"Jaw Worm","floor":5,"turns":1},{"damage":46,"enemies":"Gremlin Gang","floor":8,"turns":6},{"damage":19,"enemies":"2 Fungi Beasts","floor":12,"turns":4},{"damage":11,"enemies":"3 Louse","floor":13,"turns":3},{"damage":24,"enemies":"Gremlin Nob","floor":14,"turns":3}],"seed_played":"3211411498818705353","potions_obtained":[{"floor":5,"key":"Regen Potion"},{"floor":11,"key":"FearPotion"},{"floor":11,"key":"Block Potion"}],"is_trial":false,"path_per_floor":["M","?","M","$","M","R","?","M","T","?","?","M","M","E"],"character_chosen":"DEFECT","items_purchased":["Creative AI","Amplify"],"campfire_rested":0,"item_purchase_floors":[4,4],"current_hp_per_floor":[64,64,64,64,64,64,64,18,18,41,41,22,11,0],"gold":60,"neow_bonus":"THREE_ENEMY_KILL","is_prod":false,"is_daily":false,"chose_seed":false,"campfire_upgraded":1,"win_rate":0,"timestamp":1562693074,"path_taken":["M","?","M","$","?","R","?","?","T","?","?","M","M","E"],"build_version":"2019-07-05","purchased_purges":1,"victory":false,"max_hp_per_floor":[71,71,71,71,71,71,71,71,71,71,71,71,71,71],"card_choices":[{"not_picked":["Rebound","Stack"],"picked":"Sweeping Beam","floor":1},{"not_picked":["Turbo","Stack"],"picked":"Blizzard","floor":3},{"not_picked":["Skim","Stack","Turbo"],"picked":"SKIP","floor":5},{"not_picked":["Beam Cell","Capacitor","Gash"],"picked":"SKIP","floor":8},{"not_picked":["Melter","Gash"],"picked":"FTL","floor":12},{"not_picked":["Chaos","Barrage"],"picked":"Steam","floor":13}],"player_experience":1247591,"relics_obtained":[{"floor":9,"key":"Blue Candle"}],"event_choices":[{"damage_healed":0,"gold_gain":275,"player_choice":"Desecrate","damage_taken":0,"max_hp_gain":0,"max_hp_loss":0,"event_name":"Golden Shrine","floor":2,"gold_loss":0,"cards_obtained":["Regret"]},{"damage_healed":0,"gold_gain":0,"player_choice":"Gave Potion","damage_taken":0,"relics_obtained":["Sundial"],"max_hp_gain":0,"max_hp_loss":0,"event_name":"WeMeetAgain","floor":7,"gold_loss":0},{"damage_healed":23,"gold_gain":0,"player_choice":"Banana","damage_taken":0,"max_hp_gain":0,"max_hp_loss":0,"event_name":"Big Fish","floor":10,"gold_loss":0},{"damage_healed":0,"gold_gain":0,"player_choice":"Got Potions","damage_taken":0,"max_hp_gain":0,"max_hp_loss":0,"event_name":"Lab","floor":11,"gold_loss":0}],"is_beta":false,"boss_relics":[],"items_purged_floors":[4],"is_endless":false,"potions_floor_spawned":[5],"killed_by":"Gremlin Nob","ascension_level":20}