{"gold_per_floor":[11,23,33,53,4,4,29,48,48,48,109,109,120,145,145,241,241,260,186,146,164,18,18,29,41,96,178,178,206,222,237,237,237],"floor_reached":33,"playtime":1368,"items_purged":[],"score":504,"play_id":"d8cd9e1f-de0b-4389-b241-0e766747beb8","local_time":"20190709185445","is_ascension_mode":true,"campfire_choices":[{"data":"Zap","floor":6,"key":"SMITH"},{"data":"Conserve Battery","floor":10,"key":"SMITH"},{"floor":12,"key":"REST"},{"data":"Hologram","floor":15,"key":"SMITH"},{"data":"Coolheaded","floor":23,"key":"SMITH"},{"floor":32,"key":"REST"}],"neow_cost":"NO_GOLD","seed_source_timestamp":660412805009,"circlet_count":0,"master_deck":["AscendersBane","Defend_B","Defend_B","Defend_B","Defend_B","Zap+1","Dualcast","Conserve Battery+1","Ball Lightning","Gash+1","Gash","Gash+1","Gash+1","Hologram+1","Beam Cell","Reboot","Gash+1","Defragment","Coolheaded+1","Go for the Eyes","Self Repair","Gash"],"relics":["Cracked Core","Odd Mushroom","Pear","Vajra","Pocketwatch","Empty Cage","PreservedInsect","Tiny Chest","Sundial","Bronze Scales","Whetstone"],"potions_floor_usage":[24,24,24,24,25,25,25,29,33],"damage_taken":[{"damage":6,"enemies":"Small Slimes","floor":1,"turns":4},{"damage":0,"enemies":"Jaw Worm","floor":2,"turns":3},{"damage":0,"enemies":"Cultist","floor":3,"turns":4},{"damage":2,"enemies":"Exordium Wildlife","floor":4,"turns":4},{"damage":13,"enemies":"The Mushroom Lair","floor":7,"turns":4},{"damage":6,"enemies":"Looter","floor":8,"turns":3},{"damage":15,"enemies":"3 Sentries","floor":11,"turns":6},{"damage":0,"enemies":"Gremlin Gang","floor":13,"turns":5},{"damage":5,"enemies":"Lagavulin","floor":14,"turns":6},{"damage":0,"enemies":"Slime Boss","floor":16,"turns":5},{"damage":6,"enemies":"Spheric Guardian","floor":18,"turns":3},{"damage":8,"enemies":"3 Byrds","floor":21,"turns":4},{"damage":21,"enemies":"Snake Plant","floor":24,"turns":3},{"damage":14,"enemies":"Snecko","floor":25,"turns":5},{"damage":18,"enemies":"Gremlin Leader","floor":29,"turns":5},{"damage":6,"enemies":"Centurion and Healer","floor":30,"turns":5},{"damage":9,"enemies":"Snake Plant","floor":31,"turns":2},{"damage":28,"enemies":"Collector","floor":33,"turns":6}],"seed_played":"6551072579088399580","potions_obtained":[{"floor":1,"key":"Fire Potion"},{"floor":2,"key":"EntropicBrew"},{"floor":4,"key":"SteroidPotion"},{"floor":16,"key":"Energy Potion"},{"floor":24,"key":"AttackPotion"},{"floor":25,"key":"PowerPotion"},{"floor":31,"key":"GamblersBrew"}],"is_trial":false,"path_per_floor":["M","M","M","M","$","R","?","M","T","R","?","R","M","E","R","B",null,"M","$","?","M","$","R","M","M","T","T","T","E","M","M","R","B"],"character_chosen":"DEFECT","items_purchased":["Gash","Defragment","PreservedInsect"],"campfire_rested":2,"item_purchase_floors":[5,19,22],"current_hp_per_floor":[62,62,62,60,60,60,47,41,51,51,36,61,61,56,56,56,78,72,72,72,64,64,64,43,29,29,29,29,11,12,3,28,0],"gold":237,"neow_bonus":"REMOVE_TWO","is_prod":false,"is_daily":false,"chose_seed":false,"campfire_upgraded":4,"win_rate":0,"timestamp":1562691285,"path_taken":["M","M","M","M","$","R","?","M","T","R","?","R","M","E","R","BOSS","M","$","?","M","$","R","M","?","T","?","?","E","M","M","R","BOSS"],"build_version":"2019-07-05","purchased_purges":0,"victory":false,"max_hp_per_floor":[75,75,75,75,75,75,75,75,85,85,85,85,85,85,85,85,85,85,85,85,85,85,85,85,85,85,85,85,85,85,85,85,85],"card_choices":[{"not_picked":["Undo","Leap"],"picked":"Conserve Battery","floor":1},{"not_picked":["Stack","Static Discharge"],"picked":"Ball Lightning","floor":2},{"not_picked":["Conserve Battery","Leap"],"picked":"Gash","floor":3},{"not_picked":["Capacitor","Sweeping Beam"],"picked":"Gash","floor":4},{"not_picked":["Streamline","Coolheaded"],"picked":"Gash","floor":8},{"not_picked":["Conserve Battery","Steam Power"],"picked":"Hologram","floor":11},{"not_picked":["Darkness","Leap"],"picked":"Beam Cell","floor":13},{"not_picked":["Capacitor","Leap","Rainbow"],"picked":"SKIP","floor":14},{"not_picked":["Thunder Strike","Fission"],"picked":"Reboot","floor":16},{"not_picked":["Compile Driver+1","Sunder"],"picked":"Gash","floor":18},{"not_picked":["Stack+1","Conserve Battery+1"],"picked":"Coolheaded","floor":21},{"not_picked":["Static Discharge+1","Sweeping Beam+1","Fusion+1"],"picked":"SKIP","floor":24},{"not_picked":["Static Discharge","Stack"],"picked":"Go for the Eyes","floor":25},{"not_picked":["Thunder Strike","Ball Lightning"],"picked":"Self Repair","floor":29},{"not_picked":["Tempest","Force Field","Steam+1"],"picked":"SKIP","floor":30},{"not_picked":["Auto Shields","Defragment"],"picked":"Gash","floor":31}],"player_experience":55742,"relics_obtained":[{"floor":7,"key":"Odd Mushroom"},{"floor":9,"key":"Pear"},{"floor":11,"key":"Vajra"},{"floor":14,"key":"Pocketwatch"},{"floor":26,"key":"Tiny Chest"},{"floor":27,"key":"Sundial"},{"floor":28,"key":"Bronze Scales"},{"floor":29,"key":"Whetstone"}],"event_choices":[{"damage_healed":0,"gold_gain":0,"player_choice":"Fought Mushrooms","damage_taken":0,"max_hp_gain":0,"max_hp_loss":0,"event_name":"Mushrooms","floor":7,"gold_loss":0},{"damage_healed":0,"gold_gain":30,"player_choice":"Searched \u00272\u0027 times","damage_taken":0,"max_hp_gain":0,"max_hp_loss":0,"event_name":"Dead Adventurer","floor":11,"gold_loss":0},{"damage_healed":0,"gold_gain":0,"player_choice":"Upgraded Two","damage_taken":0,"max_hp_gain":0,"max_hp_loss":0,"event_name":"Designer","floor":20,"gold_loss":40,"cards_upgraded":["Gash","Gash"]}],"is_beta":false,"boss_relics":[{"not_picked":["Fusion Hammer","Black Star"],"picked":"Empty Cage"}],"items_purged_floors":[],"is_endless":false,"potions_floor_spawned":[1,2,4,8,16,24,25,31],"killed_by":"Collector","ascension_level":10}