{"gold_per_floor":[116,131,131,131,144,144,144,144,144,144,179,60,80,80],"floor_reached":14,"playtime":247,"items_purged":["Strike_B"],"score":176,"play_id":"7dbe5b51-e9f9-4eac-95d1-8d3ff413f89e","local_time":"20190525225026","is_ascension_mode":true,"campfire_choices":[{"data":"Defragment","floor":6.0,"key":"SMITH"},{"data":"Zap","floor":8.0,"key":"SMITH"},{"data":"Dualcast","floor":10.0,"key":"SMITH"}],"neow_cost":"NONE","seed_source_timestamp":16018827305900,"circlet_count":0,"master_deck":["AscendersBane","Strike_B","Strike_B","Strike_B","Defend_B","Defend_B","Defend_B","Defend_B","Zap+1","Dualcast+1","Echo Form","Static Discharge+1","Compile Driver","Defragment+1","Cold Snap","Defragment+1","Rebound"],"special_seed":0,"relics":["Cracked Core","Strawberry","Frozen Egg 2"],"potions_floor_usage":[14],"damage_taken":[{"damage":9.0,"enemies":"Jaw Worm","floor":1.0,"turns":4.0},{"damage":7.0,"enemies":"Small Slimes","floor":2.0,"turns":3.0},{"damage":2.0,"enemies":"2 Louse","floor":5.0,"turns":3.0},{"damage":44.0,"enemies":"Gremlin Nob","floor":11.0,"turns":4.0},{"damage":4.0,"enemies":"Looter","floor":13.0,"turns":3.0},{"damage":8,"enemies":"3 Louse","floor":14,"turns":1}],"seed_played":"-5030896102317312875","potions_obtained":[{"floor":1.0,"key":"FearPotion"},{"floor":2.0,"key":"GamblersBrew"},{"floor":13.0,"key":"SteroidPotion"}],"is_trial":false,"path_per_floor":["M","M","?","?","M","R","?","R","T","R","E","$","M","M"],"character_chosen":"DEFECT","items_purchased":["Defragment+1"],"campfire_rested":0,"item_purchase_floors":[12],"current_hp_per_floor":[55,48,48,48,46,46,46,46,53,53,9,9,5,0],"gold":80,"neow_bonus":"ONE_RANDOM_RARE_CARD","is_prod":false,"is_daily":false,"chose_seed":false,"campfire_upgraded":3,"win_rate":0,"timestamp":1558821026,"path_taken":["M","M","?","?","M","R","?","R","T","R","E","$","M","M"],"build_version":"2019-01-23","purchased_purges":1,"victory":false,"max_hp_per_floor":[71,71,71,71,71,71,71,71,78,78,78,78,78,78],"card_choices":[{"not_picked":["Chaos","Barrage"],"picked":"Static Discharge","floor":1.0},{"not_picked":["Leap","Conserve Battery"],"picked":"Compile Driver","floor":2.0},{"not_picked":["Lockon","Go for the Eyes"],"picked":"Defragment","floor":5.0},{"not_picked":["Rainbow","Beam Cell"],"picked":"Cold Snap","floor":11.0},{"not_picked":["Fusion","Stack"],"picked":"Rebound","floor":13.0}],"player_experience":1404680,"relics_obtained":[{"floor":9.0,"key":"Strawberry"},{"floor":11.0,"key":"Frozen Egg 2"}],"event_choices":[{"damage_healed":0.0,"max_hp_gain":0.0,"max_hp_loss":0.0,"gold_gain":0.0,"event_name":"Golden Idol","player_choice":"Ignored","floor":3.0,"gold_loss":0.0,"damage_taken":0.0},{"damage_healed":0.0,"max_hp_gain":0.0,"max_hp_loss":0.0,"gold_gain":0.0,"event_name":"Liars Game","player_choice":"Ignored","floor":4.0,"gold_loss":0.0,"damage_taken":0.0},{"damage_healed":0.0,"max_hp_gain":0.0,"max_hp_loss":0.0,"gold_gain":0.0,"event_name":"Living Wall","player_choice":"Grow","floor":7.0,"gold_loss":0.0,"damage_taken":0.0,"cards_upgraded":["Static Discharge"]}],"is_beta":false,"boss_relics":[],"items_purged_floors":[12],"is_endless":false,"potions_floor_spawned":[1,2,13],"killed_by":"3 Louse","ascension_level":20}