{"gold_per_floor":[119,119,40,115,40,74,74,74,98,117,128,141,175,187,187,264,264,280,294,294,161,161],"floor_reached":22,"playtime":588,"items_purged":[],"score":438,"play_id":"a6237951-6653-4790-8fad-a83c45afed28","local_time":"20190626195715","is_ascension_mode":true,"campfire_choices":[{"data":"Demon Form","floor":7,"key":"SMITH"},{"data":"Evolve","floor":15,"key":"SMITH"}],"neow_cost":"NONE","seed_source_timestamp":5211227435192259,"circlet_count":0,"master_deck":["AscendersBane","Strike_R","Strike_R","Strike_R","Strike_R","Strike_R","Defend_R","Defend_R","Defend_R","Defend_R","Bash","Shockwave","Feel No Pain","Evolve+1","Demon Form+1","Metallicize","Combust","Iron Wave","Flame Barrier","Sword Boomerang","Barricade","Sword Boomerang+1","Heavy Blade"],"relics":["Burning Blood","NeowsBlessing","Vajra","Ancient Tea Set","StoneCalendar","Sozu","Tiny Chest"],"potions_floor_usage":[13,14,16],"damage_taken":[{"damage":0,"enemies":"2 Louse","floor":1,"turns":1},{"damage":0,"enemies":"3 Sentries","floor":6,"turns":2},{"damage":0,"enemies":"Small Slimes","floor":10,"turns":1},{"damage":2,"enemies":"Cultist","floor":11,"turns":6},{"damage":21,"enemies":"Exordium Wildlife","floor":12,"turns":5},{"damage":20,"enemies":"Gremlin Nob","floor":13,"turns":4},{"damage":1,"enemies":"Red Slaver","floor":14,"turns":6},{"damage":27,"enemies":"Slime Boss","floor":16,"turns":5},{"damage":22,"enemies":"Shell Parasite","floor":18,"turns":6},{"damage":33,"enemies":"Chosen","floor":19,"turns":7},{"damage":28,"enemies":"Centurion and Healer","floor":22,"turns":3}],"seed_played":"-3372678056198923614","potions_obtained":[{"floor":1,"key":"AttackPotion"},{"floor":6,"key":"Block Potion"},{"floor":13,"key":"SkillPotion"},{"floor":14,"key":"Dexterity Potion"}],"is_trial":false,"path_per_floor":["M","?","$","?","$","E","R","?","T","M","M","M","E","M","R","B",null,"M","M","?","$","M"],"character_chosen":"IRONCLAD","items_purchased":["Feel No Pain","Evolve","Tiny Chest"],"campfire_rested":0,"item_purchase_floors":[3,5,21],"current_hp_per_floor":[74,79,79,68,68,74,74,70,70,76,80,65,51,56,56,35,69,53,26,26,26,0],"gold":161,"neow_bonus":"THREE_ENEMY_KILL","is_prod":false,"is_daily":false,"chose_seed":false,"campfire_upgraded":2,"win_rate":0,"timestamp":1561593435,"path_taken":["M","?","$","?","$","E","R","?","T","?","M","M","E","M","R","BOSS","M","M","?","$","?"],"build_version":"2019-01-23","purchased_purges":0,"victory":false,"max_hp_per_floor":[75,80,80,80,80,80,80,80,80,80,80,80,80,80,80,80,80,80,80,80,80,80],"card_choices":[{"not_picked":["Pommel Strike","Evolve"],"picked":"Shockwave","floor":1},{"not_picked":["Headbutt","Flex"],"picked":"Demon Form","floor":6},{"not_picked":["Intimidate","Armaments"],"picked":"Metallicize","floor":10},{"not_picked":["Ghostly Armor","Warcry"],"picked":"Combust","floor":11},{"not_picked":["Pummel","Pommel Strike"],"picked":"Iron Wave","floor":12},{"not_picked":["Heavy Blade","Clash"],"picked":"Flame Barrier","floor":13},{"not_picked":["Pummel","Corruption"],"picked":"Sword Boomerang","floor":14},{"not_picked":["Berserk","Bludgeon"],"picked":"Barricade","floor":16},{"not_picked":["Cleave","Heavy Blade+1"],"picked":"Sword Boomerang+1","floor":18},{"not_picked":["Evolve","Uppercut"],"picked":"Heavy Blade","floor":19}],"player_experience":789055,"relics_obtained":[{"floor":6,"key":"Vajra"},{"floor":9,"key":"Ancient Tea Set"},{"floor":13,"key":"StoneCalendar"}],"event_choices":[{"damage_healed":0,"gold_gain":0,"player_choice":"Donut","damage_taken":0,"max_hp_gain":5,"max_hp_loss":0,"event_name":"Big Fish","floor":2,"gold_loss":0},{"damage_healed":0,"gold_gain":75,"player_choice":"Gather Gold","damage_taken":11,"max_hp_gain":0,"max_hp_loss":0,"event_name":"World of Goop","floor":4,"gold_loss":0},{"damage_healed":0,"gold_gain":0,"player_choice":"Bought 0 Potions","damage_taken":0,"max_hp_gain":0,"max_hp_loss":0,"event_name":"The Woman in Blue","floor":8,"gold_loss":0},{"damage_healed":0,"gold_gain":0,"player_choice":"Got Potions","damage_taken":0,"max_hp_gain":0,"max_hp_loss":0,"event_name":"Lab","floor":20,"gold_loss":0}],"is_beta":false,"boss_relics":[{"not_picked":["Calling Bell","Tiny House"],"picked":"Sozu"}],"items_purged_floors":[],"is_endless":false,"potions_floor_spawned":[1,6,13,14,18,19],"killed_by":"Centurion and Healer","ascension_level":20}