{"path_per_floor":["M","?","M","$","?","R","?","M","T","M","?","M","R","$","R","B",null,"M","$","?","$","M","R","E","M","T"],"character_chosen":"THE_SILENT","items_purchased":["Jack Of All Trades","Backflip"],"gold_per_floor":[112,112,130,55,5,5,5,19,91,116,149,172,172,31,31,162,162,178,75,75,25,45,45,72,92,92],"floor_reached":27,"campfire_rested":4,"playtime":2761,"current_hp_per_floor":[70,70,58,58,58,70,70,70,70,64,39,32,53,53,70,36,70,55,55,55,55,53,70,31,28,28],"items_purged":["Regret","Injury","Strike_G","Defend_G"],"gold":92,"play_id":"fb6467d9-03b2-48b3-8a9c-4489b3af478c","is_prod":false,"is_daily":false,"is_ascension_mode":false,"campfire_upgraded":0,"path_taken":["M","?","M","$","?","R","?","?","T","M","?","M","R","?","R","BOSS","M","$","?","$","M","R","E","M","T","E"],"build_version":"2018-01-25-PROD3","purchased_purges":4,"victory":false,"master_deck":["Defend_G","Defend_G","Defend_G","Defend_G","Strike_G","Strike_G","Strike_G","Survivor","Neutralize","Dagger Spray","Deflect","Noxious Fumes","Blade Dance","Dodge and Roll","Jack Of All Trades","Tools of the Trade","Masterful Stab","Backflip","Flying Knee","Poisoned Stab+1","Acrobatics"],"max_hp_per_floor":[70,70,70,70,70,70,70,70,70,70,70,70,70,70,70,70,70,70,70,70,70,70,70,70,70,70],"relics":["Ring of the Snake","Unceasing Top","Bloody Idol","Smiling Mask","Odd Mushroom","Lizard Tail","Darkstone Periapt","Matryoshka"],"card_choices":[{"not_picked":["Acrobatics","Deadly Poison"],"picked":"Dagger Spray"},{"not_picked":["Sucker Punch","Eviscerate"],"picked":"Deflect"},{"not_picked":["Dagger Spray","Predator"],"picked":"Noxious Fumes"},{"not_picked":["Dagger Throw","Deflect"],"picked":"Blade Dance"},{"not_picked":["Prepared","Leg Sweep"],"picked":"Dodge and Roll"},{"not_picked":["Envenom","Wraith Form"],"picked":"Tools of the Trade"},{"not_picked":["Terror","Dagger Throw"],"picked":"Masterful Stab"},{"not_picked":["Masterful Stab","Catalyst"],"picked":"Flying Knee"},{"not_picked":["Deflect","Deadly Poison"],"picked":"Poisoned Stab"},{"not_picked":["Dodge and Roll","Dagger Spray"],"picked":"Acrobatics"}],"player_experience":36617,"potions_floor_usage":[16,16,16,18,24],"damage_taken":[{"damage":0,"enemies":"2 Louse","floor":1,"turns":3},{"damage":12,"enemies":"Jaw Worm","floor":3,"turns":6},{"damage":0,"enemies":"Small Slimes","floor":8,"turns":3},{"damage":6,"enemies":"2 Fungi Beasts","floor":10,"turns":5},{"damage":25,"enemies":"The Mushroom Lair","floor":11,"turns":6},{"damage":7,"enemies":"Gremlin Gang","floor":12,"turns":4},{"damage":34,"enemies":"The Guardian","floor":16,"turns":12},{"damage":15,"enemies":"3 Byrds","floor":18,"turns":5},{"damage":7,"enemies":"Shell Parasite","floor":22,"turns":9},{"damage":44,"enemies":"Gremlin Leader","floor":24,"turns":10},{"damage":45,"enemies":"3 Cultists","floor":25,"turns":6},{"damage":28,"enemies":"Slavers","floor":27,"turns":2}],"event_choices":[{"event_name":"Big Fish","player_choice":"Box","floor":2,"damage_taken":0},{"event_name":"The Cleric","player_choice":"Card Removal","floor":5,"damage_taken":0},{"event_name":"Golden Idol","player_choice":"Take Wound","floor":7,"damage_taken":0},{"event_name":"Mushrooms","player_choice":"Fought Mushrooms","floor":11,"damage_taken":0},{"event_name":"Forgotten Altar","player_choice":"Gave Idol","floor":20,"damage_taken":0}],"boss_relics":[{"not_picked":["Cursed Key","Runic Pyramid"],"picked":"Lizard Tail"}],"potions_floor_spawned":[3,10,12,16,18],"seed_played":"-730304901751410348","killed_by":"Slavers","ascension_level":0,"is_trial":false}