{"gold_per_floor":[119,133,133,58,72,107,107,118,118,18,49,62,62,72,72,149,149,166,179,179,179,190,190,203,203,203,203,220,233,233,253,253,253],"floor_reached":33,"playtime":1093,"items_purged":["Strike_G","Strike_G"],"score":572,"play_id":"8dc3d205-5233-471e-93ec-b442c69d3e07","local_time":"20190419144345","is_ascension_mode":true,"campfire_choices":[{"floor":7.0,"key":"REST"},{"data":"Neutralize","floor":15.0,"key":"SMITH"},{"data":"Noxious Fumes","floor":23.0,"key":"SMITH"},{"data":"Caltrops","floor":25.0,"key":"SMITH"},{"data":"Bouncing Flask","floor":27.0,"key":"SMITH"},{"data":"Catalyst","floor":32.0,"key":"SMITH"}],"neow_cost":"NONE","seed_source_timestamp":10282313376269040,"circlet_count":0,"master_deck":["AscendersBane","Defend_G","Defend_G","Defend_G","Defend_G","Defend_G","Strike_G","Survivor","Neutralize+1","Flying Knee","Poisoned Stab","Caltrops+1","Cloak And Dagger","Dodge and Roll","Bouncing Flask+1","Noxious Fumes+1","Adrenaline","PiercingWail","Dodge and Roll","Catalyst+1","Well Laid Plans","Escape Plan","Malaise","Escape Plan","Flying Knee"],"special_seed":0,"relics":["Ring of the Snake","NeowsBlessing","Snake Skull","Meat on the Bone","Bag of Marbles","Ancient Tea Set","Coffee Dripper","Ginger"],"potions_floor_usage":[33,33],"damage_taken":[{"damage":0.0,"enemies":"Jaw Worm","floor":1.0,"turns":1.0},{"damage":0.0,"enemies":"Cultist","floor":2.0,"turns":1.0},{"damage":0.0,"enemies":"Small Slimes","floor":5.0,"turns":1.0},{"damage":32.0,"enemies":"Gremlin Nob","floor":6.0,"turns":4.0},{"damage":5.0,"enemies":"3 Louse","floor":8.0,"turns":4.0},{"damage":20.0,"enemies":"Lagavulin","floor":11.0,"turns":7.0},{"damage":24.0,"enemies":"Exordium Thugs","floor":12.0,"turns":6.0},{"damage":3.0,"enemies":"Blue Slaver","floor":14.0,"turns":5.0},{"damage":7.0,"enemies":"Hexaghost","floor":16.0,"turns":8.0},{"damage":8.0,"enemies":"Chosen","floor":18.0,"turns":4.0},{"damage":20.0,"enemies":"2 Thieves","floor":19.0,"turns":4.0},{"damage":18.0,"enemies":"Snake Plant","floor":22.0,"turns":4.0},{"damage":5.0,"enemies":"Centurion and Healer","floor":24.0,"turns":6.0},{"damage":18.0,"enemies":"Shelled Parasite and Fungi","floor":28.0,"turns":5.0},{"damage":2.0,"enemies":"3 Cultists","floor":29.0,"turns":4.0},{"damage":0.0,"enemies":"Snecko","floor":31.0,"turns":5.0},{"damage":45,"enemies":"Collector","floor":33,"turns":5}],"seed_played":"-7922816044090823209","potions_obtained":[{"floor":1.0,"key":"Poison Potion"},{"floor":6.0,"key":"PowerPotion"},{"floor":11.0,"key":"AttackPotion"},{"floor":14.0,"key":"PowerPotion"},{"floor":19.0,"key":"PowerPotion"},{"floor":24.0,"key":"Swift Potion"},{"floor":29.0,"key":"AttackPotion"}],"is_trial":false,"path_per_floor":["M","M","?","$","M","E","R","M","T","$","E","M","$","M","R","B",null,"M","M","?","?","M","R","M","R","T","R","M","M","?","M","R","B"],"character_chosen":"THE_SILENT","items_purchased":[],"campfire_rested":1,"item_purchase_floors":[],"current_hp_per_floor":[59,59,41,41,41,9,28,35,35,35,27,15,15,24,24,29,57,49,41,41,41,35,35,42,42,42,42,36,34,34,34,34,0],"gold":253,"neow_bonus":"THREE_ENEMY_KILL","is_prod":false,"is_daily":false,"chose_seed":false,"campfire_upgraded":5,"win_rate":0,"timestamp":1555699425,"path_taken":["M","M","?","?","?","E","R","M","T","$","E","M","$","M","R","BOSS","M","M","?","?","M","R","M","R","T","R","M","M","?","M","R","BOSS"],"build_version":"2019-01-23","purchased_purges":2,"victory":false,"max_hp_per_floor":[66,66,66,66,66,66,66,66,66,66,66,66,66,66,66,66,66,66,66,66,66,66,66,66,66,66,66,66,66,66,66,66,66],"card_choices":[{"not_picked":["Expertise","Underhanded Strike","PiercingWail"],"picked":"SKIP","floor":1.0},{"not_picked":["Bane","Dodge and Roll"],"picked":"Flying Knee","floor":2.0},{"not_picked":["Bane","Outmaneuver"],"picked":"Poisoned Stab","floor":5.0},{"not_picked":["Bane","Backflip"],"picked":"Caltrops","floor":6.0},{"not_picked":["Tactician","Setup"],"picked":"Cloak And Dagger","floor":8.0},{"not_picked":["Wraith Form v2","Dagger Spray"],"picked":"Dodge and Roll","floor":11.0},{"not_picked":["Concentrate","Accuracy"],"picked":"Bouncing Flask","floor":12.0},{"not_picked":["Bane","Die Die Die"],"picked":"Noxious Fumes","floor":14.0},{"not_picked":["A Thousand Cuts","Bullet Time"],"picked":"Adrenaline","floor":16.0},{"not_picked":["Dagger Spray","Tactician"],"picked":"PiercingWail","floor":18.0},{"not_picked":["Acrobatics","Dagger Throw"],"picked":"Dodge and Roll","floor":19.0},{"not_picked":["All Out Attack","Expertise","Choke"],"picked":"SKIP","floor":22.0},{"not_picked":["Eviscerate","Flechettes+1"],"picked":"Escape Plan","floor":24.0},{"not_picked":["Quick Slash","Backflip+1"],"picked":"Malaise","floor":28.0},{"not_picked":["Backflip","Blade Dance"],"picked":"Escape Plan","floor":29.0},{"not_picked":["Slice","Unload"],"picked":"Flying Knee","floor":31.0}],"player_experience":647417,"relics_obtained":[{"floor":6.0,"key":"Meat on the Bone"},{"floor":9.0,"key":"Bag of Marbles"},{"floor":11.0,"key":"Ancient Tea Set"},{"floor":26.0,"key":"Ginger"}],"event_choices":[{"damage_healed":0.0,"max_hp_gain":0.0,"max_hp_loss":0.0,"gold_gain":0.0,"event_name":"Scrap Ooze","player_choice":"Success","floor":3.0,"gold_loss":0.0,"damage_taken":18.0,"relics_obtained":["Snake Skull"]},{"damage_healed":0.0,"max_hp_gain":0.0,"max_hp_loss":0.0,"gold_gain":0.0,"cards_transformed":["Strike_G","Strike_G"],"event_name":"Drug Dealer","player_choice":"Became Test Subject","floor":20.0,"gold_loss":0.0,"damage_taken":0.0,"cards_obtained":["Catalyst","Well Laid Plans"]},{"damage_healed":0.0,"max_hp_gain":0.0,"max_hp_loss":0.0,"gold_gain":0.0,"event_name":"The Mausoleum","player_choice":"Ignored","floor":21.0,"gold_loss":0.0,"damage_taken":0.0},{"damage_healed":0.0,"max_hp_gain":0.0,"max_hp_loss":0.0,"gold_gain":0.0,"event_name":"Ghosts","player_choice":"Ignored","floor":30.0,"gold_loss":0.0,"damage_taken":0.0}],"is_beta":false,"boss_relics":[{"not_picked":["Pandora\u0027s Box","Cursed Key"],"picked":"Coffee Dripper"}],"items_purged_floors":[4,10],"is_endless":false,"potions_floor_spawned":[1,6,11,14,19,24,28,29],"killed_by":"Collector","ascension_level":20}