{"gold_per_floor":[109,109,122,122,138,138,138,138,164,89,109,124,136,165,165,165],"floor_reached":16,"playtime":1128,"items_purged":["Defend_R"],"score":102,"play_id":"f92483e1-299e-411b-9784-0cbca0c49f79","local_time":"20190626190943","is_ascension_mode":false,"campfire_choices":[{"data":"Dual Wield","floor":6,"key":"SMITH"},{"data":"Cleave","floor":8,"key":"SMITH"},{"data":"Seeing Red","floor":15,"key":"SMITH"}],"neow_cost":"","seed_source_timestamp":0,"circlet_count":0,"master_deck":["Strike_R+1","Strike_R","Strike_R","Strike_R","Strike_R","Defend_R","Defend_R","Defend_R","Clash","Barricade","Dual Wield+1","Cleave+1","Flex","Cleave+1","Sword Boomerang","Seeing Red+1"],"special_seed":0,"relics":["Burning Blood","Lantern","Whetstone"],"potions_floor_usage":[16,16],"damage_taken":[{"damage":0.0,"enemies":"Small Slimes","floor":1.0,"turns":4.0},{"damage":6,"enemies":"2 Louse","floor":3,"turns":4},{"damage":0,"enemies":"Cultist","floor":5,"turns":3},{"damage":0,"enemies":"3 Louse","floor":11,"turns":2},{"damage":11,"enemies":"Large Slime","floor":12,"turns":5},{"damage":6,"enemies":"2 Fungi Beasts","floor":13,"turns":2},{"damage":9,"enemies":"3 Sentries","floor":14,"turns":3},{"damage":70,"enemies":"The Guardian","floor":16,"turns":8}],"seed_played":"1420847516064271289","potions_obtained":[{"floor":1.0,"key":"Swift Potion"},{"floor":5,"key":"Poison Potion"},{"floor":13,"key":"Ancient Potion"},{"floor":14,"key":"Block Potion"}],"is_trial":false,"path_per_floor":["M","?","M","?","M","R","?","R","T","$","M","M","M","E","R","B"],"character_chosen":"IRONCLAD","items_purchased":[],"campfire_rested":0,"item_purchase_floors":[],"current_hp_per_floor":[80,80,80,80,80,80,72,72,72,72,78,73,73,70,70,0],"gold":165,"neow_bonus":"","is_prod":false,"is_daily":false,"chose_seed":false,"campfire_upgraded":3,"win_rate":0.0,"timestamp":1561543783,"path_taken":["M","?","M","?","M","R","?","R","T","$","?","M","M","E","R","BOSS"],"build_version":"2019-01-23","purchased_purges":1,"victory":false,"max_hp_per_floor":[80,80,80,80,80,80,80,80,80,80,80,80,80,80,80,80],"card_choices":[{"not_picked":["Second Wind","Thunderclap"],"picked":"Clash","floor":1.0},{"not_picked":["Hemokinesis","Blood for Blood"],"picked":"Dual Wield","floor":3},{"not_picked":["Clothesline","Entrench"],"picked":"Cleave","floor":5},{"not_picked":["Dual Wield","Burning Pact"],"picked":"Flex","floor":11},{"not_picked":["Infernal Blade","Pummel"],"picked":"Cleave","floor":12},{"not_picked":["Armaments","Pommel Strike"],"picked":"Sword Boomerang","floor":13},{"not_picked":["Fiend Fire","Headbutt"],"picked":"Seeing Red","floor":14}],"player_experience":0,"relics_obtained":[{"floor":9,"key":"Lantern"},{"floor":14,"key":"Whetstone"}],"event_choices":[{"damage_healed":0,"gold_gain":0,"cards_transformed":["Bash"],"player_choice":"Change","damage_taken":0,"max_hp_gain":0,"max_hp_loss":0,"event_name":"Living Wall","floor":2,"gold_loss":0,"cards_obtained":["Barricade"]},{"damage_healed":0,"gold_gain":0,"player_choice":"Leave","damage_taken":0,"max_hp_gain":0,"max_hp_loss":0,"event_name":"The Cleric","floor":4,"gold_loss":0},{"damage_healed":0,"gold_gain":0,"player_choice":"Damaged","damage_taken":8,"max_hp_gain":0,"max_hp_loss":0,"event_name":"Wheel of Change","floor":7,"gold_loss":0}],"is_beta":false,"boss_relics":[],"items_purged_floors":[10],"is_endless":false,"potions_floor_spawned":[1,5,13,14],"killed_by":"The Guardian","ascension_level":0}