{"gold_per_floor":[114,114,114,140,63,92,102,102,102,102,102,112,145,16,16,117,117,127,127,27,27,38,65,65,82,135,154,167,167,184,144,144,144],"floor_reached":33,"playtime":1274,"items_purged":["Strike_R","Defend_R"],"score":287,"play_id":"0dc21887-a4c8-4bc4-9dd6-59de384416ec","local_time":"20181207184732","is_ascension_mode":true,"campfire_choices":[{"data":"Bash","floor":8.0,"key":"SMITH"},{"data":"Rampage","floor":11.0,"key":"SMITH"},{"data":"Armaments","floor":15.0,"key":"SMITH"},{"data":"Rampage","floor":24.0,"key":"SMITH"},{"data":"Double Tap","floor":29.0,"key":"SMITH"},{"floor":32,"key":"REST"}],"neow_cost":"NONE","seed_source_timestamp":0,"circlet_count":0,"master_deck":["Strike_R+1","Defend_R+1","Defend_R","Defend_R","Bash+1","Rampage+1","Rampage+1","Iron Wave","Shrug It Off","Armaments+1","Double Tap+1","Corruption+1","Metallicize+1","Double Tap+1","Rampage+1","Evolve+1","Feed"],"special_seed":0,"relics":["Burning Blood","Centennial Puzzle","Omamori","Bag of Marbles","Lantern","Mummified Hand","Ice Cream","Nloth\u0027s Gift","Dodecahedron","Self Forming Clay","Potion Belt"],"potions_floor_usage":[33,33],"damage_taken":[{"damage":0.0,"enemies":"2 Louse","floor":1.0,"turns":2.0},{"damage":14.0,"enemies":"Gremlin Nob","floor":6.0,"turns":3.0},{"damage":0.0,"enemies":"Jaw Worm","floor":7.0,"turns":2.0},{"damage":0.0,"enemies":"Cultist","floor":12.0,"turns":2.0},{"damage":17.0,"enemies":"3 Sentries","floor":13.0,"turns":9.0},{"damage":33.0,"enemies":"Hexaghost","floor":16.0,"turns":10.0},{"damage":7.0,"enemies":"Shell Parasite","floor":18.0,"turns":7.0},{"damage":22.0,"enemies":"3 Byrds","floor":22.0,"turns":6.0},{"damage":22.0,"enemies":"Gremlin Leader","floor":23.0,"turns":7.0},{"damage":6.0,"enemies":"Snecko","floor":25.0,"turns":4.0},{"damage":15.0,"enemies":"Snake Plant","floor":27.0,"turns":3.0},{"damage":0.0,"enemies":"Chosen and Byrds","floor":28.0,"turns":5.0},{"damage":12.0,"enemies":"Cultist and Chosen","floor":30.0,"turns":6.0},{"damage":84,"enemies":"Collector","floor":33,"turns":11}],"seed_played":"-3959572080616909163","potions_obtained":[{"floor":1.0,"key":"Energy Potion"},{"floor":12.0,"key":"Regen Potion"},{"floor":16.0,"key":"SteroidPotion"},{"floor":23.0,"key":"GamblersBrew"},{"floor":28.0,"key":"GamblersBrew"},{"floor":31.0,"key":"SteroidPotion"},{"floor":31.0,"key":"FairyPotion"},{"floor":31.0,"key":"Weak Potion"}],"is_trial":false,"path_per_floor":["M","?","?","T","$","E","M","R","T","?","R","M","E","$","R","B",null,"M","?","$","T","M","E","R","M","T","M","M","R","M","?","R","B"],"character_chosen":"IRONCLAD","items_purchased":["Rampage","Armaments"],"campfire_rested":1,"item_purchase_floors":[5,14],"current_hp_per_floor":[80,64,61,61,61,53,59,59,59,59,59,65,54,54,54,42,80,79,79,79,79,63,47,47,47,47,38,44,44,38,38,62,0],"gold":144,"neow_bonus":"RANDOM_COMMON_RELIC","is_prod":false,"is_daily":false,"chose_seed":false,"campfire_upgraded":5,"win_rate":0,"timestamp":1544226452,"path_taken":["M","?","?","?","$","E","M","R","T","?","R","M","E","$","R","BOSS","M","?","$","?","M","E","R","M","T","M","M","R","M","?","R","BOSS"],"build_version":"2018-12-06","purchased_purges":2,"victory":false,"max_hp_per_floor":[80,80,80,80,80,80,80,80,80,80,80,80,80,80,80,80,80,80,80,80,80,80,80,80,80,80,80,80,80,80,80,80,80],"card_choices":[{"not_picked":["Evolve","Flex"],"picked":"Rampage","floor":1.0},{"not_picked":["Sentinel","Feel No Pain"],"picked":"Iron Wave","floor":6.0},{"not_picked":["Anger","Clothesline","Bloodletting"],"picked":"SKIP","floor":7.0},{"not_picked":["Perfected Strike","Body Slam","Anger"],"picked":"SKIP","floor":12.0},{"not_picked":["Havoc","Wild Strike"],"picked":"Shrug It Off","floor":13.0},{"not_picked":["Bludgeon","Brutality"],"picked":"Double Tap","floor":16.0},{"not_picked":["Perfected Strike+1","True Grit"],"picked":"Rampage+1","floor":18.0},{"not_picked":["Juggernaut","Anger","Warcry"],"picked":"SKIP","floor":22.0},{"not_picked":["Heavy Blade+1","Cleave","Armaments"],"picked":"SKIP","floor":23.0},{"not_picked":["Flame Barrier","Seeing Red","Warcry+1"],"picked":"SKIP","floor":25.0},{"not_picked":["Thunderclap","Flex","Headbutt"],"picked":"SKIP","floor":27.0},{"not_picked":["Clothesline","Cleave+1"],"picked":"Evolve+1","floor":28.0},{"not_picked":["Heavy Blade","True Grit"],"picked":"Feed","floor":30.0}],"player_experience":486896,"relics_obtained":[{"floor":4.0,"key":"Bag of Marbles"},{"floor":6.0,"key":"Lantern"},{"floor":9.0,"key":"Mummified Hand"},{"floor":13.0,"key":"Ice Cream"},{"floor":21.0,"key":"Dodecahedron"},{"floor":23.0,"key":"Self Forming Clay"},{"floor":26.0,"key":"Potion Belt"}],"event_choices":[{"damage_healed":0.0,"max_hp_gain":0.0,"max_hp_loss":0.0,"gold_gain":0.0,"event_name":"Shining Light","player_choice":"Entered Light","floor":2.0,"gold_loss":0.0,"damage_taken":16.0,"cards_upgraded":["Defend_R","Strike_R"]},{"damage_healed":0.0,"max_hp_gain":0.0,"max_hp_loss":0.0,"gold_gain":0.0,"event_name":"Scrap Ooze","player_choice":"Success","floor":3.0,"gold_loss":0.0,"damage_taken":3.0,"relics_obtained":["Omamori"]},{"damage_healed":0.0,"max_hp_gain":0.0,"max_hp_loss":0.0,"gold_gain":0.0,"event_name":"Liars Game","player_choice":"Ignored","floor":10.0,"gold_loss":0.0,"damage_taken":0.0},{"damage_healed":0.0,"max_hp_gain":0.0,"max_hp_loss":0.0,"gold_gain":0.0,"event_name":"N\u0027loth","player_choice":"Traded Relic","floor":19.0,"relics_lost":["Astrolabe"],"gold_loss":0.0,"damage_taken":0.0,"relics_obtained":["Nloth\u0027s Gift"]},{"damage_healed":0.0,"max_hp_gain":0.0,"max_hp_loss":0.0,"gold_gain":0.0,"event_name":"The Woman in Blue","player_choice":"Bought 3 Potions","floor":31.0,"gold_loss":0.0,"damage_taken":0.0}],"is_beta":false,"boss_relics":[{"not_picked":["Runic Dome","Black Star"],"picked":"Astrolabe"}],"items_purged_floors":[14,20],"is_endless":false,"potions_floor_spawned":[1,12,16,23,28],"killed_by":"Collector","ascension_level":1}