{"gold_per_floor":[117,132,132,150,150,150,166,180,204,204,125,145,86,97,97,173,173,189,189,114,131,41,41],"floor_reached":23,"playtime":831,"items_purged":[],"score":348,"play_id":"955c5abf-df99-4cba-9064-1aacac512bcb","local_time":"20180909150207","is_ascension_mode":true,"campfire_choices":[{"data":"Cold Snap","floor":6.0,"key":"SMITH"},{"data":"Static Discharge","floor":10.0,"key":"SMITH"},{"data":"Defragment","floor":15.0,"key":"SMITH"}],"neow_cost":"NONE","seed_source_timestamp":2554204032084,"circlet_count":0,"master_deck":["Strike_B","Strike_B","Strike_B","Strike_B","Defend_B","Defend_B","Defend_B","Defend_B+1","Zap+1","Dualcast","AscendersBane","Compile Driver","Cold Snap+1","Leap","Steam+1","Static Discharge+1","Defragment+1","Leap","Ball Lightning","Core Surge","Go for the Eyes","Rebound","Glacier","Cold Snap","Stack","Creative AI","Self Repair"],"special_seed":0,"relics":["Cracked Core","War Paint","Orrery"],"potions_floor_usage":[21],"damage_taken":[{"damage":0.0,"enemies":"2 Louse","floor":1.0,"turns":3.0},{"damage":0.0,"enemies":"Small Slimes","floor":2.0,"turns":2.0},{"damage":0.0,"enemies":"Cultist","floor":4.0,"turns":3.0},{"damage":11.0,"enemies":"Exordium Wildlife","floor":7.0,"turns":4.0},{"damage":6.0,"enemies":"Looter","floor":8.0,"turns":4.0},{"damage":22.0,"enemies":"Exordium Thugs","floor":12.0,"turns":4.0},{"damage":0.0,"enemies":"2 Fungi Beasts","floor":14.0,"turns":3.0},{"damage":25.0,"enemies":"Slime Boss","floor":16.0,"turns":7.0},{"damage":6.0,"enemies":"3 Byrds","floor":18.0,"turns":6.0},{"damage":0,"enemies":"Shell Parasite","floor":21,"turns":10},{"damage":53,"enemies":"Gremlin Leader","floor":23,"turns":7}],"seed_played":"-4311324165521380642","potions_obtained":[{"floor":1.0,"key":"Dexterity Potion"},{"floor":4.0,"key":"Poison Potion"},{"floor":16.0,"key":"Fire Potion"},{"floor":18.0,"key":"Block Potion"}],"is_trial":false,"path_per_floor":["M","M","?","M","?","R","M","M","T","R","$","M","$","M","R","B",null,"M","?","?","M","$"],"character_chosen":"DEFECT","items_purchased":["Defragment","Ball Lightning","Self Repair"],"campfire_rested":0,"item_purchase_floors":[11,13,22],"current_hp_per_floor":[64,64,69,69,69,69,58,52,52,52,52,30,30,30,30,5,58,52,52,52,52,52,0],"gold":41,"neow_bonus":"THREE_CARDS","is_prod":false,"is_daily":false,"chose_seed":false,"campfire_upgraded":3,"win_rate":0,"timestamp":1536519727,"path_taken":["M","M","?","M","?","R","M","M","T","R","$","M","$","M","R","BOSS","M","?","?","M","?","E"],"build_version":"2018-09-06","purchased_purges":0,"victory":false,"max_hp_per_floor":[71,71,76,76,76,76,76,76,76,76,76,76,76,76,76,76,76,76,76,76,76,76,76],"card_choices":[{"not_picked":["Blizzard","Consume"],"picked":"Compile Driver","floor":0.0},{"not_picked":["Darkness","Turbo"],"picked":"Cold Snap","floor":1.0},{"not_picked":["Compile Driver","Force Field","Chill"],"picked":"SKIP","floor":2.0},{"not_picked":["Gash","Capacitor"],"picked":"Leap","floor":4.0},{"not_picked":["Hello World","Gash"],"picked":"Steam","floor":7.0},{"not_picked":["Gash","Darkness"],"picked":"Static Discharge","floor":8.0},{"not_picked":["Lockon","White Noise"],"picked":"Leap","floor":12.0},{"not_picked":["Compile Driver","Turbo","Aggregate"],"picked":"SKIP","floor":14.0},{"not_picked":["Buffer","Hyperbeam"],"picked":"Core Surge","floor":16.0},{"not_picked":["Coolheaded","Beam Cell"],"picked":"Go for the Eyes","floor":17.0},{"not_picked":["Darkness","Gash"],"picked":"Rebound","floor":17.0},{"not_picked":["Steam","Beam Cell"],"picked":"Glacier","floor":17.0},{"not_picked":["Compile Driver","Sweeping Beam"],"picked":"Cold Snap","floor":17.0},{"not_picked":["Beam Cell","Barrage"],"picked":"Stack","floor":18.0},{"not_picked":["Blizzard+1","Barrage"],"picked":"Creative AI","floor":21}],"player_experience":338216,"relics_obtained":[{"floor":9.0,"key":"War Paint"}],"event_choices":[{"event_name":"Big Fish","player_choice":"Donut","floor":3.0,"damage_taken":0.0},{"event_name":"Upgrade Shrine","player_choice":"Upgraded","floor":5.0,"damage_taken":0.0},{"event_name":"Wheel of Change","player_choice":"Curse","floor":19.0,"damage_taken":0.0},{"event_name":"Beggar","player_choice":"Gave Gold","floor":20,"damage_taken":0}],"is_beta":false,"boss_relics":[{"not_picked":["Philosopher\u0027s Stone","Velvet Choker"],"picked":"Orrery"}],"items_purged_floors":[],"is_endless":false,"potions_floor_spawned":[1,4,16,18],"killed_by":"Gremlin Leader","ascension_level":18}