{"gold_per_floor":[109,109,109,109,122,142,175,52,75,94,124,134,134,153,153,255,255,271,282,282,292,309,309,323,323,396,414,414,44,60,60,60,157,157,172,172,189,189,189,189,15,40,119,20,20,55,55,55],"floor_reached":48,"playtime":5231,"items_purged":["Defend_G"],"score":540,"play_id":"8a6ef6a8-015a-4457-af6a-1e7a39156629","local_time":"20190626203803","is_ascension_mode":false,"campfire_choices":[{"floor":13.0,"key":"REST"},{"floor":15.0,"key":"REST"},{"floor":23,"key":"REST"},{"floor":25,"key":"REST"},{"floor":28,"key":"REST"},{"floor":32,"key":"REST"},{"floor":40,"key":"REST"},{"floor":45,"key":"REST"}],"neow_cost":"NONE","seed_source_timestamp":30326500285500,"circlet_count":0,"master_deck":["Defend_G","Strike_G","Strike_G","Strike_G+1","Strike_G","Strike_G+1","Survivor+1","Neutralize","Finisher","Escape Plan","Dagger Spray","Slice","Calculated Gamble","Acrobatics","Backstab","Infinite Blades+1","Eviscerate+1","Prepared","Prepared","Finisher+1","Dagger Spray+1","Flying Knee","Deflect","Prepared","Metamorphosis","Reflex","Phantasmal Killer","Backflip","Madness","Madness","Poisoned Stab+1","Prepared","Acrobatics","Infinite Blades","Outmaneuver+1","Prepared","Backstab","Acrobatics+1"],"special_seed":0,"relics":["Ring of the Snake","Potion Belt","Juzu Bracelet","Runic Pyramid","Shuriken","Regal Pillow","Sozu","Mummified Hand","Bottled Lightning","Whetstone"],"potions_floor_usage":[42,42],"damage_taken":[{"damage":1.0,"enemies":"2 Louse","floor":1.0,"turns":3.0},{"damage":0.0,"enemies":"Jaw Worm","floor":5.0,"turns":3.0},{"damage":0.0,"enemies":"Small Slimes","floor":6.0,"turns":1.0},{"damage":18.0,"enemies":"3 Sentries","floor":7.0,"turns":5.0},{"damage":0.0,"enemies":"2 Fungi Beasts","floor":10.0,"turns":2.0},{"damage":5.0,"enemies":"Gremlin Gang","floor":12.0,"turns":3.0},{"damage":8.0,"enemies":"Large Slime","floor":14.0,"turns":3.0},{"damage":53.0,"enemies":"Hexaghost","floor":16.0,"turns":11.0},{"damage":10.0,"enemies":"Chosen","floor":18.0,"turns":4.0},{"damage":2.0,"enemies":"3 Byrds","floor":19.0,"turns":4.0},{"damage":8.0,"enemies":"Centurion and Healer","floor":21.0,"turns":5.0},{"damage":30,"enemies":"Snake Plant","floor":22,"turns":4},{"damage":16,"enemies":"Cultist and Chosen","floor":24,"turns":4},{"damage":18,"enemies":"Snecko","floor":27,"turns":4},{"damage":19,"enemies":"Sentry and Sphere","floor":30,"turns":4},{"damage":46,"enemies":"Champ","floor":33,"turns":8},{"damage":23,"enemies":"3 Shapes","floor":35,"turns":3},{"damage":10,"enemies":"Orb Walker","floor":37,"turns":2},{"damage":32,"enemies":"Reptomancer","floor":42,"turns":4},{"damage":30,"enemies":"Giant Head","floor":46,"turns":5}],"seed_played":"5955650162969257412","potions_obtained":[{"floor":1.0,"key":"Explosive Potion"},{"floor":6.0,"key":"SpeedPotion"},{"floor":7.0,"key":"Explosive Potion"},{"floor":12.0,"key":"SpeedPotion"},{"floor":22,"key":"Energy Potion"},{"floor":30,"key":"Weak Potion"}],"is_trial":false,"path_per_floor":["M","?","?","?","M","M","E","$","T","M","?","M","R","M","R","B",null,"M","M","?","M","M","R","M","R","T","M","R","$","M","?","R","B",null,"M","?","M","?","?","R","$","E","T","$","R","E","?","M"],"character_chosen":"THE_SILENT","items_purchased":["Acrobatics","Prepared","Metamorphosis","Regal Pillow","Prepared","Acrobatics","Infinite Blades","Prepared","Backstab"],"campfire_rested":8,"item_purchase_floors":[8,29,29,29,41,41,41,44,44],"current_hp_per_floor":[76,69,54,54,54,54,36,36,36,36,36,31,54,46,69,16,77,67,65,65,57,27,50,34,57,57,39,62,62,43,43,77,31,77,54,44,34,34,34,72,72,40,40,40,77,47,47,0],"gold":55,"neow_bonus":"TEN_PERCENT_HP_BONUS","is_prod":false,"is_daily":false,"chose_seed":false,"campfire_upgraded":0,"win_rate":0.0,"timestamp":1561549083,"path_taken":["M","?","?","?","M","M","E","$","T","M","?","M","R","M","R","BOSS","M","M","?","M","M","R","M","R","T","M","R","$","M","?","R","BOSS","M","?","M","?","?","R","$","E","T","$","R","E","?","M"],"build_version":"2019-01-23","purchased_purges":1,"victory":false,"max_hp_per_floor":[77,77,77,77,77,77,77,77,77,77,77,77,77,77,77,77,77,77,77,77,77,77,77,77,77,77,77,77,77,77,77,77,77,77,77,77,77,77,77,77,77,77,77,77,77,77,77,77],"card_choices":[{"not_picked":["Deflect","Endless Agony"],"picked":"Finisher","floor":1.0},{"not_picked":["Dodge and Roll","PiercingWail"],"picked":"Dagger Spray","floor":5.0},{"not_picked":["Flying Knee","Deadly Poison"],"picked":"Slice","floor":6.0},{"not_picked":["Sucker Punch","Quick Slash"],"picked":"Calculated Gamble","floor":7.0},{"not_picked":["Flying Knee","Dodge and Roll"],"picked":"Backstab","floor":10.0},{"not_picked":["Riddle With Holes","Outmaneuver"],"picked":"Infinite Blades","floor":12.0},{"not_picked":["Choke","Deadly Poison"],"picked":"Eviscerate","floor":14.0},{"not_picked":["Doppelganger","Envenom"],"picked":"A Thousand Cuts","floor":16.0},{"not_picked":["Expertise","Blade Dance"],"picked":"Prepared","floor":18.0},{"not_picked":["Crippling Poison","Leg Sweep","Poisoned Stab"],"picked":"SKIP","floor":19.0},{"not_picked":["Deadly Poison","Deflect"],"picked":"Finisher+1","floor":21.0},{"not_picked":["Deflect","Skewer"],"picked":"Dagger Spray+1","floor":22},{"not_picked":["Deflect","Heel Hook"],"picked":"Flying Knee","floor":24},{"not_picked":["PiercingWail+1","Caltrops+1"],"picked":"Deflect","floor":27},{"not_picked":["Expertise","Crippling Poison"],"picked":"Reflex","floor":30},{"not_picked":["After Image","Glass Knife"],"picked":"Phantasmal Killer","floor":33},{"not_picked":["Poisoned Stab+1","PiercingWail"],"picked":"Backflip","floor":35},{"not_picked":["All Out Attack+1","Tactician+1"],"picked":"Poisoned Stab+1","floor":37},{"not_picked":["Phantasmal Killer","Acrobatics"],"picked":"Outmaneuver+1","floor":42},{"not_picked":["Riddle With Holes","Escape Plan"],"picked":"Acrobatics+1","floor":46}],"player_experience":1128,"relics_obtained":[{"floor":7.0,"key":"Potion Belt"},{"floor":9.0,"key":"Juzu Bracelet"},{"floor":26,"key":"Shuriken"},{"floor":42,"key":"Mummified Hand"},{"floor":43,"key":"Bottled Lightning"},{"floor":46,"key":"Whetstone"}],"event_choices":[{"cards_removed":["Defend_G"],"damage_healed":0.0,"max_hp_gain":0.0,"max_hp_loss":0.0,"gold_gain":0.0,"event_name":"Golden Wing","player_choice":"Card Removal","floor":2.0,"gold_loss":0.0,"damage_taken":7.0},{"damage_healed":0.0,"max_hp_gain":0.0,"max_hp_loss":0.0,"gold_gain":0.0,"event_name":"Shining Light","player_choice":"Entered Light","floor":3.0,"gold_loss":0.0,"damage_taken":15.0,"cards_upgraded":["Survivor","Strike_G"]},{"damage_healed":0.0,"max_hp_gain":0.0,"max_hp_loss":0.0,"gold_gain":0.0,"cards_transformed":["Defend_G"],"event_name":"Living Wall","player_choice":"Change","floor":4.0,"gold_loss":0.0,"damage_taken":0.0,"cards_obtained":["Escape Plan"]},{"damage_healed":0.0,"max_hp_gain":0.0,"max_hp_loss":0.0,"gold_gain":30.0,"event_name":"Dead Adventurer","player_choice":"Searched \u00271\u0027 times","floor":11.0,"gold_loss":0.0,"damage_taken":0.0},{"damage_healed":0.0,"max_hp_gain":0.0,"max_hp_loss":0.0,"gold_gain":0.0,"event_name":"The Library","player_choice":"Read","floor":20.0,"gold_loss":0.0,"damage_taken":0.0,"cards_obtained":["Prepared"]},{"cards_removed":["Defend_G"],"damage_healed":0,"gold_gain":0,"player_choice":"Purged","damage_taken":0,"max_hp_gain":0,"max_hp_loss":0,"event_name":"Purifier","floor":31,"gold_loss":0},{"damage_healed":0,"gold_gain":0,"player_choice":"Embrace Madness","damage_taken":10,"max_hp_gain":0,"max_hp_loss":0,"event_name":"Winding Halls","floor":36,"gold_loss":0,"cards_obtained":["Madness","Madness"]},{"damage_healed":0,"gold_gain":0,"player_choice":"Ignored","damage_taken":0,"max_hp_gain":0,"max_hp_loss":0,"event_name":"Mysterious Sphere","floor":38,"gold_loss":0},{"cards_removed":["A Thousand Cuts"],"damage_healed":0,"gold_gain":0,"player_choice":"Removed Power","damage_taken":0,"max_hp_gain":0,"max_hp_loss":0,"event_name":"Falling","floor":39,"gold_loss":0},{"damage_healed":0,"gold_gain":0,"player_choice":"Forge","damage_taken":0,"max_hp_gain":0,"max_hp_loss":0,"event_name":"Accursed Blacksmith","floor":47,"gold_loss":0,"cards_upgraded":["Infinite Blades"]}],"is_beta":false,"boss_relics":[{"not_picked":["Ring of the Serpent","Snecko Eye"],"picked":"Runic Pyramid"},{"not_picked":["Busted Crown","Eternal Feather"],"picked":"Sozu"}],"items_purged_floors":[8],"is_endless":false,"potions_floor_spawned":[1,6,7,12,22,30,35,42],"killed_by":"4 Shapes","ascension_level":0}