{"gold_per_floor":[109,124,124,144,163,196,196,216,216,216,216,233,262,279,279,357,357,374,374,400,400,111,111,138,138,138,138,166,166,166,177,177,256,256,267,287,38,49,49,49,79,79,79,110,124,124,346,346,346,346,346],"floor_reached":51,"playtime":2524,"items_purged":[],"score":1502,"play_id":"24925ff0-41ba-4b8a-9e03-7d62993cc50b","local_time":"20190705142054","is_ascension_mode":true,"campfire_choices":[{"data":"Choke","floor":7.0,"key":"SMITH"},{"floor":11.0,"key":"REST"},{"floor":15.0,"key":"REST"},{"data":"After Image","floor":23.0,"key":"SMITH"},{"floor":25.0,"key":"REST"},{"data":"Die Die Die","floor":27.0,"key":"SMITH"},{"data":"Dagger Spray","floor":29.0,"key":"SMITH"},{"floor":32.0,"key":"REST"},{"data":"Footwork","floor":40.0,"key":"SMITH"},{"data":"Caltrops","floor":42.0,"key":"SMITH"},{"data":"Sucker Punch","floor":46.0,"key":"SMITH"},{"floor":49.0,"key":"RECALL"}],"neow_cost":"NONE","seed_source_timestamp":0,"circlet_count":0,"master_deck":["AscendersBane","Defend_G","Defend_G","Defend_G","Defend_G","Defend_G","Survivor","Neutralize+1","Corpse Explosion+1","Choke+1","Slice","Blade Dance","Sucker Punch+1","Deadly Poison+1","Cloak And Dagger+1","Dagger Spray+1","Die Die Die+1","Terror+1","Leg Sweep+1","Blade Dance+1","Bite","Bite","Bite","Bite","Bite","After Image+1","Cloak And Dagger+1","Leg Sweep+1","Choke+1","Outmaneuver+1","Footwork+1","Bullet Time+1","Backflip+1","Dodge and Roll+1","Crippling Poison+1","Caltrops+1","Sucker Punch+1"],"special_seed":0,"relics":["Ring of the Snake","Letter Opener","Toxic Egg 2","Ancient Tea Set","Snecko Eye","Red Mask","Sundial","Incense Burner","Happy Flower","Coffee Dripper","Bag of Preparation","Lantern"],"potions_floor_usage":[],"damage_taken":[{"damage":0.0,"enemies":"Cultist","floor":1.0,"turns":4.0},{"damage":4.0,"enemies":"Small Slimes","floor":2.0,"turns":4.0},{"damage":1.0,"enemies":"Jaw Worm","floor":4.0,"turns":3.0},{"damage":1.0,"enemies":"Looter","floor":5.0,"turns":3.0},{"damage":24.0,"enemies":"Gremlin Nob","floor":6.0,"turns":4.0},{"damage":6.0,"enemies":"Blue Slaver","floor":8.0,"turns":5.0},{"damage":6.0,"enemies":"Lots of Slimes","floor":12.0,"turns":2.0},{"damage":10.0,"enemies":"3 Sentries","floor":13.0,"turns":3.0},{"damage":6.0,"enemies":"Large Slime","floor":14.0,"turns":5.0},{"damage":16.0,"enemies":"Slime Boss","floor":16.0,"turns":6.0},{"damage":17.0,"enemies":"2 Thieves","floor":18.0,"turns":2.0},{"damage":2.0,"enemies":"Masked Bandits","floor":20.0,"turns":2.0},{"damage":25.0,"enemies":"Slavers","floor":24.0,"turns":3.0},{"damage":16.0,"enemies":"Book of Stabbing","floor":28.0,"turns":4.0},{"damage":0.0,"enemies":"Chosen","floor":31.0,"turns":2.0},{"damage":32.0,"enemies":"Champ","floor":33.0,"turns":16.0},{"damage":0.0,"enemies":"3 Darklings","floor":35.0,"turns":3.0},{"damage":5.0,"enemies":"Orb Walker","floor":36.0,"turns":4.0},{"damage":0.0,"enemies":"Writhing Mass","floor":38.0,"turns":5.0},{"damage":5.0,"enemies":"Giant Head","floor":41.0,"turns":6.0},{"damage":0.0,"enemies":"Reptomancer","floor":44.0,"turns":3.0},{"damage":0.0,"enemies":"4 Shapes","floor":45.0,"turns":5.0},{"damage":44.0,"enemies":"Awakened One","floor":50.0,"turns":17.0},{"damage":53,"enemies":"Time Eater","floor":51,"turns":15}],"seed_played":"-1940516082602702656","potions_obtained":[{"floor":1.0,"key":"GamblersBrew"},{"floor":5.0,"key":"GamblersBrew"},{"floor":12.0,"key":"GhostInAJar"},{"floor":14.0,"key":"Swift Potion"},{"floor":31.0,"key":"Dexterity Potion"},{"floor":33.0,"key":"Ancient Potion"},{"floor":41.0,"key":"PowerPotion"},{"floor":44.0,"key":"Explosive Potion"}],"is_trial":false,"path_per_floor":["M","M","?","M","M","E","R","M","T","?","R","M","E","M","R","B",null,"M","?","?","?","$","R","E","R","T","R","E","R","$","M","R","B",null,"M","M","$","M","?","R","E","R","T","E","M","R","?","?","R","B","B"],"character_chosen":"THE_SILENT","items_purchased":["After Image","Cloak And Dagger+1","Leg Sweep+1","GhostInAJar","Crippling Poison+1","Caltrops"],"campfire_rested":4,"item_purchase_floors":[22,22,22,37,37,37],"current_hp_per_floor":[59,55,55,54,53,29,29,23,23,23,42,36,26,20,39,23,55,38,38,36,36,36,36,11,24,24,24,12,12,12,14,27,25,41,46,43,43,45,44,44,43,43,43,44,44,44,44,44,44,22,0],"gold":346,"neow_bonus":"ONE_RANDOM_RARE_CARD","is_prod":false,"is_daily":false,"chose_seed":false,"campfire_upgraded":7,"win_rate":0,"timestamp":1562350854,"path_taken":["M","M","?","?","M","E","R","M","T","?","R","?","E","?","R","BOSS","M","?","?","?","$","R","E","R","T","R","E","R","?","M","R","BOSS","M","?","$","M","?","R","E","R","T","E","M","R","?","?","R","BOSS","BOSS"],"build_version":"2019-07-01","purchased_purges":0,"victory":false,"max_hp_per_floor":[66,66,66,66,66,66,66,66,66,66,66,66,66,66,66,66,66,66,66,66,46,46,46,46,46,46,46,46,46,46,46,46,46,46,46,46,46,46,44,44,44,44,44,44,44,44,44,44,44,44,44],"card_choices":[{"not_picked":["Outmaneuver","Dodge and Roll"],"picked":"Choke","floor":1.0},{"not_picked":["Underhanded Strike","Prepared"],"picked":"Slice","floor":2.0},{"not_picked":["Prepared","Catalyst"],"picked":"Blade Dance","floor":4.0},{"not_picked":["All Out Attack","Deadly Poison"],"picked":"Sucker Punch","floor":5.0},{"not_picked":["Deflect","Sucker Punch","Tools of the Trade"],"picked":"SKIP","floor":6.0},{"not_picked":["Concentrate","Sucker Punch","Flying Knee"],"picked":"SKIP","floor":8.0},{"not_picked":["Underhanded Strike","Sucker Punch"],"picked":"Deadly Poison+1","floor":12.0},{"not_picked":["Outmaneuver+1","Skewer"],"picked":"Cloak And Dagger+1","floor":13.0},{"not_picked":["Skewer","Deadly Poison+1"],"picked":"Dagger Spray","floor":14.0},{"not_picked":["Unload","Tools of the Trade"],"picked":"Die Die Die","floor":16.0},{"not_picked":["Catalyst+1","Deflect+1"],"picked":"Terror+1","floor":18.0},{"not_picked":["Deadly Poison+1","Deflect+1"],"picked":"Blade Dance+1","floor":20.0},{"not_picked":["Calculated Gamble+1","Acrobatics+1"],"picked":"Choke+1","floor":24.0},{"not_picked":["Dagger Spray","Distraction+1"],"picked":"Outmaneuver+1","floor":28.0},{"not_picked":["Dodge and Roll+1","Eviscerate"],"picked":"Footwork","floor":31.0},{"not_picked":["Corpse Explosion+1","Phantasmal Killer+1"],"picked":"Bullet Time+1","floor":33.0},{"not_picked":["Distraction+1","Dagger Spray"],"picked":"Backflip+1","floor":35.0},{"not_picked":["Expertise+1","Deflect+1"],"picked":"Dodge and Roll+1","floor":36.0},{"not_picked":["Setup+1","Backstab"],"picked":"Sucker Punch+1","floor":38.0},{"not_picked":["Unload","Flying Knee+1","Setup+1"],"picked":"SKIP","floor":41.0},{"not_picked":["Bane","Heel Hook","Slice+1"],"picked":"SKIP","floor":44.0},{"not_picked":["Terror+1","Slice","Sucker Punch+1"],"picked":"SKIP","floor":45.0}],"player_experience":871135,"relics_obtained":[{"floor":6.0,"key":"Letter Opener"},{"floor":9.0,"key":"Toxic Egg 2"},{"floor":13.0,"key":"Ancient Tea Set"},{"floor":20.0,"key":"Red Mask"},{"floor":24.0,"key":"Sundial"},{"floor":26.0,"key":"Incense Burner"},{"floor":28.0,"key":"Happy Flower"},{"floor":41.0,"key":"Bag of Preparation"},{"floor":44.0,"key":"Lantern"}],"event_choices":[{"damage_healed":0.0,"max_hp_gain":0.0,"max_hp_loss":0.0,"gold_gain":0.0,"event_name":"Upgrade Shrine","player_choice":"Upgraded","floor":3.0,"gold_loss":0.0,"damage_taken":0.0,"cards_upgraded":["Neutralize"]},{"damage_healed":0.0,"max_hp_gain":0.0,"max_hp_loss":0.0,"gold_gain":0.0,"event_name":"Upgrade Shrine","player_choice":"Upgraded","floor":10.0,"gold_loss":0.0,"damage_taken":0.0,"cards_upgraded":["Corpse Explosion"]},{"damage_healed":0.0,"max_hp_gain":0.0,"max_hp_loss":0.0,"gold_gain":0.0,"event_name":"The Library","player_choice":"Read","floor":19.0,"gold_loss":0.0,"damage_taken":0.0,"cards_obtained":["Leg Sweep"]},{"damage_healed":0.0,"max_hp_gain":0.0,"max_hp_loss":0.0,"gold_gain":0.0,"event_name":"Masked Bandits","player_choice":"Fought Bandits","floor":20.0,"gold_loss":0.0,"damage_taken":0.0},{"damage_healed":0.0,"max_hp_gain":0.0,"max_hp_loss":20.0,"gold_gain":0.0,"event_name":"Vampires","player_choice":"Became a vampire","floor":21.0,"gold_loss":0.0,"damage_taken":0.0,"cards_obtained":["Bite","Bite","Bite","Bite","Bite"]},{"damage_healed":0.0,"max_hp_gain":0.0,"max_hp_loss":2.0,"gold_gain":0.0,"event_name":"Winding Halls","player_choice":"Max HP","floor":39.0,"gold_loss":0.0,"damage_taken":0.0},{"damage_healed":0.0,"max_hp_gain":0.0,"max_hp_loss":0.0,"gold_gain":222.0,"event_name":"Tomb of Lord Red Mask","player_choice":"Wore Mask","floor":47.0,"gold_loss":0.0,"damage_taken":0.0},{"damage_healed":0.0,"max_hp_gain":0.0,"max_hp_loss":0.0,"gold_gain":0.0,"event_name":"SecretPortal","player_choice":"Ignored","floor":48.0,"gold_loss":0.0,"damage_taken":0.0}],"is_beta":false,"boss_relics":[{"not_picked":["Eternal Feather","Ectoplasm"],"picked":"Snecko Eye"},{"not_picked":["Fusion Hammer","Black Star"],"picked":"Coffee Dripper"}],"items_purged_floors":[],"is_endless":false,"potions_floor_spawned":[1,5,12,14,16,31,33,41,44,45],"killed_by":"Time Eater","ascension_level":20}