{"gold_per_floor":[114,189,204,204,219,249,174,204,279,279,294,309,309,324,324,424,424,439,140,140,155,170,170,200,215,240,255,270,270,54,69,69,169,169,184,184,199,214,27,27,42,42,42,42,57,72,87,87,87,87],"floor_reached":50,"playtime":1651,"items_purged":["Strike_R","Strike_R","Defend_R"],"score":655,"play_id":"06f4b5f5-7614-45dc-af37-b228313c2e4a","local_time":"20190115164228","daily_mods":["Cursed Run","Time Dilation","Lethality"],"is_ascension_mode":false,"campfire_choices":[{"floor":10,"key":"REST"},{"data":"Searing Blow","floor":13,"key":"SMITH"},{"floor":15,"key":"REST"},{"data":"Searing Blow+1","floor":23,"key":"SMITH"},{"floor":32,"key":"REST"},{"data":"Shrug It Off","floor":40,"key":"SMITH"},{"data":"Mayhem","floor":49,"key":"SMITH"}],"neow_cost":"","seed_source_timestamp":0,"circlet_count":0,"master_deck":["Strike_R","Strike_R","Strike_R","Defend_R","Defend_R","Defend_R","Bash","Spot Weakness","Shrug It Off+1","Bash","Thunderclap","Decay","Searing Blow+2","Iron Wave","Shame","Immolate","Flex+1","Armaments+1","Shrug It Off+1","Clumsy","Flex+1","Pommel Strike+1","Trip+1","Parasite","Reaper","Shockwave+1","Dropkick","Feel No Pain+1","Normality","Mayhem+1","Flame Barrier+1","Parasite","Infernal Blade+1","Shrug It Off+1","Doubt"],"special_seed":17912,"relics":["Cursed Key","Darkstone Periapt","Du-Vu Doll","Pear","PreservedInsect","Toxic Egg 2","Lizard Tail","Vajra","Boot","Strawberry","Velvet Choker","Bronze Scales","Ancient Tea Set"],"potions_floor_usage":[16,16,18,33,33,33,50,50,50],"damage_taken":[{"damage":0,"enemies":"Small Slimes","floor":1,"turns":2},{"damage":0,"enemies":"Cultist","floor":3,"turns":2},{"damage":10,"enemies":"2 Louse","floor":5,"turns":3},{"damage":11,"enemies":"Gremlin Nob","floor":6,"turns":3},{"damage":25,"enemies":"3 Sentries","floor":8,"turns":5},{"damage":0,"enemies":"2 Fungi Beasts","floor":11,"turns":1},{"damage":10,"enemies":"Looter","floor":12,"turns":2},{"damage":4,"enemies":"Blue Slaver","floor":14,"turns":2},{"damage":2,"enemies":"Slime Boss","floor":16,"turns":4},{"damage":23,"enemies":"2 Thieves","floor":18,"turns":3},{"damage":3,"enemies":"Spheric Guardian","floor":21,"turns":3},{"damage":0,"enemies":"Snake Plant","floor":22,"turns":2},{"damage":5,"enemies":"Slavers","floor":24,"turns":2},{"damage":28,"enemies":"Snecko","floor":25,"turns":4},{"damage":19,"enemies":"Centurion and Healer","floor":27,"turns":4},{"damage":13,"enemies":"3 Cultists","floor":28,"turns":4},{"damage":0,"enemies":"Snecko","floor":31,"turns":3},{"damage":87,"enemies":"Champ","floor":33,"turns":8},{"damage":0,"enemies":"Orb Walker","floor":35,"turns":2},{"damage":6,"enemies":"3 Shapes","floor":37,"turns":2},{"damage":6,"enemies":"Sphere and 2 Shapes","floor":38,"turns":2},{"damage":16,"enemies":"4 Shapes","floor":41,"turns":2},{"damage":2,"enemies":"Transient","floor":45,"turns":5},{"damage":18,"enemies":"Writhing Mass","floor":46,"turns":3},{"damage":40,"enemies":"Sphere and 2 Shapes","floor":47,"turns":5},{"damage":168,"enemies":"Time Eater","floor":50,"turns":10}],"seed_played":"-4273612193647818048","potions_obtained":[{"floor":3,"key":"Swift Potion"},{"floor":11,"key":"AttackPotion"},{"floor":14,"key":"Poison Potion"},{"floor":16,"key":"SteroidPotion"},{"floor":18,"key":"SteroidPotion"},{"floor":22,"key":"Poison Potion"},{"floor":33,"key":"Explosive Potion"},{"floor":35,"key":"Fire Potion"},{"floor":41,"key":"Strength Potion"},{"floor":46,"key":"SneckoOil"}],"is_trial":false,"path_per_floor":["M","?","M","?","M","E","$","E","T","R","M","M","R","M","R","B",null,"M","$","?","M","M","R","E","M","T","M","M","?","$","M","R","B",null,"M","?","M","M","$","R","M","?","T","?","M","M","M","?","R","B"],"character_chosen":"IRONCLAD","items_purchased":["Vajra","Armaments+1","Trip+1","Dropkick","Bronze Scales"],"campfire_rested":3,"item_purchase_floors":[19,19,30,39,39],"current_hp_per_floor":[80,72,72,72,62,61,61,36,42,70,70,60,60,56,84,88,102,79,79,102,99,99,99,94,66,79,60,47,47,47,47,81,63,121,121,121,115,121,121,121,105,105,111,111,127,115,93,139,139,0],"gold":87,"neow_bonus":"","is_prod":false,"is_daily":true,"chose_seed":false,"campfire_upgraded":4,"win_rate":0,"timestamp":1547599348,"path_taken":["M","?","?","?","M","E","$","E","T","R","M","?","R","M","R","BOSS","M","$","?","M","M","R","E","M","T","?","M","?","?","M","R","BOSS","M","?","M","M","$","R","M","?","T","?","M","M","M","?","R","BOSS"],"build_version":"2019-01-10","purchased_purges":3,"victory":false,"max_hp_per_floor":[80,80,80,80,80,90,90,90,96,96,96,96,96,96,96,102,102,102,102,102,102,102,102,102,102,115,115,115,115,115,115,115,121,121,121,121,121,121,121,121,121,121,127,127,127,133,133,139,139,139],"card_choices":[{"not_picked":["Flex","Flame Barrier"],"picked":"Spot Weakness","floor":1},{"not_picked":["Warcry","Body Slam"],"picked":"Shrug It Off","floor":3},{"not_picked":["Perfected Strike","True Grit"],"picked":"Thunderclap","floor":5},{"not_picked":["Warcry","Perfected Strike","Clothesline"],"picked":"SKIP","floor":6},{"not_picked":["Thunderclap","Dual Wield","Wild Strike"],"picked":"SKIP","floor":8},{"not_picked":["Exhume+1","Headbutt"],"picked":"Searing Blow","floor":11},{"not_picked":["Warcry+1","Clothesline"],"picked":"Iron Wave","floor":12},{"not_picked":["Twin Strike","Warcry+1","Evolve"],"picked":"SKIP","floor":14},{"not_picked":["Bludgeon","Feed"],"picked":"Immolate","floor":16},{"not_picked":["Havoc+1","Pummel"],"picked":"Flex+1","floor":18},{"not_picked":["Anger+1","Pommel Strike","Rampage"],"picked":"SKIP","floor":21},{"not_picked":["Perfected Strike","Dual Wield+1"],"picked":"Inflame","floor":22},{"not_picked":["Warcry+1","Hemokinesis"],"picked":"Shrug It Off+1","floor":24},{"not_picked":["Carnage","Wild Strike","Clash"],"picked":"SKIP","floor":25},{"not_picked":["Thunderclap","Feel No Pain"],"picked":"Flex+1","floor":27},{"not_picked":["Twin Strike","Iron Wave"],"picked":"Pommel Strike+1","floor":28},{"not_picked":["Armaments+1","Wild Strike","Bludgeon"],"picked":"SKIP","floor":31},{"not_picked":["Offering+1","Barricade"],"picked":"Reaper","floor":33},{"not_picked":["Pommel Strike","Headbutt","Armaments+1"],"picked":"SKIP","floor":35},{"not_picked":["Headbutt+1","Warcry+1","Pummel+1"],"picked":"SKIP","floor":37},{"not_picked":["Sword Boomerang+1","Shrug It Off+1"],"picked":"Shockwave+1","floor":38},{"not_picked":["Rupture+1","Pommel Strike+1"],"picked":"Feel No Pain+1","floor":41},{"not_picked":["Trip+1","PanicButton+1"],"picked":"Mayhem","floor":44},{"not_picked":["Spot Weakness+1","Pummel"],"picked":"Flame Barrier+1","floor":45},{"not_picked":["Shrug It Off+1","Combust+1"],"picked":"Infernal Blade+1","floor":46},{"not_picked":["Flex+1","Anger+1"],"picked":"Shrug It Off+1","floor":47}],"player_experience":135059,"relics_obtained":[{"floor":6,"key":"Pear"},{"floor":8,"key":"PreservedInsect"},{"floor":9,"key":"Toxic Egg 2"},{"floor":24,"key":"Boot"},{"floor":26,"key":"Strawberry"},{"floor":43,"key":"Ancient Tea Set"}],"event_choices":[{"damage_healed":0,"gold_gain":75,"player_choice":"Touch","damage_taken":8,"max_hp_gain":0,"max_hp_loss":0,"event_name":"FaceTrader","floor":2,"gold_loss":0},{"damage_healed":0,"gold_gain":0,"player_choice":"1 cards matched","damage_taken":0,"max_hp_gain":0,"max_hp_loss":0,"event_name":"Match and Keep!","floor":4,"gold_loss":0,"cards_obtained":["Bash"]},{"damage_healed":23,"gold_gain":0,"player_choice":"Full Heal","damage_taken":0,"max_hp_gain":0,"max_hp_loss":0,"event_name":"Wheel of Change","floor":20,"gold_loss":0},{"damage_healed":0,"gold_gain":0,"player_choice":"Bought 0 Potions","damage_taken":0,"max_hp_gain":0,"max_hp_loss":0,"event_name":"The Woman in Blue","floor":29,"gold_loss":0},{"cards_removed":["Inflame"],"damage_healed":0,"gold_gain":0,"player_choice":"Removed Power","damage_taken":0,"max_hp_gain":0,"max_hp_loss":0,"event_name":"Falling","floor":36,"gold_loss":0},{"damage_healed":0,"gold_gain":0,"player_choice":"Ignored","damage_taken":0,"max_hp_gain":0,"max_hp_loss":0,"event_name":"Mysterious Sphere","floor":42,"gold_loss":0},{"damage_healed":0,"gold_gain":0,"player_choice":"Memory 1","damage_taken":0,"max_hp_gain":0,"max_hp_loss":0,"event_name":"SensoryStone","floor":44,"gold_loss":0},{"damage_healed":40,"gold_gain":0,"player_choice":"Heal","damage_taken":0,"max_hp_gain":0,"max_hp_loss":0,"event_name":"MindBloom","floor":48,"gold_loss":0,"cards_obtained":["Doubt"]}],"is_beta":false,"boss_relics":[{"not_picked":["Eternal Feather","Tiny House"],"picked":"Lizard Tail"},{"not_picked":["Fusion Hammer","Runic Dome"],"picked":"Velvet Choker"}],"items_purged_floors":[7,19,30],"is_endless":false,"potions_floor_spawned":[3,11,14,16,18,22,25,27,33,35,41,45,46,47],"killed_by":"Time Eater","ascension_level":0}