{"gold_per_floor":[111,76,76,91,166,201,201,218,245,265,279,279,305,315,315,393,393,405,1,19,19,30,30,58,58,58,69,69,69,69,87,87,87],"floor_reached":33,"playtime":1317,"items_purged":["Strike_B"],"score":512,"play_id":"d8406606-b711-4d4d-a7e5-a19901900caf","local_time":"20180829192742","is_ascension_mode":true,"campfire_choices":[{"data":"Zap","floor":7,"key":"SMITH"},{"floor":12,"key":"REST"},{"data":"Go for the Eyes","floor":15,"key":"SMITH"},{"floor":23,"key":"REST"},{"floor":25,"key":"REST"},{"data":"Go for the Eyes","floor":30,"key":"SMITH"},{"floor":32,"key":"REST"}],"neow_cost":"NONE","seed_source_timestamp":4573573656216618,"circlet_count":0,"master_deck":["Strike_B","Strike_B","Strike_B","Defend_B","Defend_B","Defend_B","Defend_B","Zap+1","Dualcast","AscendersBane","BootSequence","Hologram","FTL","Go for the Eyes+1","Sweeping Beam","Conserve Battery","Hello World","Go for the Eyes+1","Coolheaded","Leap","Self Repair","Conserve Battery","Pain","Conserve Battery","Sweeping Beam"],"relics":["Cracked Core","Blood Vial","Vajra","Ice Cream","Cursed Key","Thread and Needle","Juzu Bracelet","Bottled Flame"],"potions_floor_usage":[6,14,24,31],"damage_taken":[{"damage":14,"enemies":"2 Louse","floor":1,"turns":3},{"damage":2,"enemies":"Jaw Worm","floor":4,"turns":3},{"damage":34,"enemies":"Lagavulin","floor":6,"turns":10},{"damage":0,"enemies":"Cultist","floor":8,"turns":3},{"damage":9,"enemies":"Lots of Slimes","floor":10,"turns":3},{"damage":0,"enemies":"2 Fungi Beasts","floor":11,"turns":2},{"damage":25,"enemies":"Gremlin Nob","floor":13,"turns":4},{"damage":0,"enemies":"Large Slime","floor":14,"turns":4},{"damage":3,"enemies":"Hexaghost","floor":16,"turns":10},{"damage":19,"enemies":"Shell Parasite","floor":18,"turns":6},{"damage":4,"enemies":"Spheric Guardian","floor":20,"turns":4},{"damage":6,"enemies":"Snecko","floor":22,"turns":7},{"damage":41,"enemies":"Slavers","floor":24,"turns":5},{"damage":8,"enemies":"Sentry and Sphere","floor":27,"turns":7},{"damage":26,"enemies":"Cultist and Chosen","floor":31,"turns":8},{"damage":61,"enemies":"Collector","floor":33,"turns":7}],"seed_played":"1861718658180938859","potions_obtained":[{"floor":0,"key":"Energy Potion"},{"floor":0,"key":"EssenceOfSteel"},{"floor":11,"key":"Energy Potion"},{"floor":14,"key":"SteroidPotion"},{"floor":24,"key":"SkillPotion"}],"is_trial":false,"path_per_floor":["M","?","?","M","?","E","R","M","T","M","M","R","E","M","R","B",null,"M","$","M","?","M","R","E","R","T","M","?","?","R","M","R"],"character_chosen":"DEFECT","items_purchased":["Thread and Needle"],"campfire_rested":4,"item_purchase_floors":[19],"current_hp_per_floor":[50,67,71,69,58,24,24,26,26,19,21,42,19,21,21,20,58,41,41,39,39,35,56,17,38,38,39,39,53,53,36,57,0],"gold":87,"neow_bonus":"THREE_SMALL_POTIONS","is_prod":false,"is_daily":false,"chose_seed":false,"campfire_upgraded":3,"win_rate":0,"timestamp":1535585262,"path_taken":["M","?","?","M","?","E","R","?","T","M","M","R","E","M","R","BOSS","M","$","M","?","M","R","E","R","T","M","?","?","R","M","R","BOSS"],"build_version":"2018-08-23v2","purchased_purges":1,"victory":false,"max_hp_per_floor":[71,71,71,71,71,71,71,71,71,71,71,71,71,71,71,71,71,71,71,71,71,71,71,71,71,71,71,71,71,71,71,71,71],"card_choices":[{"not_picked":["Double Energy","Gash"],"picked":"BootSequence","floor":1},{"not_picked":["Redo","Aggregate"],"picked":"Hologram","floor":4},{"not_picked":["Sweeping Beam","White Noise"],"picked":"FTL","floor":6},{"not_picked":["All For One","Reinforced Body"],"picked":"Go for the Eyes","floor":8},{"not_picked":["Gash","Melter"],"picked":"Sweeping Beam","floor":10},{"not_picked":["Streamline","Cold Snap"],"picked":"Conserve Battery","floor":11},{"not_picked":["Stack","Chill"],"picked":"Hello World","floor":13},{"not_picked":["Auto Shields","Beam Cell"],"picked":"Go for the Eyes","floor":14},{"not_picked":["Darkness","Stack"],"picked":"Coolheaded","floor":18},{"not_picked":["Barrage","Beam Cell"],"picked":"Leap","floor":20},{"not_picked":["Coolheaded","Reinforced Body"],"picked":"Self Repair","floor":22},{"not_picked":["White Noise","Stack"],"picked":"Conserve Battery","floor":24},{"not_picked":["Heatsinks","Darkness"],"picked":"Conserve Battery","floor":27},{"not_picked":["Heatsinks","Reboot"],"picked":"Sweeping Beam","floor":31}],"player_experience":288102,"relics_obtained":[{"floor":6,"key":"Blood Vial"},{"floor":9,"key":"Vajra"},{"floor":13,"key":"Ice Cream"},{"floor":24,"key":"Juzu Bracelet"},{"floor":26,"key":"Bottled Flame"}],"event_choices":[{"event_name":"The Cleric","player_choice":"Healed","floor":2,"damage_taken":0},{"event_name":"Wheel of Change","player_choice":"Full Heal","floor":3,"damage_taken":0},{"event_name":"World of Goop","player_choice":"Gather Gold","floor":5,"damage_taken":0},{"event_name":"Cursed Tome","player_choice":"Ignored","floor":21,"damage_taken":0},{"event_name":"The Library","player_choice":"Heal","floor":29,"damage_taken":0}],"is_beta":false,"boss_relics":[{"not_picked":["Velvet Choker","Runic Pyramid"],"picked":"Cursed Key"}],"items_purged_floors":[19],"is_endless":false,"potions_floor_spawned":[1,4,11,13,14,18,20,24],"killed_by":"Collector","ascension_level":17}