{"gold_per_floor":[119,119,119,119,138,173,173,248,248,278,278,298,220,239,239,314,314,324,341,264,264,264,264,46,46,46,75,93,111,123,73,73,150,150,166,166,166],"floor_reached":37,"playtime":1573,"items_purged":[],"score":840,"play_id":"14b04b94-1b20-4f27-9e20-b10b129ddcba","local_time":"20190518161303","is_ascension_mode":true,"campfire_choices":[{"data":"Defragment","floor":7,"key":"SMITH"},{"data":"Zap","floor":11,"key":"SMITH"},{"data":"Defragment","floor":15,"key":"SMITH"},{"data":"Creative AI","floor":23,"key":"SMITH"},{"floor":32,"key":"REST"}],"neow_cost":"NONE","seed_source_timestamp":1827843408732715,"circlet_count":0,"master_deck":["AscendersBane","Zap+1","Dualcast","Defragment+1","Steam","Ball Lightning+1","Ball Lightning","Defragment+1","Creative AI+1","Reinforced Body","Leap","Defragment+1","Amplify","Force Field","Gash","Glacier","Cold Snap","Coolheaded","Self Repair","Gash","Conserve Battery","Seek","Core Surge","Conserve Battery+1"],"relics":["Cracked Core","NeowsBlessing","Gambling Chip","Bag of Preparation","Centennial Puzzle","Whetstone","Pandora\u0027s Box","Juzu Bracelet","Letter Opener","Unceasing Top","Fusion Hammer"],"potions_floor_usage":[30,33,37],"damage_taken":[{"damage":0,"enemies":"2 Louse","floor":1,"turns":1},{"damage":0,"enemies":"Small Slimes","floor":5,"turns":1},{"damage":0,"enemies":"3 Sentries","floor":6,"turns":1},{"damage":8,"enemies":"Gremlin Nob","floor":10,"turns":3},{"damage":0,"enemies":"Cultist","floor":12,"turns":2},{"damage":6,"enemies":"3 Louse","floor":14,"turns":3},{"damage":15,"enemies":"The Guardian","floor":16,"turns":8},{"damage":3,"enemies":"Chosen","floor":18,"turns":4},{"damage":1,"enemies":"Shell Parasite","floor":19,"turns":7},{"damage":25,"enemies":"Book of Stabbing","floor":27,"turns":6},{"damage":7,"enemies":"Snake Plant","floor":28,"turns":4},{"damage":12,"enemies":"Snecko","floor":29,"turns":9},{"damage":21,"enemies":"Centurion and Healer","floor":30,"turns":12},{"damage":59,"enemies":"Automaton","floor":33,"turns":7},{"damage":17,"enemies":"3 Shapes","floor":35,"turns":3},{"damage":45,"enemies":"3 Darklings","floor":37,"turns":4}],"seed_played":"5995004409538139532","potions_obtained":[{"floor":1,"key":"GamblersBrew"},{"floor":5,"key":"FearPotion"},{"floor":16,"key":"FocusPotion"},{"floor":28,"key":"Regen Potion"},{"floor":30,"key":"SkillPotion"}],"is_trial":false,"path_per_floor":["M","?","?","$","M","E","R","?","T","E","R","M","$","M","R","B",null,"M","M","$","?","?","R","$","?","T","E","M","M","M","?","R","B",null,"M","$","M"],"character_chosen":"DEFECT","items_purchased":["Defragment","Self Repair","Juzu Bracelet","Gash"],"campfire_rested":1,"item_purchase_floors":[13,20,24,24],"current_hp_per_floor":[64,64,64,64,64,64,64,53,53,45,45,45,45,39,39,24,59,56,55,55,55,55,55,55,55,55,37,44,39,40,40,61,2,54,37,37,0],"gold":166,"neow_bonus":"THREE_ENEMY_KILL","is_prod":false,"is_daily":false,"chose_seed":false,"campfire_upgraded":4,"win_rate":0,"timestamp":1558210383,"path_taken":["M","?","?","$","?","E","R","?","T","E","R","M","?","M","R","BOSS","M","M","$","?","?","R","$","?","T","E","M","M","M","?","R","BOSS","M","$","M"],"build_version":"2019-01-23","purchased_purges":0,"victory":false,"max_hp_per_floor":[71,71,71,71,71,71,71,71,71,71,71,71,71,71,71,71,71,71,71,71,71,71,71,71,71,71,71,71,71,71,71,71,71,71,71,71,71],"card_choices":[{"not_picked":["Steam Power","Barrage"],"picked":"Defragment","floor":1},{"not_picked":["Stack","Gash"],"picked":"Steam","floor":5},{"not_picked":["Barrage","Turbo"],"picked":"Ball Lightning","floor":6},{"not_picked":["Scrape","Rebound"],"picked":"Ball Lightning","floor":10},{"not_picked":["Rip and Tear","Stack","Double Energy"],"picked":"SKIP","floor":12},{"not_picked":["Chaos","Beam Cell","Steam Power"],"picked":"SKIP","floor":14},{"not_picked":["Chaos","Beam Cell","Steam Power"],"picked":"SKIP","floor":14},{"not_picked":["All For One","Hyperbeam"],"picked":"Creative AI","floor":16},{"not_picked":["Gash+1","Coolheaded+1"],"picked":"Cold Snap","floor":18},{"not_picked":["Steam","Stack"],"picked":"Coolheaded","floor":19},{"not_picked":["Go for the Eyes","Recycle"],"picked":"Conserve Battery","floor":27},{"not_picked":["Streamline","Consume","Rebound"],"picked":"SKIP","floor":28},{"not_picked":["Steam","Coolheaded","Ball Lightning"],"picked":"SKIP","floor":29},{"not_picked":["Streamline+1","Tempest+1"],"picked":"Seek","floor":30},{"not_picked":["Meteor Strike","Seek"],"picked":"Core Surge","floor":33},{"not_picked":["Steam","Redo"],"picked":"Conserve Battery+1","floor":35}],"player_experience":692648,"relics_obtained":[{"floor":6,"key":"Bag of Preparation"},{"floor":9,"key":"Centennial Puzzle"},{"floor":10,"key":"Whetstone"},{"floor":26,"key":"Letter Opener"},{"floor":27,"key":"Unceasing Top"}],"event_choices":[{"damage_healed":0,"gold_gain":0,"player_choice":"Ignored","damage_taken":0,"max_hp_gain":0,"max_hp_loss":0,"event_name":"Liars Game","floor":2,"gold_loss":0},{"damage_healed":0,"gold_gain":0,"player_choice":"Gave Potion","damage_taken":0,"relics_obtained":["Gambling Chip"],"max_hp_gain":0,"max_hp_loss":0,"event_name":"WeMeetAgain","floor":3,"gold_loss":0},{"damage_healed":0,"gold_gain":75,"player_choice":"Gather Gold","damage_taken":11,"max_hp_gain":0,"max_hp_loss":0,"event_name":"World of Goop","floor":8,"gold_loss":0},{"damage_healed":0,"gold_gain":0,"player_choice":"Ignored","damage_taken":0,"max_hp_gain":0,"max_hp_loss":0,"event_name":"The Mausoleum","floor":21,"gold_loss":0},{"damage_healed":0,"gold_gain":0,"player_choice":"Ignored","damage_taken":0,"max_hp_gain":0,"max_hp_loss":0,"event_name":"Purifier","floor":22,"gold_loss":0},{"cards_removed":["Hyperbeam"],"damage_healed":0,"gold_gain":0,"player_choice":"Elegance","damage_taken":0,"max_hp_gain":0,"max_hp_loss":0,"event_name":"Back to Basics","floor":25,"gold_loss":0},{"damage_healed":0,"gold_gain":0,"player_choice":"Upgrade","damage_taken":0,"max_hp_gain":0,"max_hp_loss":0,"event_name":"Designer","floor":31,"gold_loss":50,"cards_upgraded":["Defragment"]}],"is_beta":false,"boss_relics":[{"not_picked":["FrozenCore","Runic Pyramid"],"picked":"Pandora\u0027s Box"},{"not_picked":["Tiny House","Philosopher\u0027s Stone"],"picked":"Fusion Hammer"}],"items_purged_floors":[],"is_endless":false,"potions_floor_spawned":[1,5,16,18,28,30],"killed_by":"3 Darklings","ascension_level":20}