{"gold_per_floor":[99,99,99,24,24,24,0,0,0,0,0,0,0,0,0,0,0,0,0,0,0,0,0,0,0,0,0,0,0,0,0,0,0],"floor_reached":33,"playtime":1075,"items_purged":[],"score":600,"play_id":"46e15670-d947-4736-915c-5af99f34dcf7","local_time":"20190601151517","is_ascension_mode":true,"campfire_choices":[{"data":"Neutralize","floor":6.0,"key":"SMITH"},{"data":"Distraction","floor":8.0,"key":"SMITH"},{"data":"Poisoned Stab","floor":10.0,"key":"SMITH"},{"floor":15.0,"key":"REST"},{"floor":23.0,"key":"REST"},{"data":"Noxious Fumes","floor":27.0,"key":"SMITH"},{"floor":32,"key":"REST"}],"neow_cost":"NONE","seed_source_timestamp":27709844575300,"circlet_count":0,"master_deck":["AscendersBane","Defend_G","Defend_G","Defend_G","Defend_G","Defend_G","Strike_G","Strike_G","Strike_G","Strike_G","Survivor","Neutralize+1","Dagger Throw","Quick Slash","Poisoned Stab+1","Distraction+1","Slice+1","Doppelganger","Skewer+1","Tools of the Trade","Deadly Poison+1","Underhanded Strike+1","Sucker Punch+1","Neutralize+1","Corpse Explosion","Acrobatics","Noxious Fumes+1","Adrenaline","Backflip","Escape Plan","Caltrops"],"special_seed":0,"relics":["Ectoplasm","Molten Egg 2","Bird Faced Urn","Juzu Bracelet","Kunai","Philosopher\u0027s Stone","Potion Belt","Mummified Hand","MutagenicStrength"],"potions_floor_usage":[33],"damage_taken":[{"damage":4.0,"enemies":"Cultist","floor":1.0,"turns":5.0},{"damage":2.0,"enemies":"Small Slimes","floor":2.0,"turns":3.0},{"damage":0.0,"enemies":"2 Louse","floor":3.0,"turns":3.0},{"damage":3.0,"enemies":"Looter","floor":7.0,"turns":3.0},{"damage":15.0,"enemies":"Lagavulin","floor":11.0,"turns":5.0},{"damage":12.0,"enemies":"Lots of Slimes","floor":12.0,"turns":5.0},{"damage":14.0,"enemies":"3 Sentries","floor":13.0,"turns":9.0},{"damage":12.0,"enemies":"Slime Boss","floor":16.0,"turns":9.0},{"damage":20.0,"enemies":"3 Byrds","floor":18.0,"turns":5.0},{"damage":8.0,"enemies":"Chosen","floor":19.0,"turns":4.0},{"damage":0.0,"enemies":"Snake Plant","floor":20.0,"turns":2.0},{"damage":15.0,"enemies":"Gremlin Leader","floor":24.0,"turns":5.0},{"damage":12.0,"enemies":"Cultist and Chosen","floor":25.0,"turns":5.0},{"damage":6,"enemies":"3 Cultists","floor":31,"turns":4},{"damage":52,"enemies":"Automaton","floor":33,"turns":8}],"seed_played":"-1399024286198001100","potions_obtained":[{"floor":2.0,"key":"SteroidPotion"},{"floor":11.0,"key":"SteroidPotion"},{"floor":12.0,"key":"EntropicBrew"},{"floor":18.0,"key":"Weak Potion"},{"floor":19.0,"key":"FearPotion"},{"floor":24.0,"key":"SpeedPotion"}],"is_trial":false,"path_per_floor":["M","M","M","?","?","R","M","R","T","R","E","M","E","?","R","B",null,"M","M","M","?","$","R","E","M","T","R","?","?","?","M","R","B"],"character_chosen":"THE_SILENT","items_purchased":[],"campfire_rested":3,"item_purchase_floors":[],"current_hp_per_floor":[55,53,53,53,58,58,55,55,55,55,40,28,14,14,35,23,59,39,33,33,33,33,54,41,31,31,31,31,31,31,27,48,2],"gold":0,"neow_bonus":"BOSS_RELIC","is_prod":false,"is_daily":false,"chose_seed":false,"campfire_upgraded":4,"win_rate":0,"timestamp":1559398517,"path_taken":["M","M","?","?","?","R","M","R","T","R","E","M","E","?","R","BOSS","M","M","M","?","?","R","E","M","T","R","?","?","?","M","R","BOSS"],"build_version":"2019-01-23","purchased_purges":0,"victory":false,"max_hp_per_floor":[66,66,66,66,71,71,71,71,71,71,71,71,71,71,71,71,71,71,71,71,71,71,71,71,71,71,71,71,71,71,71,71,71],"card_choices":[{"not_picked":["Infinite Blades","Deadly Poison"],"picked":"Dagger Throw","floor":1.0},{"not_picked":["Reflex","Escape Plan"],"picked":"Quick Slash","floor":2.0},{"not_picked":["Underhanded Strike","Slice"],"picked":"Poisoned Stab","floor":3.0},{"not_picked":["Prepared","Outmaneuver"],"picked":"Distraction","floor":7.0},{"not_picked":["PiercingWail","Prepared"],"picked":"Slice+1","floor":11.0},{"not_picked":["Deadly Poison","Underhanded Strike+1"],"picked":"Doppelganger","floor":12.0},{"not_picked":["Well Laid Plans","Flying Knee+1"],"picked":"Skewer+1","floor":13.0},{"not_picked":["Phantasmal Killer","Venomology"],"picked":"Tools of the Trade","floor":16.0},{"not_picked":["Dodge and Roll","Backstab+1"],"picked":"Deadly Poison+1","floor":18.0},{"not_picked":["Prepared","Outmaneuver"],"picked":"Underhanded Strike+1","floor":19.0},{"not_picked":["Slice+1","Bane+1"],"picked":"Sucker Punch+1","floor":20.0},{"not_picked":["Dagger Spray+1","Escape Plan"],"picked":"Acrobatics","floor":24.0},{"not_picked":["Night Terror","Acrobatics"],"picked":"Noxious Fumes","floor":25.0},{"not_picked":["Distraction","Sucker Punch+1"],"picked":"Caltrops","floor":31}],"player_experience":1419042,"relics_obtained":[{"floor":9.0,"key":"Molten Egg 2"},{"floor":11.0,"key":"Bird Faced Urn"},{"floor":13.0,"key":"Juzu Bracelet"},{"floor":24.0,"key":"Potion Belt"},{"floor":26.0,"key":"Mummified Hand"}],"event_choices":[{"cards_removed":["Strike_G"],"damage_healed":0.0,"max_hp_gain":0.0,"max_hp_loss":0.0,"gold_gain":0.0,"event_name":"The Cleric","player_choice":"Card Removal","floor":4.0,"gold_loss":75.0,"damage_taken":0.0},{"damage_healed":0.0,"max_hp_gain":5.0,"max_hp_loss":0.0,"gold_gain":0.0,"event_name":"Big Fish","player_choice":"Donut","floor":5.0,"gold_loss":0.0,"damage_taken":0.0},{"damage_healed":0.0,"max_hp_gain":0.0,"max_hp_loss":0.0,"gold_gain":0.0,"event_name":"WeMeetAgain","player_choice":"Gave Potion","floor":14.0,"gold_loss":0.0,"damage_taken":0.0,"relics_obtained":["Kunai"]},{"damage_healed":0.0,"max_hp_gain":0.0,"max_hp_loss":0.0,"gold_gain":0.0,"event_name":"Match and Keep!","player_choice":"2 cards matched","floor":21.0,"gold_loss":0.0,"damage_taken":0.0,"cards_obtained":["Neutralize","Corpse Explosion"]},{"damage_healed":0.0,"max_hp_gain":0.0,"max_hp_loss":0.0,"gold_gain":0.0,"event_name":"Match and Keep!","player_choice":"3 cards matched","floor":28.0,"gold_loss":0.0,"damage_taken":0.0,"cards_obtained":["Adrenaline","Backflip","Escape Plan"]},{"damage_healed":0.0,"max_hp_gain":0.0,"max_hp_loss":0.0,"gold_gain":0.0,"event_name":"Ghosts","player_choice":"Ignored","floor":29.0,"gold_loss":0.0,"damage_taken":0.0},{"damage_healed":0,"gold_gain":0,"player_choice":"Inject Mutagens","damage_taken":0,"relics_obtained":["MutagenicStrength"],"max_hp_gain":0,"max_hp_loss":0,"event_name":"Drug Dealer","floor":30,"gold_loss":0}],"is_beta":false,"boss_relics":[{"not_picked":["Astrolabe","Runic Dome"],"picked":"Philosopher\u0027s Stone"}],"items_purged_floors":[],"is_endless":false,"potions_floor_spawned":[2,11,12,18,19,24],"killed_by":"Automaton","ascension_level":20}