{"gold_per_floor":[213,227,227,247,13,13,38,38,38,38,54,86,86,97,97,198,198,210,223,223,239,9,9,24,43,95,95,108,127,226,226,226,329,329,345,345],"floor_reached":36,"playtime":1911,"items_purged":[],"score":545,"play_id":"1eae1a5c-e529-49c3-963f-8d39c26c7fcd","local_time":"20180904172626","is_ascension_mode":true,"campfire_choices":[{"data":"Noxious Fumes","floor":6,"key":"SMITH"},{"floor":10,"key":"REST"},{"data":"Noxious Fumes","floor":13,"key":"SMITH"},{"data":"Neutralize","floor":15,"key":"SMITH"},{"data":"A Thousand Cuts","floor":23,"key":"SMITH"},{"data":"Accuracy","floor":27,"key":"SMITH"},{"floor":32,"key":"REST"}],"neow_cost":"NONE","seed_source_timestamp":5083972033908295,"circlet_count":0,"master_deck":["Defend_G","Defend_G","Defend_G+1","Defend_G","Strike_G+1","Strike_G","Strike_G","Survivor","Neutralize+1","Backflip","Predator","Dodge and Roll","Noxious Fumes+1","Heel Hook","Noxious Fumes+1","Infinite Blades","A Thousand Cuts+1","Flying Knee","Backflip","Dagger Throw","Blade Dance","Accuracy+1","Setup+1","Backstab","Backflip+1","Blur+1","Calculated Gamble+1","Terror+1"],"special_seed":0,"relics":["Ring of the Serpent","Strawberry","Boot","Mercury Hourglass","Centennial Puzzle","Lee\u0027s Waffle","Orichalcum","Astrolabe"],"potions_floor_usage":[12,16,33,33,33,33,35],"damage_taken":[{"damage":0.0,"enemies":"Small Slimes","floor":1.0,"turns":7.0},{"damage":0,"enemies":"Cultist","floor":2,"turns":3},{"damage":0,"enemies":"2 Louse","floor":4,"turns":3},{"damage":22,"enemies":"3 Sentries","floor":7,"turns":9},{"damage":0,"enemies":"Exordium Wildlife","floor":11,"turns":4},{"damage":8,"enemies":"Gremlin Nob","floor":12,"turns":3},{"damage":0,"enemies":"Large Slime","floor":14,"turns":5},{"damage":9,"enemies":"Hexaghost","floor":16,"turns":8},{"damage":23,"enemies":"3 Byrds","floor":18,"turns":4},{"damage":2,"enemies":"Shell Parasite","floor":19,"turns":7},{"damage":2,"enemies":"Cultist and Chosen","floor":21,"turns":6},{"damage":24,"enemies":"Snake Plant","floor":24,"turns":6},{"damage":5,"enemies":"Centurion and Healer","floor":25,"turns":6},{"damage":10,"enemies":"Shelled Parasite and Fungi","floor":28,"turns":7},{"damage":28,"enemies":"Snake Plant","floor":29,"turns":5},{"damage":14,"enemies":"Colosseum Slavers","floor":31,"turns":5},{"damage":19,"enemies":"Automaton","floor":33,"turns":10},{"damage":9,"enemies":"3 Shapes","floor":35,"turns":4},{"damage":59,"enemies":"3 Darklings","floor":36,"turns":5}],"seed_played":"7387082816999265457","potions_obtained":[{"floor":7,"key":"Poison Potion"},{"floor":14,"key":"EssenceOfSteel"},{"floor":16,"key":"GhostInAJar"},{"floor":18,"key":"EntropicBrew"},{"floor":21,"key":"SteroidPotion"}],"is_trial":false,"path_per_floor":["M","M","$","M","$","R","E","?","T","R","M","E","R","M","R","B",null,"M","M","$","M","$","R","M","M","T","R","M","M","?","?","R","B",null,"M"],"character_chosen":"THE_SILENT","items_purchased":["Noxious Fumes","Strawberry","Lee\u0027s Waffle","Blade Dance"],"campfire_rested":2,"item_purchase_floors":[5,5,22,22],"current_hp_per_floor":[63,63,63,63,70,70,48,33,33,56,56,48,48,48,48,39,68,45,43,43,41,84,84,60,55,55,55,45,17,17,3,28,9,65,56,0],"gold":345,"neow_bonus":"HUNDRED_GOLD","is_prod":false,"is_daily":false,"chose_seed":false,"campfire_upgraded":5,"win_rate":0,"timestamp":1536096386,"path_taken":["M","M","$","M","$","R","E","?","T","R","M","E","R","M","R","BOSS","M","M","$","M","$","R","M","M","T","R","?","M","?","?","R","BOSS","M","M"],"build_version":"2018-08-30","purchased_purges":0,"victory":false,"max_hp_per_floor":[70,70,70,70,77,77,77,77,77,77,77,77,77,77,77,77,77,77,77,77,77,84,84,84,84,84,84,84,84,84,84,84,84,84,84,84],"card_choices":[{"not_picked":["Poisoned Stab","PiercingWail"],"picked":"Backflip","floor":1},{"not_picked":["Concentrate","Acrobatics"],"picked":"Predator","floor":2},{"not_picked":["Eviscerate","Underhanded Strike"],"picked":"Dodge and Roll","floor":4},{"not_picked":["Wraith Form v2","Acrobatics"],"picked":"Heel Hook","floor":7},{"not_picked":["Deadly Poison","Acrobatics"],"picked":"Noxious Fumes","floor":11},{"not_picked":["Predator","Bouncing Flask"],"picked":"Infinite Blades","floor":12},{"not_picked":["Quick Slash","Deadly Poison","Underhanded Strike"],"picked":"SKIP","floor":14},{"not_picked":["Doppelganger","Night Terror"],"picked":"A Thousand Cuts","floor":16},{"not_picked":["Poisoned Stab","Flechettes"],"picked":"Flying Knee","floor":18},{"not_picked":["Expertise","Tactician"],"picked":"Backflip","floor":19},{"not_picked":["Poisoned Stab","Bouncing Flask"],"picked":"Dagger Throw","floor":21},{"not_picked":["Poisoned Stab","Backflip"],"picked":"Accuracy","floor":24},{"not_picked":["Quick Slash+1","Predator+1"],"picked":"Setup+1","floor":25},{"not_picked":["Finisher+1","Setup+1"],"picked":"Backstab","floor":28},{"not_picked":["Bane","Flying Knee"],"picked":"Backflip+1","floor":29},{"not_picked":["Outmaneuver+1","Dagger Spray","Dagger Throw+1"],"picked":"SKIP","floor":35}],"player_experience":314255,"relics_obtained":[{"floor":7,"key":"Boot"},{"floor":9,"key":"Mercury Hourglass"},{"floor":12,"key":"Centennial Puzzle"},{"floor":26,"key":"Orichalcum"}],"event_choices":[{"event_name":"Shining Light","player_choice":"Entered Light","floor":8,"damage_taken":0},{"event_name":"Nest","player_choice":"Stole From Cult","floor":30,"damage_taken":0},{"event_name":"Colosseum","player_choice":"Fight","floor":31,"damage_taken":0},{"event_name":"Colosseum","player_choice":"Fled From Nobs","floor":31,"damage_taken":0}],"is_beta":false,"boss_relics":[{"not_picked":["Busted Crown","Tiny House"],"picked":"Ring of the Serpent"},{"not_picked":["Coffee Dripper","Black Star"],"picked":"Astrolabe"}],"items_purged_floors":[],"is_endless":false,"potions_floor_spawned":[7,14,16,18,21,29,31],"killed_by":"3 Darklings","ascension_level":9}