{"gold_per_floor":[112,112,112,112,132,157,157,177,252,287,287,307,307,324,324,396,396,356,356],"floor_reached":19,"playtime":458,"items_purged":[],"score":394,"play_id":"268baf70-22e3-40de-b4b1-33dbf8b29eb0","local_time":"20190618160004","is_ascension_mode":true,"campfire_choices":[{"data":"Uppercut","floor":11.0,"key":"SMITH"},{"data":"Offering","floor":13.0,"key":"SMITH"},{"data":"Perfected Strike","floor":15.0,"key":"SMITH"}],"neow_cost":"NONE","seed_source_timestamp":4506023891853975,"circlet_count":0,"master_deck":["AscendersBane","Strike_R","Strike_R","Strike_R","Strike_R","Strike_R","Defend_R","Defend_R","Defend_R","Defend_R","Bash","Twin Strike","Uppercut+1","Headbutt","Pain","Twin Strike","Perfected Strike+1","Shrug It Off","Offering+1","Cleave","Barricade","Entrench","Entrench","Body Slam","Shrug It Off","Battle Trance"],"special_seed":0,"relics":["Burning Blood","NeowsBlessing","PreservedInsect","Orichalcum","Prayer Wheel","WarpedTongs","Sundial","Dream Catcher","Orrery"],"potions_floor_usage":[19],"damage_taken":[{"damage":0.0,"enemies":"Small Slimes","floor":1.0,"turns":1.0},{"damage":0.0,"enemies":"Jaw Worm","floor":5.0,"turns":1.0},{"damage":0.0,"enemies":"Gremlin Nob","floor":6.0,"turns":1.0},{"damage":3.0,"enemies":"Cultist","floor":8.0,"turns":2.0},{"damage":10.0,"enemies":"3 Sentries","floor":10.0,"turns":3.0},{"damage":5.0,"enemies":"Looter","floor":12.0,"turns":2.0},{"damage":26.0,"enemies":"Large Slime","floor":14.0,"turns":4.0},{"damage":33.0,"enemies":"Hexaghost","floor":16.0,"turns":8.0},{"damage":40,"enemies":"2 Thieves","floor":18,"turns":5},{"damage":48,"enemies":"Colosseum Slavers","floor":19,"turns":3}],"seed_played":"7792947439912425831","potions_obtained":[{"floor":5.0,"key":"Poison Potion"},{"floor":8.0,"key":"Ancient Potion"},{"floor":14.0,"key":"EntropicBrew"},{"floor":16.0,"key":"LiquidBronze"},{"floor":18,"key":"Regen Potion"}],"is_trial":false,"path_per_floor":["M","?","T","?","M","E","?","M","T","E","R","M","R","M","R","B",null,"M","?"],"character_chosen":"IRONCLAD","items_purchased":[],"campfire_rested":0,"item_purchase_floors":[],"current_hp_per_floor":[74,48,48,48,54,60,60,63,63,59,59,60,60,40,40,13,60,26,0],"gold":356,"neow_bonus":"THREE_ENEMY_KILL","is_prod":false,"is_daily":false,"chose_seed":false,"campfire_upgraded":3,"win_rate":0,"timestamp":1560888004,"path_taken":["M","?","?","?","M","E","?","M","T","E","R","?","R","M","R","BOSS","M","?"],"build_version":"2019-01-23","purchased_purges":0,"victory":false,"max_hp_per_floor":[75,75,75,75,75,75,75,75,75,75,75,75,75,75,75,75,75,75,75],"card_choices":[{"not_picked":["True Grit","Havoc"],"picked":"Twin Strike","floor":1.0},{"not_picked":["Anger","Warcry"],"picked":"Uppercut","floor":5.0},{"not_picked":["True Grit","Sword Boomerang"],"picked":"Headbutt","floor":6.0},{"not_picked":["Havoc","Uppercut"],"picked":"Twin Strike","floor":8.0},{"not_picked":["Sword Boomerang","Iron Wave"],"picked":"Perfected Strike","floor":8.0},{"not_picked":["Thunderclap","Inflame"],"picked":"Shrug It Off","floor":10.0},{"not_picked":["Rage","Ghostly Armor"],"picked":"Offering","floor":12.0},{"not_picked":["Thunderclap","Cleave","Warcry"],"picked":"SKIP","floor":12.0},{"not_picked":["Thunderclap","Warcry"],"picked":"Cleave","floor":12.0},{"not_picked":["Clash","Ghostly Armor","Heavy Blade"],"picked":"SKIP","floor":14.0},{"not_picked":["Clash","Heavy Blade","Whirlwind"],"picked":"SKIP","floor":14.0},{"not_picked":["Impervious","Exhume"],"picked":"Barricade","floor":16.0},{"not_picked":["Fire Breathing","Metallicize"],"picked":"Entrench","floor":17},{"not_picked":["Sword Boomerang","Wild Strike"],"picked":"Entrench","floor":17},{"not_picked":["Flex","Inflame"],"picked":"Body Slam","floor":17},{"not_picked":["Iron Wave","Headbutt"],"picked":"Shrug It Off","floor":17},{"not_picked":["Infernal Blade","Flex"],"picked":"Battle Trance","floor":18},{"not_picked":["Burning Pact","Infernal Blade","Combust"],"picked":"SKIP","floor":18}],"player_experience":756105,"relics_obtained":[{"floor":3.0,"key":"Orichalcum"},{"floor":6.0,"key":"Prayer Wheel"},{"floor":9.0,"key":"Sundial"},{"floor":10.0,"key":"Dream Catcher"}],"event_choices":[{"damage_healed":0.0,"max_hp_gain":0.0,"max_hp_loss":0.0,"gold_gain":0.0,"event_name":"Scrap Ooze","player_choice":"Success","floor":2.0,"gold_loss":0.0,"damage_taken":26.0,"relics_obtained":["PreservedInsect"]},{"damage_healed":0.0,"max_hp_gain":0.0,"max_hp_loss":0.0,"gold_gain":0.0,"event_name":"Liars Game","player_choice":"Ignored","floor":4.0,"gold_loss":0.0,"damage_taken":0.0},{"damage_healed":0.0,"max_hp_gain":0.0,"max_hp_loss":0.0,"gold_gain":0.0,"event_name":"Accursed Blacksmith","player_choice":"Rummage","floor":7.0,"gold_loss":0.0,"damage_taken":0.0,"relics_obtained":["WarpedTongs"],"cards_obtained":["Pain"]},{"damage_healed":0,"gold_gain":0,"player_choice":"Fight","damage_taken":0,"max_hp_gain":0,"max_hp_loss":0,"event_name":"Colosseum","floor":19,"gold_loss":0}],"is_beta":false,"boss_relics":[{"not_picked":["Pandora\u0027s Box","Runic Cube"],"picked":"Orrery"}],"items_purged_floors":[],"is_endless":false,"potions_floor_spawned":[5,8,14,16,18],"killed_by":"Colosseum Slavers","ascension_level":19}