{"gold_per_floor":[112,112,136,136,155,155,175,175,175,211,236,249,160,212,212,305,305,320,520,245,258,49,49,49,89,89,89,124,124,138,154,154,252,252,273,79,204,204,204,204,204,2,56,56,56,70,70,70],"floor_reached":48,"playtime":1786,"items_purged":[],"score":928,"play_id":"8c8f3501-8a07-41b9-9f2c-d430529104fc","local_time":"20190611195145","is_ascension_mode":true,"campfire_choices":[{"data":"Noxious Fumes","floor":6.0,"key":"SMITH"},{"data":"Neutralize","floor":8.0,"key":"SMITH"},{"data":"A Thousand Cuts","floor":15.0,"key":"SMITH"},{"floor":23.0,"key":"REST"},{"floor":27.0,"key":"REST"},{"floor":29.0,"key":"REST"},{"floor":32.0,"key":"REST"},{"floor":40.0,"key":"REST"},{"floor":44.0,"key":"RECALL"},{"data":"Apotheosis","floor":47.0,"key":"SMITH"}],"neow_cost":"NONE","seed_source_timestamp":0,"circlet_count":0,"master_deck":["AscendersBane","Defend_G","Defend_G+1","Defend_G","Defend_G","Defend_G","Survivor+1","Neutralize+1","Quick Slash","Noxious Fumes+1","Cloak And Dagger","Bane","A Thousand Cuts+1","Cloak And Dagger","Infinite Blades","Accuracy","Storm of Steel","All Out Attack+1","Sucker Punch+1","Bane+1","Heel Hook","Dash","Dash+1","Infinite Blades","Prepared","Catalyst","After Image","Sucker Punch+1","Apotheosis+1","Flying Knee+1","Sadistic Nature"],"special_seed":0,"relics":["Ring of the Snake","NeowsBlessing","Golden Idol","Tingsha","Gambling Chip","Pen Nib","Astrolabe","Shuriken","OrangePellets","Bag of Preparation","Bottled Flame","WristBlade","Incense Burner","Letter Opener","War Paint","Singing Bowl"],"potions_floor_usage":[48,48],"damage_taken":[{"damage":0.0,"enemies":"Cultist","floor":1.0,"turns":1.0},{"damage":0.0,"enemies":"2 Louse","floor":3.0,"turns":1.0},{"damage":0.0,"enemies":"Small Slimes","floor":5.0,"turns":1.0},{"damage":0.0,"enemies":"Blue Slaver","floor":7.0,"turns":5.0},{"damage":10.0,"enemies":"3 Sentries","floor":10.0,"turns":8.0},{"damage":3.0,"enemies":"Exordium Thugs","floor":11.0,"turns":3.0},{"damage":0.0,"enemies":"Large Slime","floor":12.0,"turns":4.0},{"damage":30.0,"enemies":"Hexaghost","floor":16.0,"turns":8.0},{"damage":25.0,"enemies":"Shell Parasite","floor":18.0,"turns":7.0},{"damage":0.0,"enemies":"Chosen","floor":21.0,"turns":3.0},{"damage":30.0,"enemies":"Slavers","floor":25.0,"turns":3.0},{"damage":17.0,"enemies":"Book of Stabbing","floor":28.0,"turns":3.0},{"damage":12.0,"enemies":"Snake Plant","floor":30.0,"turns":3.0},{"damage":5.0,"enemies":"Cultist and Chosen","floor":31.0,"turns":3.0},{"damage":42.0,"enemies":"Collector","floor":33.0,"turns":8.0},{"damage":6.0,"enemies":"3 Shapes","floor":35.0,"turns":11.0},{"damage":8.0,"enemies":"Mind Bloom Boss Battle","floor":37.0,"turns":8.0},{"damage":5.0,"enemies":"Orb Walker","floor":46.0,"turns":4.0},{"damage":61,"enemies":"Giant Head","floor":48,"turns":7}],"seed_played":"7634350364795581794","potions_obtained":[{"floor":1.0,"key":"SpeedPotion"},{"floor":10.0,"key":"Dexterity Potion"},{"floor":11.0,"key":"SpeedPotion"},{"floor":18.0,"key":"GhostInAJar"},{"floor":28.0,"key":"Regen Potion"},{"floor":33.0,"key":"PowerPotion"},{"floor":46.0,"key":"EssenceOfSteel"}],"is_trial":false,"path_per_floor":["M","?","M","?","M","R","M","R","T","E","M","M","$","T","R","B",null,"M","?","$","M","$","R","$","E","T","R","E","R","M","M","R","B",null,"M","$","?","T","?","R","?","$","T","R","T","M","R","E"],"character_chosen":"THE_SILENT","items_purchased":["Accuracy","Shuriken","OrangePellets","Apotheosis","Sadistic Nature"],"campfire_rested":5,"item_purchase_floors":[13,20,22,36,42],"current_hp_per_floor":[59,59,59,59,59,59,59,59,59,49,46,46,46,46,46,16,49,24,24,24,24,24,42,42,12,12,30,13,31,19,14,32,5,46,40,40,32,32,32,50,50,50,50,50,50,47,47,0],"gold":70,"neow_bonus":"THREE_ENEMY_KILL","is_prod":false,"is_daily":false,"chose_seed":false,"campfire_upgraded":4,"win_rate":0,"timestamp":1560297105,"path_taken":["M","?","M","?","?","R","M","R","T","E","M","M","$","?","R","BOSS","M","?","$","M","$","R","$","E","T","R","E","R","?","M","R","BOSS","M","$","?","?","?","R","?","$","T","R","?","M","R","E"],"build_version":"2019-01-23","purchased_purges":0,"victory":false,"max_hp_per_floor":[66,60,60,60,60,60,60,60,60,60,60,60,60,60,60,60,60,60,60,60,60,60,60,60,60,60,60,60,60,60,60,60,60,60,60,60,60,60,60,60,60,60,60,60,60,62,62,62],"card_choices":[{"not_picked":["Endless Agony","Slice"],"picked":"Quick Slash","floor":1.0},{"not_picked":["Blade Dance","Escape Plan"],"picked":"Noxious Fumes","floor":3.0},{"not_picked":["Tactician","Acrobatics"],"picked":"Cloak And Dagger","floor":5.0},{"not_picked":["Slice","Underhanded Strike"],"picked":"Bane","floor":7.0},{"not_picked":["Adrenaline","Dagger Throw"],"picked":"A Thousand Cuts","floor":10.0},{"not_picked":["Bane","Acrobatics"],"picked":"Cloak And Dagger","floor":11.0},{"not_picked":["PiercingWail","Dash"],"picked":"Infinite Blades","floor":12.0},{"not_picked":["A Thousand Cuts","Phantasmal Killer"],"picked":"Storm of Steel","floor":16.0},{"not_picked":["Prepared","Slice"],"picked":"Heel Hook","floor":18.0},{"not_picked":["Dagger Throw","Bouncing Flask"],"picked":"Dash","floor":21.0},{"not_picked":["Heel Hook","All Out Attack"],"picked":"Dash+1","floor":25.0},{"not_picked":["Blade Dance","Choke"],"picked":"Infinite Blades","floor":28.0},{"not_picked":["Sucker Punch","Finisher"],"picked":"Prepared","floor":30.0},{"not_picked":["Expertise","Acrobatics+1"],"picked":"Catalyst","floor":31.0},{"not_picked":["Grand Finale","Venomology"],"picked":"After Image","floor":33.0},{"not_picked":["Choke","Bane"],"picked":"Sucker Punch+1","floor":35.0},{"not_picked":["Blur","Acrobatics"],"picked":"Flying Knee+1","floor":37.0},{"not_picked":["Bouncing Flask","Quick Slash","Poisoned Stab+1"],"picked":"Singing Bowl","floor":46.0}],"player_experience":728792,"relics_obtained":[{"floor":9.0,"key":"Tingsha"},{"floor":10.0,"key":"Gambling Chip"},{"floor":14.0,"key":"Pen Nib"},{"floor":25.0,"key":"Bag of Preparation"},{"floor":28.0,"key":"Bottled Flame"},{"floor":37.0,"key":"Incense Burner"},{"floor":38.0,"key":"Letter Opener"},{"floor":43.0,"key":"War Paint"},{"floor":45.0,"key":"Singing Bowl"}],"event_choices":[{"damage_healed":0.0,"max_hp_gain":0.0,"max_hp_loss":6.0,"gold_gain":0.0,"event_name":"Golden Idol","player_choice":"Lose Max HP","floor":2.0,"gold_loss":0.0,"damage_taken":0.0,"relics_obtained":["Golden Idol"]},{"cards_removed":["Strike_G"],"damage_healed":0.0,"max_hp_gain":0.0,"max_hp_loss":0.0,"gold_gain":0.0,"event_name":"Bonfire Elementals","player_choice":"Offered Basic","floor":4.0,"gold_loss":0.0,"damage_taken":0.0},{"damage_healed":0.0,"max_hp_gain":0.0,"max_hp_loss":0.0,"gold_gain":200.0,"event_name":"Wheel of Change","player_choice":"Gold","floor":19.0,"gold_loss":0.0,"damage_taken":0.0},{"damage_healed":0.0,"max_hp_gain":0.0,"max_hp_loss":0.0,"gold_gain":0.0,"event_name":"MindBloom","player_choice":"Fight","floor":37.0,"gold_loss":0.0,"damage_taken":0.0},{"damage_healed":0.0,"max_hp_gain":0.0,"max_hp_loss":0.0,"gold_gain":0.0,"event_name":"Tomb of Lord Red Mask","player_choice":"Ignored","floor":39.0,"gold_loss":0.0,"damage_taken":0.0},{"cards_removed":["Strike_G"],"damage_healed":0.0,"max_hp_gain":0.0,"max_hp_loss":0.0,"gold_gain":0.0,"event_name":"Falling","player_choice":"Removed Attack","floor":41.0,"gold_loss":0.0,"damage_taken":0.0}],"is_beta":false,"boss_relics":[{"not_picked":["Velvet Choker","Tiny House"],"picked":"Astrolabe"},{"not_picked":["Cursed Key","HoveringKite"],"picked":"WristBlade"}],"items_purged_floors":[],"is_endless":false,"potions_floor_spawned":[1,10,11,12,16,18,28,33,46],"killed_by":"Giant Head","ascension_level":20}