{"gold_per_floor":[112,124,124,148,171,207,207,207,207,382,382,422,442,442,442,563,563,576,600,210,223,223,223],"floor_reached":23,"playtime":752,"items_purged":["Dark Embrace"],"score":211,"play_id":"d9cdc194-3120-4225-a90b-5a96c7f009a9","local_time":"20190219225806","is_ascension_mode":true,"campfire_choices":[{"floor":7,"key":"REST"},{"floor":11,"key":"REST"},{"floor":15,"key":"REST"}],"neow_cost":"NONE","seed_source_timestamp":509474695862915,"circlet_count":0,"master_deck":["Strike_R","Strike_R","Strike_R","Strike_R","Strike_R","Defend_R","Defend_R","Defend_R+1","Defend_R+1","Bash","Shrug It Off","Armaments","Flex","Body Slam","Rampage+1","Double Tap+1","Iron Wave+1","True Grit+1","Body Slam+1","Flex+1"],"relics":["Burning Blood","Golden Idol","Mummified Hand","Toxic Egg 2","Molten Egg 2","Fusion Hammer","Bottled Flame"],"potions_floor_usage":[16,16,23],"damage_taken":[{"damage":6,"enemies":"Cultist","floor":1,"turns":3},{"damage":0,"enemies":"2 Louse","floor":2,"turns":3},{"damage":17,"enemies":"Small Slimes","floor":4,"turns":4},{"damage":0,"enemies":"Exordium Wildlife","floor":5,"turns":4},{"damage":44,"enemies":"Lagavulin","floor":6,"turns":9},{"damage":30,"enemies":"Gremlin Nob","floor":12,"turns":4},{"damage":20,"enemies":"Large Slime","floor":13,"turns":10},{"damage":31,"enemies":"The Guardian","floor":16,"turns":12},{"damage":22,"enemies":"Shell Parasite","floor":18,"turns":6},{"damage":13,"enemies":"Spheric Guardian","floor":19,"turns":5},{"damage":31,"enemies":"Centurion and Healer","floor":21,"turns":9},{"damage":27,"enemies":"Gremlin Leader","floor":23,"turns":6}],"seed_played":"2651103151510855992","potions_obtained":[{"floor":4,"key":"SkillPotion"},{"floor":6,"key":"AttackPotion"},{"floor":21,"key":"SteroidPotion"}],"is_trial":false,"path_per_floor":["M","M","?","M","M","E","R","?","T","?","R","E","M","?","R","B",null,"M","M","$","M","?","E"],"character_chosen":"IRONCLAD","items_purchased":["Body Slam+1","Flex+1","Bottled Flame"],"campfire_rested":3,"item_purchase_floors":[20,20,20],"current_hp_per_floor":[80,80,74,63,69,31,53,38,38,38,60,36,22,15,37,12,74,58,51,51,26,26,0],"gold":223,"neow_bonus":"ONE_RANDOM_RARE_CARD","is_prod":false,"is_daily":false,"chose_seed":false,"campfire_upgraded":0,"win_rate":0,"timestamp":1550645886,"path_taken":["M","?","?","M","M","E","R","?","T","?","R","E","?","?","R","BOSS","M","M","$","M","?","E"],"build_version":"2019-01-23","purchased_purges":1,"victory":false,"max_hp_per_floor":[80,80,74,74,74,74,74,74,74,74,74,74,74,74,74,74,74,74,74,74,74,74,74],"card_choices":[{"not_picked":["Perfected Strike","Wild Strike"],"picked":"Shrug It Off","floor":1},{"not_picked":["Wild Strike","Twin Strike"],"picked":"Armaments","floor":2},{"not_picked":["Dual Wield","Wild Strike"],"picked":"Flex","floor":4},{"not_picked":["Wild Strike","Heavy Blade"],"picked":"Body Slam","floor":5},{"not_picked":["Wild Strike","Headbutt","Reckless Charge"],"picked":"SKIP","floor":6},{"not_picked":["Wild Strike","Clash","Perfected Strike"],"picked":"SKIP","floor":12},{"not_picked":["True Grit+1","Power Through+1"],"picked":"Rampage+1","floor":13},{"not_picked":["Demon Form","Limit Break+1"],"picked":"Double Tap+1","floor":16},{"not_picked":["Feel No Pain","Flex+1"],"picked":"Iron Wave+1","floor":18},{"not_picked":["Combust","Pummel+1"],"picked":"True Grit+1","floor":19},{"not_picked":["Wild Strike+1","Uppercut+1","Clash+1"],"picked":"SKIP","floor":21}],"player_experience":221231,"relics_obtained":[{"floor":6,"key":"Mummified Hand"},{"floor":9,"key":"Toxic Egg 2"},{"floor":12,"key":"Molten Egg 2"}],"event_choices":[{"damage_healed":0,"gold_gain":0,"player_choice":"Lose Max HP","damage_taken":0,"relics_obtained":["Golden Idol"],"max_hp_gain":0,"max_hp_loss":6,"event_name":"Golden Idol","floor":3,"gold_loss":0},{"damage_healed":0,"gold_gain":0,"player_choice":"Entered Light","damage_taken":15,"max_hp_gain":0,"max_hp_loss":0,"event_name":"Shining Light","floor":8,"gold_loss":0,"cards_upgraded":["Defend_R","Defend_R"]},{"damage_healed":0,"gold_gain":175,"player_choice":"AGREE","damage_taken":0,"max_hp_gain":0,"max_hp_loss":0,"event_name":"Liars Game","floor":10,"gold_loss":0,"cards_obtained":["Doubt"]},{"cards_removed":["Doubt"],"damage_healed":0,"gold_gain":0,"player_choice":"Card Removal","damage_taken":7,"max_hp_gain":0,"max_hp_loss":0,"event_name":"Golden Wing","floor":14,"gold_loss":0},{"damage_healed":0,"gold_gain":0,"player_choice":"Ignored","damage_taken":0,"max_hp_gain":0,"max_hp_loss":0,"event_name":"Vampires","floor":22,"gold_loss":0}],"is_beta":false,"boss_relics":[{"not_picked":["Coffee Dripper","Black Blood"],"picked":"Fusion Hammer"}],"items_purged_floors":[20],"is_endless":false,"potions_floor_spawned":[4,6,21],"killed_by":"Gremlin Leader","ascension_level":1}