{"gold_per_floor":[114,126,126,143,163,163,188,200,212,254,266,297,309,331,343,426,438,469,103,18,18,37,37,48,48,97,97,129,129,146,156,156,156],"floor_reached":33,"playtime":843,"items_purged":["Strike_R"],"score":579,"play_id":"41cdd144-d7f9-4174-8672-c5e3074507b4","local_time":"20190601180243","is_ascension_mode":true,"campfire_choices":[{"data":"Immolate","floor":6.0,"key":"SMITH"},{"floor":8.0,"key":"REST"},{"floor":15.0,"key":"REST"},{"data":"Uppercut","floor":23.0,"key":"SMITH"},{"data":"Double Tap","floor":25.0,"key":"SMITH"},{"data":"Shrug It Off","floor":27.0,"key":"SMITH"},{"data":"Inflame","floor":29.0,"key":"SMITH"},{"floor":32,"key":"REST"}],"neow_cost":"NONE","seed_source_timestamp":38061193967200,"circlet_count":0,"master_deck":["AscendersBane","Defend_R","Defend_R","Defend_R","Defend_R+1","Bash","Pommel Strike","Uppercut+1","Dropkick","Immolate+1","Burning Pact","Hemokinesis","Shrug It Off","Metallicize+1","Inflame+1","Battle Trance","Double Tap+1","Burning Pact","Shrug It Off+1","Bite","Bite","Bite","Bite","Bite","Twin Strike+1","Normality","Dropkick"],"special_seed":0,"relics":["Burning Blood","MawBank","Letter Opener","Torii","Cursed Key","Anchor","Smiling Mask","Oddly Smooth Stone","Strawberry"],"potions_floor_usage":[31],"damage_taken":[{"damage":6.0,"enemies":"Cultist","floor":1.0,"turns":3.0},{"damage":11.0,"enemies":"Jaw Worm","floor":2.0,"turns":4.0},{"damage":10.0,"enemies":"Small Slimes","floor":4.0,"turns":3.0},{"damage":12.0,"enemies":"Looter","floor":5.0,"turns":3.0},{"damage":38.0,"enemies":"Lagavulin","floor":7.0,"turns":6.0},{"damage":32.0,"enemies":"Gremlin Nob","floor":10.0,"turns":4.0},{"damage":0.0,"enemies":"3 Louse","floor":12.0,"turns":1.0},{"damage":17.0,"enemies":"Exordium Thugs","floor":14.0,"turns":3.0},{"damage":37.0,"enemies":"Slime Boss","floor":16.0,"turns":7.0},{"damage":28.0,"enemies":"Chosen","floor":18.0,"turns":6.0},{"damage":10.0,"enemies":"2 Thieves","floor":22.0,"turns":4.0},{"damage":8.0,"enemies":"Snecko","floor":24.0,"turns":5.0},{"damage":28.0,"enemies":"Slavers","floor":28.0,"turns":5.0},{"damage":26.0,"enemies":"Snake Plant","floor":30.0,"turns":4.0},{"damage":26,"enemies":"Centurion and Healer","floor":31,"turns":5},{"damage":95,"enemies":"Collector","floor":33,"turns":7}],"seed_played":"96013467776401997","potions_obtained":[{"floor":2.0,"key":"SteroidPotion"},{"floor":5.0,"key":"FairyPotion"},{"floor":24.0,"key":"Block Potion"},{"floor":30.0,"key":"Regen Potion"}],"is_trial":false,"path_per_floor":["M","M","?","M","M","R","E","R","T","E","?","M","?","M","R","B",null,"M","$","?","?","M","R","M","R","T","R","E","R","M","M","R","B"],"character_chosen":"IRONCLAD","items_purchased":["Anchor","Shrug It Off","Fruit Juice"],"campfire_rested":3,"item_purchase_floors":[19,19,19],"current_hp_per_floor":[75,70,70,66,60,60,28,52,52,26,53,59,34,23,47,16,66,44,44,44,44,49,49,53,53,53,53,48,48,34,36,56,0],"gold":156,"neow_bonus":"TEN_PERCENT_HP_BONUS","is_prod":false,"is_daily":false,"chose_seed":false,"campfire_upgraded":5,"win_rate":0,"timestamp":1559408563,"path_taken":["M","M","?","M","?","R","E","R","T","E","?","M","?","M","R","BOSS","M","$","?","?","M","R","M","R","T","R","E","R","M","?","R","BOSS"],"build_version":"2019-01-23","purchased_purges":1,"victory":false,"max_hp_per_floor":[82,82,82,82,82,82,82,82,82,82,82,82,82,82,82,82,82,82,82,82,57,62,62,62,62,62,62,69,69,69,69,69,69],"card_choices":[{"not_picked":["Havoc","Sword Boomerang"],"picked":"Pommel Strike","floor":1.0},{"not_picked":["Rupture","Body Slam"],"picked":"Uppercut","floor":2.0},{"not_picked":["Clash","Clothesline"],"picked":"Burning Pact","floor":4.0},{"not_picked":["Warcry","Rage"],"picked":"Hemokinesis","floor":5.0},{"not_picked":["Rage","Searing Blow"],"picked":"Shrug It Off","floor":7.0},{"not_picked":["Ghostly Armor","Exhume"],"picked":"Metallicize","floor":10.0},{"not_picked":["Warcry","Carnage"],"picked":"Inflame","floor":12.0},{"not_picked":["Burning Pact","Thunderclap"],"picked":"Battle Trance","floor":14.0},{"not_picked":["Immolate","Feed"],"picked":"Double Tap","floor":16.0},{"not_picked":["Anger","Heavy Blade+1"],"picked":"Burning Pact","floor":18.0},{"not_picked":["Uppercut","Thunderclap+1"],"picked":"Twin Strike+1","floor":22.0},{"not_picked":["Burning Pact","Uppercut","Carnage"],"picked":"SKIP","floor":24.0},{"not_picked":["Rampage","Body Slam"],"picked":"Dropkick","floor":28.0},{"not_picked":["Reckless Charge+1","Anger","Wild Strike"],"picked":"SKIP","floor":30.0},{"not_picked":["Flex","Brutality","Evolve"],"picked":"SKIP","floor":31}],"player_experience":1420117,"relics_obtained":[{"floor":7.0,"key":"MawBank"},{"floor":9.0,"key":"Letter Opener"},{"floor":10.0,"key":"Torii"},{"floor":26.0,"key":"Oddly Smooth Stone"},{"floor":28.0,"key":"Strawberry"}],"event_choices":[{"damage_healed":0.0,"max_hp_gain":0.0,"max_hp_loss":0.0,"gold_gain":0.0,"event_name":"Match and Keep!","player_choice":"2 cards matched","floor":3.0,"gold_loss":0.0,"damage_taken":0.0,"cards_obtained":["Dropkick","Immolate"]},{"damage_healed":27.0,"max_hp_gain":0.0,"max_hp_loss":0.0,"gold_gain":0.0,"event_name":"Big Fish","player_choice":"Banana","floor":11.0,"gold_loss":0.0,"damage_taken":0.0},{"damage_healed":0.0,"max_hp_gain":0.0,"max_hp_loss":0.0,"gold_gain":0.0,"event_name":"Shining Light","player_choice":"Entered Light","floor":13.0,"gold_loss":0.0,"damage_taken":25.0,"cards_upgraded":["Defend_R","Metallicize"]},{"damage_healed":0.0,"max_hp_gain":0.0,"max_hp_loss":0.0,"gold_gain":0.0,"event_name":"Addict","player_choice":"Obtained Relic","floor":20.0,"gold_loss":85.0,"damage_taken":0.0,"relics_obtained":["Smiling Mask"]},{"damage_healed":0.0,"max_hp_gain":0.0,"max_hp_loss":25.0,"gold_gain":0.0,"event_name":"Vampires","player_choice":"Became a vampire","floor":21.0,"gold_loss":0.0,"damage_taken":0.0,"cards_obtained":["Bite","Bite","Bite","Bite","Bite"]}],"is_beta":false,"boss_relics":[{"not_picked":["Sozu","Orrery"],"picked":"Cursed Key"}],"items_purged_floors":[19],"is_endless":false,"potions_floor_spawned":[2,5,7,10,14,24,30],"killed_by":"Collector","ascension_level":20}