{"gold_per_floor":[113,113,33,33,33,33,63,63,88,101,26,41,61,87,87,166,166,166,79,79,39,39,39,39,39,39,39],"floor_reached":27,"playtime":724,"items_purged":["Strike_R"],"score":482,"play_id":"ea53267d-4268-4fed-ab6f-4a9e3cd433be","local_time":"20190524204754","is_ascension_mode":true,"campfire_choices":[{"data":"Bash","floor":6.0,"key":"SMITH"},{"data":"Bludgeon","floor":8.0,"key":"SMITH"},{"floor":15.0,"key":"REST"},{"data":"Barricade","floor":23.0,"key":"SMITH"}],"neow_cost":"PERCENT_DAMAGE","seed_source_timestamp":266707864919800,"circlet_count":0,"master_deck":["AscendersBane","Strike_R+1","Strike_R+1","Strike_R","Defend_R","Defend_R","Defend_R","Defend_R","Bash+1","Double Tap","Carnage","Rampage","Bludgeon+1","Whirlwind","True Grit","Bloodletting","Pummel","Barricade+1","Inflame","Flame Barrier","Spot Weakness"],"special_seed":0,"relics":["Burning Blood","Sundial","Oddly Smooth Stone","Whetstone","Ectoplasm","Pocketwatch","Paper Frog"],"potions_floor_usage":[24,25],"damage_taken":[{"damage":14.0,"enemies":"Jaw Worm","floor":1.0,"turns":4.0},{"damage":32.0,"enemies":"Gremlin Nob","floor":7.0,"turns":4.0},{"damage":6.0,"enemies":"Small Slimes","floor":10.0,"turns":2.0},{"damage":2.0,"enemies":"2 Louse","floor":12.0,"turns":3.0},{"damage":7.0,"enemies":"Exordium Wildlife","floor":13.0,"turns":3.0},{"damage":27.0,"enemies":"3 Sentries","floor":14.0,"turns":7.0},{"damage":37.0,"enemies":"Hexaghost","floor":16.0,"turns":9.0},{"damage":20.0,"enemies":"3 Byrds","floor":18.0,"turns":7.0},{"damage":11.0,"enemies":"2 Thieves","floor":21.0,"turns":3.0},{"damage":8.0,"enemies":"Centurion and Healer","floor":22.0,"turns":6.0},{"damage":12,"enemies":"Cultist and Chosen","floor":24,"turns":3},{"damage":23,"enemies":"Slavers","floor":25,"turns":4},{"damage":31,"enemies":"Shelled Parasite and Fungi","floor":27,"turns":1}],"seed_played":"-4852447214199473989","potions_obtained":[{"floor":7.0,"key":"PowerPotion"},{"floor":12.0,"key":"Strength Potion"},{"floor":14.0,"key":"Strength Potion"},{"floor":22.0,"key":"Fire Potion"},{"floor":24,"key":"Fire Potion"}],"is_trial":false,"path_per_floor":["M","?","$","?","?","R","E","R","T","M","$","M","M","E","R","B",null,"M","$","?","M","M","R","M","E","T","M"],"character_chosen":"IRONCLAD","items_purchased":["Rampage","Inflame"],"campfire_rested":1,"item_purchase_floors":[3,19],"current_hp_per_floor":[42,35,35,35,60,60,34,34,34,34,34,38,37,16,38,7,58,44,44,37,32,30,30,24,7,7,0],"gold":39,"neow_bonus":"THREE_RARE_CARDS","is_prod":false,"is_daily":false,"chose_seed":false,"campfire_upgraded":3,"win_rate":0,"timestamp":1558727274,"path_taken":["M","?","$","?","?","R","E","R","T","M","$","M","?","E","R","BOSS","M","$","?","M","M","R","M","E","T","?"],"build_version":"2019-01-23","purchased_purges":1,"victory":false,"max_hp_per_floor":[75,75,75,75,75,75,75,75,75,75,75,75,75,75,75,75,75,75,75,75,75,75,75,75,75,75,75],"card_choices":[{"not_picked":["Reaper","Barricade"],"picked":"Double Tap","floor":0.0},{"not_picked":["Armaments","Cleave"],"picked":"Carnage","floor":1.0},{"not_picked":["Havoc","Feel No Pain"],"picked":"Bludgeon","floor":7.0},{"not_picked":["Iron Wave","Warcry"],"picked":"Whirlwind","floor":10.0},{"not_picked":["Iron Wave","Sword Boomerang"],"picked":"True Grit","floor":12.0},{"not_picked":["Havoc","Entrench"],"picked":"Bloodletting","floor":13.0},{"not_picked":["Cleave","Flex"],"picked":"Pummel","floor":14.0},{"not_picked":["Double Tap","Brutality"],"picked":"Barricade","floor":16.0},{"not_picked":["Warcry","Cleave","Evolve"],"picked":"SKIP","floor":18.0},{"not_picked":["Searing Blow","Thunderclap","Iron Wave"],"picked":"SKIP","floor":21.0},{"not_picked":["Warcry","Thunderclap","True Grit"],"picked":"SKIP","floor":22.0},{"not_picked":["Demon Form","Disarm"],"picked":"Flame Barrier","floor":24},{"not_picked":["Heavy Blade+1","Warcry"],"picked":"Spot Weakness","floor":25}],"player_experience":1393703,"relics_obtained":[{"floor":7.0,"key":"Sundial"},{"floor":9.0,"key":"Oddly Smooth Stone"},{"floor":14.0,"key":"Whetstone"},{"floor":25,"key":"Pocketwatch"},{"floor":26,"key":"Paper Frog"}],"event_choices":[{"cards_removed":["Strike_R"],"damage_healed":0.0,"max_hp_gain":0.0,"max_hp_loss":0.0,"gold_gain":0.0,"event_name":"Golden Wing","player_choice":"Card Removal","floor":2.0,"gold_loss":0.0,"damage_taken":7.0},{"damage_healed":0.0,"max_hp_gain":0.0,"max_hp_loss":0.0,"gold_gain":0.0,"event_name":"Scrap Ooze","player_choice":"Fled","floor":4.0,"gold_loss":0.0,"damage_taken":0.0},{"damage_healed":25.0,"max_hp_gain":0.0,"max_hp_loss":0.0,"gold_gain":0.0,"event_name":"Big Fish","player_choice":"Banana","floor":5.0,"gold_loss":0.0,"damage_taken":0.0},{"damage_healed":0.0,"max_hp_gain":0.0,"max_hp_loss":0.0,"gold_gain":0.0,"event_name":"Knowing Skull","player_choice":"","floor":20.0,"potions_obtained":[],"gold_loss":0.0,"damage_taken":7.0,"cards_obtained":[]}],"is_beta":false,"boss_relics":[{"not_picked":["Runic Cube","Runic Dome"],"picked":"Ectoplasm"}],"items_purged_floors":[11],"is_endless":false,"potions_floor_spawned":[7,12,13,14,18,22,24],"killed_by":"Shelled Parasite and Fungi","ascension_level":20}