{"gold_per_floor":[118,136,154,71,71,100,100,123,123,148,148,180,200,218,218,218],"floor_reached":16,"playtime":756,"items_purged":[],"score":220,"play_id":"525f2ab5-ac1d-48cd-bc97-c00841f63e51","local_time":"20190226171120","is_ascension_mode":true,"campfire_choices":[{"floor":7,"key":"REST"},{"floor":11,"key":"REST"},{"floor":15,"key":"REST"}],"neow_cost":"NONE","seed_source_timestamp":58418117409700,"circlet_count":0,"master_deck":["AscendersBane","Defend_G","Defend_G","Defend_G","Defend_G","Defend_G","Strike_G","Strike_G","Strike_G","Strike_G","Strike_G","Survivor","Neutralize","Dagger Spray","Crippling Poison","Cloak And Dagger","Glass Knife","Poisoned Stab","Backflip","Adrenaline","Regret","Venomology","Dash","Sucker Punch","Cloak And Dagger"],"relics":["Orrery","Incense Burner","Centennial Puzzle","Odd Mushroom","WingedGreaves","Vajra","Ancient Tea Set"],"potions_floor_usage":[6,8,12,14,16,16,16],"damage_taken":[{"damage":0,"enemies":"Cultist","floor":1,"turns":4},{"damage":3,"enemies":"Small Slimes","floor":2,"turns":4},{"damage":0,"enemies":"2 Louse","floor":3,"turns":2},{"damage":51,"enemies":"Lagavulin","floor":6,"turns":6},{"damage":5,"enemies":"The Mushroom Lair","floor":8,"turns":4},{"damage":19,"enemies":"3 Sentries","floor":12,"turns":9},{"damage":6,"enemies":"Blue Slaver","floor":13,"turns":4},{"damage":9,"enemies":"Red Slaver","floor":14,"turns":3},{"damage":26,"enemies":"Hexaghost","floor":16,"turns":14}],"seed_played":"86715385478929545","potions_obtained":[{"floor":1,"key":"Strength Potion"},{"floor":8,"key":"Block Potion"}],"is_trial":false,"path_per_floor":["M","M","M","$","?","E","R","?","T","T","R","E","M","M","R","B"],"character_chosen":"THE_SILENT","items_purchased":["Adrenaline"],"campfire_rested":3,"item_purchase_floors":[4],"current_hp_per_floor":[59,56,56,56,56,5,24,19,19,19,38,19,13,4,23,0],"gold":218,"neow_bonus":"BOSS_RELIC","is_prod":false,"is_daily":false,"chose_seed":false,"campfire_upgraded":0,"win_rate":0,"timestamp":1551229880,"path_taken":["M","?","M","$","?","E","R","?","T","?","R","E","M","?","R","BOSS"],"build_version":"2019-01-23","purchased_purges":0,"victory":false,"max_hp_per_floor":[66,66,66,66,66,66,66,66,66,66,66,66,66,66,66,66],"card_choices":[{"not_picked":["Distraction","Dagger Throw"],"picked":"Dagger Spray","floor":0},{"not_picked":["Eviscerate","Dagger Spray"],"picked":"Crippling Poison","floor":0},{"not_picked":["Escape Plan","Blade Dance"],"picked":"Cloak And Dagger","floor":0},{"not_picked":["Outmaneuver","PiercingWail"],"picked":"Glass Knife","floor":0},{"not_picked":["Deflect","Calculated Gamble"],"picked":"Poisoned Stab","floor":0},{"not_picked":["Dagger Spray","Acrobatics","Underhanded Strike"],"picked":"SKIP","floor":1},{"not_picked":["Choke","Quick Slash","Dagger Throw"],"picked":"SKIP","floor":2},{"not_picked":["Eviscerate","Predator"],"picked":"Backflip","floor":3},{"not_picked":["Catalyst","Dagger Throw"],"picked":"Venomology","floor":6},{"not_picked":["PiercingWail","Underhanded Strike"],"picked":"Dash","floor":8},{"not_picked":["Blade Dance","Predator"],"picked":"Sucker Punch","floor":12},{"not_picked":["PiercingWail","Underhanded Strike"],"picked":"Cloak And Dagger","floor":13},{"not_picked":["Prepared","Leg Sweep","Underhanded Strike"],"picked":"SKIP","floor":14}],"player_experience":1206891,"relics_obtained":[{"floor":6,"key":"Centennial Puzzle"},{"floor":8,"key":"Odd Mushroom"},{"floor":9,"key":"WingedGreaves"},{"floor":10,"key":"Vajra"},{"floor":12,"key":"Ancient Tea Set"}],"event_choices":[{"damage_healed":0,"gold_gain":0,"player_choice":"Box","damage_taken":0,"relics_obtained":["Incense Burner"],"max_hp_gain":0,"max_hp_loss":0,"event_name":"Big Fish","floor":5,"gold_loss":0,"cards_obtained":["Regret"]},{"damage_healed":0,"gold_gain":0,"player_choice":"Fought Mushrooms","damage_taken":0,"max_hp_gain":0,"max_hp_loss":0,"event_name":"Mushrooms","floor":8,"gold_loss":0}],"is_beta":false,"boss_relics":[],"items_purged_floors":[],"is_endless":false,"potions_floor_spawned":[1,8,14],"killed_by":"Hexaghost","ascension_level":20}