{"gold_per_floor":[118,70,80,12,31,31,51,51,51,84,95,95,95,112,112,207,207,222,222,239,239,249,249],"floor_reached":23,"playtime":1083,"items_purged":[],"score":280,"play_id":"40b5e55f-f05a-44c9-ae83-84263fec54e0","local_time":"20190630161050","is_ascension_mode":true,"campfire_choices":[{"data":"Armaments","floor":6,"key":"SMITH"},{"data":"Clothesline","floor":8,"key":"SMITH"},{"floor":12,"key":"REST"},{"data":"Shockwave","floor":15,"key":"SMITH"}],"neow_cost":"NONE","seed_source_timestamp":71646865999340,"circlet_count":0,"master_deck":["Strike_R","Strike_R","Strike_R","Defend_R","Defend_R","Defend_R","Defend_R","Bash+1","Clothesline+1","Iron Wave","Armaments+1","Headbutt","Shrug It Off","Shockwave+1","Cleave","Barricade","Whirlwind+1","True Grit","Infernal Blade","Ghostly Armor"],"relics":["Burning Blood","Pear","Potion Belt","Orichalcum","Eternal Feather"],"potions_floor_usage":[10,16,20,23,23],"damage_taken":[{"damage":0,"enemies":"Cultist","floor":1,"turns":4},{"damage":4,"enemies":"Jaw Worm","floor":3,"turns":4},{"damage":10,"enemies":"2 Louse","floor":5,"turns":4},{"damage":11,"enemies":"Exordium Wildlife","floor":7,"turns":5},{"damage":25,"enemies":"Lagavulin","floor":10,"turns":7},{"damage":7,"enemies":"Large Slime","floor":11,"turns":9},{"damage":6,"enemies":"Looter","floor":14,"turns":3},{"damage":71,"enemies":"The Guardian","floor":16,"turns":18},{"damage":19,"enemies":"2 Thieves","floor":18,"turns":5},{"damage":17,"enemies":"Chosen","floor":20,"turns":7},{"damage":33,"enemies":"Shelled Parasite and Fungi","floor":22,"turns":18},{"damage":56,"enemies":"Book of Stabbing","floor":23,"turns":9}],"seed_played":"6933686560321518554","potions_obtained":[{"floor":5,"key":"Block Potion"},{"floor":7,"key":"SkillPotion"},{"floor":10,"key":"Block Potion"},{"floor":14,"key":"SpeedPotion"},{"floor":20,"key":"Swift Potion"}],"is_trial":false,"path_per_floor":["M","$","M","?","M","R","M","R","T","E","M","R","?","M","R","B",null,"M","?","M","?","M","E"],"character_chosen":"IRONCLAD","items_purchased":["Iron Wave"],"campfire_rested":1,"item_purchase_floors":[2],"current_hp_per_floor":[78,78,80,90,86,86,81,81,81,62,61,88,88,88,88,23,73,60,90,79,79,52,0],"gold":249,"neow_bonus":"UPGRADE_CARD","is_prod":false,"is_daily":false,"chose_seed":false,"campfire_upgraded":3,"win_rate":0,"timestamp":1561882250,"path_taken":["M","$","?","?","M","R","?","R","T","E","M","R","?","M","R","BOSS","M","?","M","?","M","E"],"build_version":"2019-01-23","purchased_purges":0,"victory":false,"max_hp_per_floor":[80,80,80,90,90,90,90,90,90,90,90,90,90,90,90,90,90,90,90,90,90,90,90],"card_choices":[{"not_picked":["Havoc","Hemokinesis"],"picked":"Clothesline","floor":1},{"not_picked":["Shrug It Off","Iron Wave"],"picked":"Armaments","floor":3},{"not_picked":["Iron Wave","Clothesline"],"picked":"Headbutt","floor":5},{"not_picked":["Perfected Strike","Wild Strike","Armaments"],"picked":"SKIP","floor":7},{"not_picked":["Second Wind","Fire Breathing"],"picked":"Shrug It Off","floor":10},{"not_picked":["Burning Pact","Havoc"],"picked":"Shockwave","floor":11},{"not_picked":["Pommel Strike","Sword Boomerang"],"picked":"Cleave","floor":14},{"not_picked":["Dark Embrace","Limit Break"],"picked":"Barricade","floor":16},{"not_picked":["Combust+1","Headbutt"],"picked":"Whirlwind+1","floor":18},{"not_picked":["Pommel Strike","Cleave"],"picked":"True Grit","floor":20},{"not_picked":["Shrug It Off+1","Armaments","Bloodletting"],"picked":"SKIP","floor":22}],"player_experience":1019840,"relics_obtained":[{"floor":9,"key":"Potion Belt"},{"floor":10,"key":"Orichalcum"}],"event_choices":[{"damage_healed":0,"gold_gain":0,"player_choice":"Paid Gold","damage_taken":0,"relics_obtained":["Pear"],"max_hp_gain":0,"max_hp_loss":0,"event_name":"WeMeetAgain","floor":4,"gold_loss":68},{"damage_healed":0,"gold_gain":0,"player_choice":"Ignored","damage_taken":0,"max_hp_gain":0,"max_hp_loss":0,"event_name":"Liars Game","floor":13,"gold_loss":0},{"damage_healed":30,"gold_gain":0,"player_choice":"Heal","damage_taken":0,"max_hp_gain":0,"max_hp_loss":0,"event_name":"The Library","floor":19,"gold_loss":0},{"damage_healed":0,"gold_gain":0,"cards_transformed":["Strike_R","Strike_R"],"player_choice":"Became Test Subject","damage_taken":0,"max_hp_gain":0,"max_hp_loss":0,"event_name":"Drug Dealer","floor":21,"gold_loss":0,"cards_obtained":["Infernal Blade","Ghostly Armor"]}],"is_beta":false,"boss_relics":[{"not_picked":["Black Star","Lizard Tail"],"picked":"Eternal Feather"}],"items_purged_floors":[],"is_endless":false,"potions_floor_spawned":[5,7,10,14,20],"killed_by":"Book of Stabbing","ascension_level":9}