{"gold_per_floor":[111,131,149,161,161,161,194,194,194,194,126,126,142,197,197,197],"floor_reached":16,"playtime":560,"items_purged":[],"score":170,"play_id":"48698eed-ff11-433e-b7eb-3faff6ebe646","local_time":"20180728214941","is_ascension_mode":true,"campfire_choices":[{"floor":6,"key":"REST"},{"floor":8,"key":"REST"},{"floor":10,"key":"REST"},{"data":"Zap","floor":12,"key":"SMITH"},{"floor":15,"key":"REST"}],"neow_cost":"NONE","seed_source_timestamp":1818797186806861,"circlet_count":0,"master_deck":["Strike_B","Strike_B","Strike_B","Strike_B","Defend_B","Defend_B","Defend_B","Defend_B","Zap+1","Dualcast","AscendersBane","Hologram","Sweeping Beam","Compile Driver","Conserve Battery","Rebound","Defragment","Reinforced Body"],"relics":["Cracked Core","Shuriken","Calipers","Sundial"],"potions_floor_usage":[],"damage_taken":[{"damage":5,"enemies":"Cultist","floor":1,"turns":4},{"damage":1,"enemies":"2 Louse","floor":2,"turns":3},{"damage":9,"enemies":"Jaw Worm","floor":3,"turns":4},{"damage":29,"enemies":"Lots of Slimes","floor":4,"turns":5},{"damage":36,"enemies":"3 Sentries","floor":7,"turns":9},{"damage":0,"enemies":"2 Fungi Beasts","floor":13,"turns":2},{"damage":44,"enemies":"Lagavulin Event","floor":14,"turns":6},{"damage":29,"enemies":"Hexaghost","floor":16,"turns":9}],"seed_played":"-3772894475479626247","potions_obtained":[{"floor":3,"key":"SkillPotion"},{"floor":13,"key":"SkillPotion"}],"is_trial":false,"path_per_floor":["M","M","M","M","$","R","E","R","T","R","$","R","M","?","R"],"character_chosen":"DEFECT","items_purchased":["Defragment"],"campfire_rested":4,"item_purchase_floors":[11],"current_hp_per_floor":[59,58,49,20,20,41,5,26,26,47,47,47,47,3,24,0],"gold":197,"neow_bonus":"THREE_CARDS","is_prod":false,"is_daily":false,"chose_seed":false,"campfire_upgraded":1,"win_rate":0,"timestamp":1532828981,"path_taken":["M","M","M","?","$","R","E","R","T","R","$","R","M","?","R","BOSS"],"build_version":"2018-07-26","purchased_purges":0,"victory":false,"max_hp_per_floor":[71,71,71,71,71,71,71,71,71,71,71,71,71,71,71,71],"card_choices":[{"not_picked":["Undo","Rebound"],"picked":"Hologram","floor":1},{"not_picked":["Lockon","Steam"],"picked":"Sweeping Beam","floor":2},{"not_picked":["Steam","Rebound"],"picked":"Compile Driver","floor":3},{"not_picked":["Stack","Compile Driver"],"picked":"Conserve Battery","floor":4},{"not_picked":["Machine Learning","Blizzard"],"picked":"Rebound","floor":7},{"not_picked":["Rebound","Darkness","Streamline"],"picked":"SKIP","floor":13},{"not_picked":["Beam Cell","Gash"],"picked":"Reinforced Body","floor":14}],"player_experience":180481,"relics_obtained":[{"floor":7,"key":"Shuriken"},{"floor":9,"key":"Calipers"}],"event_choices":[{"event_name":"Dead Adventurer","player_choice":"Searched \u00273\u0027 times","floor":14,"damage_taken":0}],"is_beta":false,"boss_relics":[],"items_purged_floors":[],"is_endless":false,"potions_floor_spawned":[3,13,14],"killed_by":"Hexaghost","ascension_level":14}