{"gold_per_floor":[99,99,99,99,99,99,99,99,99,24,24,24,24,24,24,24,24,24,24,0,0,0,0,0,0],"floor_reached":25,"playtime":975,"items_purged":["Pain"],"score":430,"play_id":"5b73b034-735f-4f53-825e-14cc7f430681","local_time":"20190612104927","is_ascension_mode":true,"campfire_choices":[{"floor":7.0,"key":"REST"},{"floor":11.0,"key":"REST"},{"data":"Infinite Blades","floor":15.0,"key":"SMITH"},{"data":"Wraith Form v2","floor":23,"key":"SMITH"}],"neow_cost":"NONE","seed_source_timestamp":5794487221200,"circlet_count":0,"master_deck":["AscendersBane","Defend_G","Defend_G","Defend_G","Defend_G","Defend_G","Strike_G","Strike_G","Strike_G","Survivor","Neutralize","Flying Knee","Blade Dance","Bouncing Flask","Infinite Blades+1","Dagger Throw","Leg Sweep","Predator","Wraith Form v2+1","Backflip","Leg Sweep","Footwork","Distraction","Cloak And Dagger"],"special_seed":0,"relics":["Ectoplasm","WarpedTongs","Mercury Hourglass","Regal Pillow","Matryoshka","Eternal Feather"],"potions_floor_usage":[25],"damage_taken":[{"damage":0.0,"enemies":"Cultist","floor":1.0,"turns":5.0},{"damage":4.0,"enemies":"2 Louse","floor":2.0,"turns":3.0},{"damage":9.0,"enemies":"Jaw Worm","floor":3.0,"turns":4.0},{"damage":7.0,"enemies":"Blue Slaver","floor":4.0,"turns":3.0},{"damage":34.0,"enemies":"3 Sentries","floor":6.0,"turns":9.0},{"damage":17.0,"enemies":"Lagavulin","floor":8.0,"turns":4.0},{"damage":2.0,"enemies":"2 Fungi Beasts","floor":13.0,"turns":3.0},{"damage":27.0,"enemies":"Slime Boss","floor":16.0,"turns":7.0},{"damage":1.0,"enemies":"Chosen","floor":18.0,"turns":5.0},{"damage":21.0,"enemies":"2 Thieves","floor":20.0,"turns":5.0},{"damage":1.0,"enemies":"Sentry and Sphere","floor":21.0,"turns":6.0},{"damage":11,"enemies":"Shelled Parasite and Fungi","floor":22,"turns":9},{"damage":11,"enemies":"Chosen and Byrds","floor":24,"turns":8},{"damage":21,"enemies":"Book of Stabbing","floor":25,"turns":7}],"seed_played":"2353881687368813986","potions_obtained":[{"floor":1.0,"key":"Dexterity Potion"},{"floor":3.0,"key":"EssenceOfSteel"},{"floor":6.0,"key":"Poison Potion"},{"floor":20.0,"key":"SkillPotion"}],"is_trial":false,"path_per_floor":["M","M","M","M","?","E","R","E","T","$","R","?","M","$","R","B",null,"M","?","M","M","M","R","M","E"],"character_chosen":"THE_SILENT","items_purchased":[],"campfire_rested":2,"item_purchase_floors":[],"current_hp_per_floor":[59,55,46,39,39,5,24,7,7,7,41,41,39,39,39,12,53,52,52,31,30,19,31,20,0],"gold":0,"neow_bonus":"BOSS_RELIC","is_prod":false,"is_daily":false,"chose_seed":false,"campfire_upgraded":2,"win_rate":0,"timestamp":1560332967,"path_taken":["M","M","M","M","?","E","R","E","T","?","R","?","M","$","R","BOSS","M","?","M","?","M","R","M","E"],"build_version":"2019-01-23","purchased_purges":1,"victory":false,"max_hp_per_floor":[66,66,66,66,66,66,66,66,66,66,66,66,66,66,66,66,66,66,66,66,66,66,66,66,66],"card_choices":[{"not_picked":["Accuracy","Bane"],"picked":"Flying Knee","floor":1.0},{"not_picked":["Dodge and Roll","Well Laid Plans"],"picked":"Blade Dance","floor":2.0},{"not_picked":["Deadly Poison","Riddle With Holes"],"picked":"Bouncing Flask","floor":3.0},{"not_picked":["Dagger Throw","Setup"],"picked":"Infinite Blades","floor":4.0},{"not_picked":["Outmaneuver","Concentrate"],"picked":"Dagger Throw","floor":6.0},{"not_picked":["Calculated Gamble","Caltrops"],"picked":"Leg Sweep","floor":8.0},{"not_picked":["Blade Dance","Terror"],"picked":"Predator","floor":13.0},{"not_picked":["Venomology","Phantasmal Killer"],"picked":"Wraith Form v2","floor":16.0},{"not_picked":["Underhanded Strike","Cloak And Dagger"],"picked":"Backflip","floor":18.0},{"not_picked":["Outmaneuver","Heel Hook"],"picked":"Footwork","floor":20.0},{"not_picked":["Calculated Gamble","Flechettes"],"picked":"Distraction","floor":21.0},{"not_picked":["Bane","PiercingWail"],"picked":"Cloak And Dagger","floor":22},{"not_picked":["Bane","Poisoned Stab","Infinite Blades"],"picked":"SKIP","floor":24}],"player_experience":1452039,"relics_obtained":[{"floor":6.0,"key":"Mercury Hourglass"},{"floor":8.0,"key":"Regal Pillow"},{"floor":9.0,"key":"Matryoshka"}],"event_choices":[{"damage_healed":0.0,"max_hp_gain":0.0,"max_hp_loss":0.0,"gold_gain":0.0,"event_name":"Accursed Blacksmith","player_choice":"Rummage","floor":5.0,"gold_loss":0.0,"damage_taken":0.0,"relics_obtained":["WarpedTongs"],"cards_obtained":["Pain"]},{"cards_removed":["Strike_G"],"damage_healed":0.0,"max_hp_gain":0.0,"max_hp_loss":0.0,"gold_gain":0.0,"event_name":"Living Wall","player_choice":"Forget","floor":12.0,"gold_loss":0.0,"damage_taken":0.0},{"damage_healed":0.0,"max_hp_gain":0.0,"max_hp_loss":0.0,"gold_gain":0.0,"cards_transformed":["Strike_G"],"event_name":"Transmorgrifier","player_choice":"Transformed","floor":19.0,"gold_loss":0.0,"damage_taken":0.0,"cards_obtained":["Leg Sweep"]}],"is_beta":false,"boss_relics":[{"not_picked":["Calling Bell","Pandora\u0027s Box"],"picked":"Eternal Feather"}],"items_purged_floors":[10],"is_endless":false,"potions_floor_spawned":[1,3,6,20,22],"killed_by":"Book of Stabbing","ascension_level":20}