{"gold_per_floor":[118,133,146,65,1,1,35,35,35,64,24],"floor_reached":11,"playtime":451,"items_purged":[],"score":162,"play_id":"2563b1cf-b499-4814-90f3-a9f7afd0685b","local_time":"20190419111408","is_ascension_mode":true,"campfire_choices":[{"data":"Rip and Tear","floor":6,"key":"SMITH"},{"floor":8,"key":"REST"}],"neow_cost":"NONE","seed_source_timestamp":774383475421800,"circlet_count":0,"master_deck":["AscendersBane","Strike_B","Strike_B","Strike_B","Strike_B","Defend_B","Defend_B","Defend_B","Defend_B","Zap","Dualcast","Beam Cell","Hologram","Go for the Eyes","Rip and Tear+1","Leap","Rip and Tear"],"relics":["Cracked Core","Oddly Smooth Stone","Pear","Blue Candle","Orichalcum"],"potions_floor_usage":[],"damage_taken":[{"damage":6,"enemies":"Jaw Worm","floor":1,"turns":4},{"damage":0,"enemies":"2 Louse","floor":2,"turns":3},{"damage":14,"enemies":"Small Slimes","floor":3,"turns":4},{"damage":22,"enemies":"Lagavulin","floor":7,"turns":6},{"damage":41,"enemies":"3 Sentries","floor":10,"turns":7},{"damage":15,"enemies":"Exordium Thugs","floor":11,"turns":2}],"seed_played":"1622229723325431123","potions_obtained":[{"floor":1,"key":"Ancient Potion"},{"floor":3,"key":"LiquidBronze"}],"is_trial":false,"path_per_floor":["M","M","M","$","?","R","E","R","T","E","M"],"character_chosen":"DEFECT","items_purchased":["Rip and Tear"],"campfire_rested":1,"item_purchase_floors":[4],"current_hp_per_floor":[58,58,44,44,44,44,32,56,56,15,0],"gold":24,"neow_bonus":"RANDOM_COMMON_RELIC","is_prod":false,"is_daily":false,"chose_seed":false,"campfire_upgraded":1,"win_rate":0,"timestamp":1555668848,"path_taken":["M","M","M","$","?","R","E","R","T","E","M"],"build_version":"2019-01-23","purchased_purges":0,"victory":false,"max_hp_per_floor":[71,71,71,71,71,71,81,81,81,81,81],"card_choices":[{"not_picked":["Coolheaded","Redo"],"picked":"Beam Cell","floor":1},{"not_picked":["Aggregate","Loop"],"picked":"Hologram","floor":2},{"not_picked":["Self Repair","Compile Driver"],"picked":"Go for the Eyes","floor":3},{"not_picked":["Double Energy","Beam Cell"],"picked":"Leap","floor":7},{"not_picked":["Skim","White Noise"],"picked":"Rip and Tear","floor":10}],"player_experience":1299095,"relics_obtained":[{"floor":7,"key":"Pear"},{"floor":9,"key":"Blue Candle"},{"floor":10,"key":"Orichalcum"}],"event_choices":[{"damage_healed":0,"gold_gain":0,"player_choice":"Left Gold","damage_taken":0,"max_hp_gain":0,"max_hp_loss":0,"event_name":"World of Goop","floor":5,"gold_loss":64}],"is_beta":false,"boss_relics":[],"items_purged_floors":[],"is_endless":false,"potions_floor_spawned":[1,3,7,10],"killed_by":"Exordium Thugs","ascension_level":20}