{"gold_per_floor":[12,12,12,31,49,49,68,99,147,177,191,266,293,313,313,414,414,396,396,52,65,65,65,95,95,95,123,123,152,168,168,168,268,268,278,294,147,163,163,263,281,298,347,347,380,390,0,17,17,17],"floor_reached":51,"playtime":1971,"items_purged":[],"score":958,"play_id":"becfb2d5-0f5e-42da-afa1-20e80c0b8c6c","local_time":"20190317220845","is_ascension_mode":true,"campfire_choices":[{"data":"Armaments","floor":6,"key":"SMITH"},{"floor":15,"key":"REST"},{"data":"Double Tap","floor":23,"key":"SMITH"},{"floor":25,"key":"REST"},{"floor":32,"key":"REST"},{"floor":44,"key":"REST"},{"floor":49,"key":"REST"}],"neow_cost":"NO_GOLD","seed_source_timestamp":357667933056233,"circlet_count":0,"master_deck":["Strike_R+1","Strike_R+1","Strike_R+1","Defend_R+1","Defend_R+1","Defend_R+1","Defend_R+1","Bash","Clothesline","Armaments+1","Hemokinesis","Double Tap+1","Bloodletting","Offering","Shrug It Off+1","Body Slam+1","Spot Weakness","Inflame+1","Shockwave+1","Demon Form","Heavy Blade","Feed","Impervious"],"relics":["Burning Blood","Singing Bowl","Happy Flower","Juzu Bracelet","Art of War","Cursed Key","Bronze Scales","Lee\u0027s Waffle","Omamori","Strawberry","Magic Flower","Red Skull","Runic Cube","Vajra","Thread and Needle","Dream Catcher","Blood Vial","Red Mask"],"potions_floor_usage":[8,16,33,33,33,40,50,50,50],"damage_taken":[{"damage":5,"enemies":"Small Slimes","floor":1,"turns":3},{"damage":7,"enemies":"Jaw Worm","floor":4,"turns":6},{"damage":0,"enemies":"Cultist","floor":5,"turns":3},{"damage":2,"enemies":"Exordium Wildlife","floor":7,"turns":3},{"damage":11,"enemies":"Gremlin Nob","floor":8,"turns":3},{"damage":18,"enemies":"Lagavulin","floor":10,"turns":7},{"damage":3,"enemies":"2 Fungi Beasts","floor":11,"turns":3},{"damage":7,"enemies":"Looter","floor":14,"turns":2},{"damage":48,"enemies":"The Guardian","floor":16,"turns":10},{"damage":13,"enemies":"2 Thieves","floor":18,"turns":4},{"damage":12,"enemies":"Chosen","floor":21,"turns":4},{"damage":15,"enemies":"Slavers","floor":24,"turns":5},{"damage":8,"enemies":"Book of Stabbing","floor":27,"turns":4},{"damage":43,"enemies":"Gremlin Leader","floor":29,"turns":7},{"damage":15,"enemies":"Centurion and Healer","floor":30,"turns":4},{"damage":81,"enemies":"Champ","floor":33,"turns":11},{"damage":22,"enemies":"3 Shapes","floor":35,"turns":5},{"damage":32,"enemies":"3 Darklings","floor":36,"turns":4},{"damage":18,"enemies":"Transient","floor":38,"turns":5},{"damage":31,"enemies":"Mind Bloom Boss Battle","floor":40,"turns":5},{"damage":16,"enemies":"Sphere and 2 Shapes","floor":41,"turns":3},{"damage":23,"enemies":"Maw","floor":42,"turns":5},{"damage":36,"enemies":"Giant Head","floor":45,"turns":6},{"damage":14,"enemies":"3 Darklings","floor":46,"turns":4},{"damage":15,"enemies":"Spire Growth","floor":48,"turns":4},{"damage":41,"enemies":"Awakened One","floor":50,"turns":8}],"seed_played":"-7256797363392901464","potions_obtained":[{"floor":4,"key":"EntropicBrew"},{"floor":7,"key":"Energy Potion"},{"floor":8,"key":"Regen Potion"},{"floor":11,"key":"SteroidPotion"},{"floor":21,"key":"BloodPotion"},{"floor":40,"key":"Swift Potion"}],"is_trial":false,"path_per_floor":["M","?","?","M","M","R","M","E","T","E","M","?","T","M","R","B",null,"M","?","$","M","?","R","E","R","T","E","$","E","M","?","R","B",null,"M","M","$","M","?","?","M","M","T","R","E","M","?","M","R","B",null],"character_chosen":"IRONCLAD","items_purchased":["Bronze Scales","Lee\u0027s Waffle","Vajra"],"campfire_rested":5,"item_purchase_floors":[20,20,37],"current_hp_per_floor":[80,80,80,79,80,80,80,75,75,65,68,57,57,58,83,41,84,77,77,91,85,85,85,76,91,98,96,96,62,58,58,88,55,100,89,68,68,61,61,54,47,35,35,69,44,47,47,46,83,54],"gold":17,"neow_bonus":"REMOVE_TWO","is_prod":false,"is_daily":false,"chose_seed":false,"campfire_upgraded":2,"win_rate":0,"timestamp":1552885725,"path_taken":["M","?","?","M","?","R","M","E","T","E","M","?","?","M","R","BOSS","M","?","$","M","?","R","E","R","T","E","?","E","M","?","R","BOSS","M","M","$","M","?","?","M","M","T","R","E","M","?","M","R","BOSS"],"build_version":"2019-01-23","purchased_purges":0,"victory":true,"max_hp_per_floor":[80,80,80,80,80,80,80,80,80,82,82,82,82,84,84,84,84,84,84,91,91,91,91,91,91,98,98,98,98,100,100,100,100,100,102,104,104,106,106,106,106,108,108,110,112,115,115,117,119,119],"card_choices":[{"not_picked":["Pommel Strike","Shockwave"],"picked":"Clothesline","floor":1},{"not_picked":["Evolve","Disarm"],"picked":"Armaments","floor":4},{"not_picked":["Havoc","Second Wind"],"picked":"Hemokinesis","floor":5},{"not_picked":["Anger","Evolve","Power Through"],"picked":"SKIP","floor":7},{"not_picked":["Thunderclap","Hemokinesis"],"picked":"Double Tap","floor":8},{"not_picked":["Wild Strike","Evolve","Iron Wave"],"picked":"Singing Bowl","floor":10},{"not_picked":["Iron Wave","Wild Strike"],"picked":"Bloodletting","floor":11},{"not_picked":["Perfected Strike","Warcry","Clothesline"],"picked":"Singing Bowl","floor":14},{"not_picked":["Brutality","Limit Break"],"picked":"Offering","floor":16},{"not_picked":["Corruption","Havoc"],"picked":"Shrug It Off+1","floor":18},{"not_picked":["Warcry","Cleave"],"picked":"Body Slam+1","floor":21},{"not_picked":["Flame Barrier","Ghostly Armor"],"picked":"Spot Weakness","floor":24},{"not_picked":["Anger+1","Bloodletting"],"picked":"Inflame+1","floor":27},{"not_picked":["Carnage","Burning Pact"],"picked":"Shockwave+1","floor":29},{"not_picked":["Armaments","Heavy Blade","Battle Trance"],"picked":"Singing Bowl","floor":30},{"not_picked":["Immolate","Bludgeon"],"picked":"Demon Form","floor":33},{"not_picked":["Clash+1","Flex","Clothesline"],"picked":"Singing Bowl","floor":35},{"not_picked":["Iron Wave","Clothesline+1","Inflame"],"picked":"Singing Bowl","floor":36},{"not_picked":["Ghostly Armor","True Grit","Clothesline+1"],"picked":"Singing Bowl","floor":38},{"not_picked":["Twin Strike+1","Sever Soul+1"],"picked":"Heavy Blade","floor":40},{"not_picked":["Twin Strike","Bloodletting"],"picked":"Feed","floor":41},{"not_picked":["Wild Strike","Twin Strike","Rage"],"picked":"Singing Bowl","floor":42},{"not_picked":["Wild Strike+1","Warcry","Fire Breathing+1"],"picked":"Singing Bowl","floor":44},{"not_picked":["Cleave+1","Headbutt","Thunderclap+1"],"picked":"Singing Bowl","floor":45},{"not_picked":["Heavy Blade+1","Power Through+1"],"picked":"Impervious","floor":46},{"not_picked":["Perfected Strike","Infernal Blade","Pommel Strike+1"],"picked":"Singing Bowl","floor":48},{"not_picked":["Uppercut+1","Flame Barrier","Iron Wave"],"picked":"Singing Bowl","floor":49}],"player_experience":241842,"relics_obtained":[{"floor":8,"key":"Singing Bowl"},{"floor":9,"key":"Happy Flower"},{"floor":10,"key":"Juzu Bracelet"},{"floor":13,"key":"Art of War"},{"floor":24,"key":"Omamori"},{"floor":26,"key":"Strawberry"},{"floor":27,"key":"Magic Flower"},{"floor":29,"key":"Red Skull"},{"floor":40,"key":"Thread and Needle"},{"floor":43,"key":"Dream Catcher"},{"floor":45,"key":"Blood Vial"}],"event_choices":[{"damage_healed":0,"gold_gain":0,"player_choice":"Ignored","damage_taken":0,"max_hp_gain":0,"max_hp_loss":0,"event_name":"Liars Game","floor":2,"gold_loss":0},{"damage_healed":0,"gold_gain":0,"player_choice":"Ignored","damage_taken":0,"max_hp_gain":0,"max_hp_loss":0,"event_name":"Golden Idol","floor":3,"gold_loss":0},{"damage_healed":0,"gold_gain":75,"player_choice":"Gather Gold","damage_taken":11,"max_hp_gain":0,"max_hp_loss":0,"event_name":"World of Goop","floor":12,"gold_loss":0},{"damage_healed":0,"gold_gain":0,"player_choice":"Ignored","damage_taken":0,"max_hp_gain":0,"max_hp_loss":0,"event_name":"Vampires","floor":19,"gold_loss":0},{"damage_healed":0,"gold_gain":0,"player_choice":"Simplicity","damage_taken":0,"max_hp_gain":0,"max_hp_loss":0,"event_name":"Back to Basics","floor":22,"gold_loss":0,"cards_upgraded":["Strike_R","Strike_R","Strike_R","Defend_R","Defend_R","Defend_R","Defend_R"]},{"damage_healed":0,"gold_gain":0,"player_choice":"Bought 0 Potions","damage_taken":0,"max_hp_gain":0,"max_hp_loss":0,"event_name":"The Woman in Blue","floor":31,"gold_loss":0},{"damage_healed":0,"gold_gain":0,"player_choice":"Ignored","damage_taken":0,"max_hp_gain":0,"max_hp_loss":0,"event_name":"NoteForYourself","floor":39,"gold_loss":0},{"damage_healed":0,"gold_gain":0,"player_choice":"Fight","damage_taken":0,"max_hp_gain":0,"max_hp_loss":0,"event_name":"MindBloom","floor":40,"gold_loss":0},{"damage_healed":0,"gold_gain":0,"player_choice":"Paid","damage_taken":0,"relics_obtained":["Red Mask"],"max_hp_gain":0,"max_hp_loss":0,"event_name":"Tomb of Lord Red Mask","floor":47,"gold_loss":390}],"is_beta":false,"boss_relics":[{"not_picked":["Tiny House","Runic Pyramid"],"picked":"Cursed Key"},{"not_picked":["Snecko Eye","Coffee Dripper"],"picked":"Runic Cube"}],"items_purged_floors":[],"is_endless":false,"potions_floor_spawned":[4,7,8,11,14,21,33,36,40,45,46],"ascension_level":1}