{"gold_per_floor":[109,34,34,34,47,47,76,76,76,94,108,123,123,135,135,135],"floor_reached":16,"playtime":472,"items_purged":[],"score":204,"play_id":"e2c6f779-97dc-4a51-a8cc-909821fbb290","local_time":"20190517173350","is_ascension_mode":true,"campfire_choices":[{"data":"Caltrops","floor":6.0,"key":"SMITH"},{"floor":8.0,"key":"REST"},{"floor":15,"key":"REST"}],"neow_cost":"NONE","seed_source_timestamp":1747269707676422,"circlet_count":0,"master_deck":["AscendersBane","Defend_G","Defend_G","Defend_G","Defend_G","Defend_G","Strike_G","Strike_G","Strike_G","Strike_G","Strike_G","Survivor","Neutralize+1","Sucker Punch","Caltrops+1","Poisoned Stab","Quick Slash","Dodge and Roll","PiercingWail","Flying Knee"],"special_seed":0,"relics":["Ring of the Snake","Bronze Scales","Mercury Hourglass"],"potions_floor_usage":[16,16],"damage_taken":[{"damage":10.0,"enemies":"Jaw Worm","floor":1.0,"turns":5.0},{"damage":0.0,"enemies":"2 Louse","floor":5.0,"turns":3.0},{"damage":37.0,"enemies":"Gremlin Nob","floor":7.0,"turns":4.0},{"damage":0.0,"enemies":"Cultist","floor":10.0,"turns":3.0},{"damage":3.0,"enemies":"Lots of Slimes","floor":11.0,"turns":2.0},{"damage":9.0,"enemies":"3 Louse","floor":12.0,"turns":3.0},{"damage":4,"enemies":"Gremlin Gang","floor":14,"turns":3},{"damage":51,"enemies":"Slime Boss","floor":16,"turns":7}],"seed_played":"-8522640153353009406","potions_obtained":[{"floor":1.0,"key":"LiquidBronze"},{"floor":4.0,"key":"GhostInAJar"}],"is_trial":false,"path_per_floor":["M","$","?","?","M","R","E","R","T","M","M","M","$","M","R","B"],"character_chosen":"THE_SILENT","items_purchased":["Caltrops"],"campfire_rested":2,"item_purchase_floors":[2],"current_hp_per_floor":[49,49,54,54,54,54,17,38,38,38,35,26,26,22,43,0],"gold":135,"neow_bonus":"UPGRADE_CARD","is_prod":false,"is_daily":false,"chose_seed":false,"campfire_upgraded":1,"win_rate":0,"timestamp":1558128830,"path_taken":["M","$","?","?","M","R","E","R","T","M","M","?","?","M","R","BOSS"],"build_version":"2019-01-23","purchased_purges":0,"victory":false,"max_hp_per_floor":[66,66,71,71,71,71,71,71,71,71,71,71,71,71,71,71],"card_choices":[{"not_picked":["Acrobatics","Prepared"],"picked":"Sucker Punch","floor":1.0},{"not_picked":["Bane","Blur"],"picked":"Poisoned Stab","floor":5.0},{"not_picked":["Accuracy","Doppelganger"],"picked":"Quick Slash","floor":7.0},{"not_picked":["Sucker Punch","Expertise"],"picked":"Dodge and Roll","floor":10.0},{"not_picked":["Prepared","Calculated Gamble","Outmaneuver"],"picked":"SKIP","floor":11.0},{"not_picked":["Slice","Distraction"],"picked":"PiercingWail","floor":12.0},{"not_picked":["Endless Agony","Phantasmal Killer"],"picked":"Flying Knee","floor":14}],"player_experience":689890,"relics_obtained":[{"floor":7.0,"key":"Bronze Scales"},{"floor":9.0,"key":"Mercury Hourglass"}],"event_choices":[{"damage_healed":0.0,"max_hp_gain":5.0,"max_hp_loss":0.0,"gold_gain":0.0,"event_name":"Big Fish","player_choice":"Donut","floor":3.0,"gold_loss":0.0,"damage_taken":0.0},{"damage_healed":0.0,"max_hp_gain":0.0,"max_hp_loss":0.0,"gold_gain":0.0,"event_name":"Lab","player_choice":"Got Potions","floor":4.0,"gold_loss":0.0,"damage_taken":0.0}],"is_beta":false,"boss_relics":[],"items_purged_floors":[],"is_endless":false,"potions_floor_spawned":[1,5,11,14],"killed_by":"Slime Boss","ascension_level":20}