{"gold_per_floor":[109,122,46,46,58,58,58,58,84,117,14,40,52,76,76,148,148,167,167,110,35,35,35,62,62,131,156,176,176,196,207,207,207],"floor_reached":33,"playtime":1034,"items_purged":["Strike_G"],"score":682,"play_id":"c188887e-366a-4625-8f74-ab0176149d35","local_time":"20190612151610","is_ascension_mode":true,"campfire_choices":[{"data":"Malaise","floor":6.0,"key":"SMITH"},{"data":"Riddle With Holes","floor":8.0,"key":"SMITH"},{"floor":15.0,"key":"REST"},{"data":"Noxious Fumes","floor":23,"key":"SMITH"},{"floor":25,"key":"REST"},{"data":"Noxious Fumes","floor":29,"key":"SMITH"},{"floor":32,"key":"REST"}],"neow_cost":"NONE","seed_source_timestamp":21803193684600,"circlet_count":0,"master_deck":["AscendersBane","Defend_G","Defend_G","Defend_G","Defend_G","Defend_G","Strike_G","Strike_G","Survivor","Neutralize","Quick Slash","Well Laid Plans","Riddle With Holes+1","Malaise+1","PiercingWail","Riddle With Holes","Quick Slash","Noxious Fumes+1","Deadly Poison","Well Laid Plans","Backflip","Corpse Explosion","Underhanded Strike","Writhe","Noxious Fumes+1","Underhanded Strike"],"special_seed":0,"relics":["Busted Crown","Art of War","Dream Catcher","Snake Skull","Odd Mushroom","Snecko Eye","MutagenicStrength","Blue Candle","Regal Pillow","Sundial","Ninja Scroll"],"potions_floor_usage":[31],"damage_taken":[{"damage":2.0,"enemies":"Small Slimes","floor":1.0,"turns":4.0},{"damage":0.0,"enemies":"Cultist","floor":2.0,"turns":4.0},{"damage":7.0,"enemies":"Jaw Worm","floor":5.0,"turns":4.0},{"damage":23.0,"enemies":"Gremlin Nob","floor":10.0,"turns":5.0},{"damage":9.0,"enemies":"Lagavulin","floor":12.0,"turns":6.0},{"damage":6.0,"enemies":"Exordium Thugs","floor":13.0,"turns":4.0},{"damage":10.0,"enemies":"The Mushroom Lair","floor":14.0,"turns":4.0},{"damage":4.0,"enemies":"Hexaghost","floor":16.0,"turns":9.0},{"damage":12.0,"enemies":"2 Thieves","floor":18.0,"turns":3.0},{"damage":40,"enemies":"Gremlin Leader","floor":24,"turns":7},{"damage":1,"enemies":"Slavers","floor":27,"turns":1},{"damage":6,"enemies":"Chosen","floor":28,"turns":5},{"damage":28,"enemies":"Shelled Parasite and Fungi","floor":30,"turns":4},{"damage":1,"enemies":"Centurion and Healer","floor":31,"turns":3},{"damage":58,"enemies":"Automaton","floor":33,"turns":6}],"seed_played":"1889186282308942441","potions_obtained":[{"floor":5.0,"key":"Explosive Potion"},{"floor":13.0,"key":"Energy Potion"},{"floor":14.0,"key":"SneckoOil"},{"floor":16.0,"key":"LiquidBronze"}],"is_trial":false,"path_per_floor":["M","M","$","?","M","R","?","R","T","E","$","E","M","?","R","B",null,"M","?","$","?","?","R","E","R","T","E","M","R","M","M","R","B"],"character_chosen":"THE_SILENT","items_purchased":["Riddle With Holes","Quick Slash","Underhanded Strike"],"campfire_rested":3,"item_purchase_floors":[3,11,20],"current_hp_per_floor":[57,57,57,57,50,50,66,66,66,43,43,34,28,18,37,33,58,46,46,46,46,46,46,6,40,40,39,33,33,5,4,38,0],"gold":207,"neow_bonus":"BOSS_RELIC","is_prod":false,"is_daily":false,"chose_seed":false,"campfire_upgraded":4,"win_rate":0,"timestamp":1560348970,"path_taken":["M","M","$","?","?","R","?","R","T","E","?","E","M","?","R","BOSS","M","?","$","?","?","R","E","R","T","E","M","R","M","M","R","BOSS"],"build_version":"2019-01-23","purchased_purges":1,"victory":false,"max_hp_per_floor":[66,66,66,66,66,66,66,66,66,66,66,66,66,66,66,66,66,66,66,66,66,66,66,66,66,66,66,66,66,66,66,66,66],"card_choices":[{"not_picked":[],"picked":"Quick Slash","floor":1.0},{"not_picked":[],"picked":"Well Laid Plans","floor":2.0},{"not_picked":[],"picked":"PiercingWail","floor":5.0},{"not_picked":[],"picked":"Riddle With Holes","floor":10.0},{"not_picked":[],"picked":"Noxious Fumes","floor":12.0},{"not_picked":[],"picked":"Deadly Poison","floor":13.0},{"not_picked":[],"picked":"Well Laid Plans","floor":14.0},{"not_picked":[],"picked":"Backflip","floor":15.0},{"not_picked":[],"picked":"Corpse Explosion","floor":16.0},{"not_picked":["Outmaneuver+1"],"picked":"SKIP","floor":18.0},{"not_picked":[],"picked":"Noxious Fumes","floor":24},{"not_picked":["Expertise"],"picked":"SKIP","floor":27},{"not_picked":[],"picked":"Underhanded Strike","floor":28},{"not_picked":["Dodge and Roll"],"picked":"SKIP","floor":30},{"not_picked":["Quick Slash"],"picked":"SKIP","floor":31}],"player_experience":1456223,"relics_obtained":[{"floor":9.0,"key":"Art of War"},{"floor":10.0,"key":"Dream Catcher"},{"floor":12.0,"key":"Snake Skull"},{"floor":14.0,"key":"Odd Mushroom"},{"floor":24,"key":"Regal Pillow"},{"floor":26,"key":"Sundial"},{"floor":27,"key":"Ninja Scroll"}],"event_choices":[{"damage_healed":0.0,"max_hp_gain":0.0,"max_hp_loss":0.0,"gold_gain":0.0,"cards_transformed":["Strike_G"],"event_name":"Transmorgrifier","player_choice":"Transformed","floor":4.0,"gold_loss":0.0,"damage_taken":0.0,"cards_obtained":["Malaise"]},{"damage_healed":16.0,"max_hp_gain":0.0,"max_hp_loss":0.0,"gold_gain":0.0,"event_name":"Wheel of Change","player_choice":"Full Heal","floor":7.0,"gold_loss":0.0,"damage_taken":0.0},{"damage_healed":0.0,"max_hp_gain":0.0,"max_hp_loss":0.0,"gold_gain":0.0,"event_name":"Mushrooms","player_choice":"Fought Mushrooms","floor":14.0,"gold_loss":0.0,"damage_taken":0.0},{"damage_healed":0.0,"max_hp_gain":0.0,"max_hp_loss":0.0,"gold_gain":0.0,"event_name":"Drug Dealer","player_choice":"Inject Mutagens","floor":19.0,"gold_loss":0.0,"damage_taken":0.0,"relics_obtained":["MutagenicStrength"]},{"cards_removed":["Strike_G"],"damage_healed":0,"gold_gain":0,"player_choice":"Gave Gold","damage_taken":0,"max_hp_gain":0,"max_hp_loss":0,"event_name":"Beggar","floor":21,"gold_loss":75},{"damage_healed":0,"gold_gain":0,"player_choice":"Opened","damage_taken":0,"relics_obtained":["Blue Candle"],"max_hp_gain":0,"max_hp_loss":0,"event_name":"The Mausoleum","floor":22,"gold_loss":0,"cards_obtained":["Writhe"]}],"is_beta":false,"boss_relics":[{"not_picked":["Coffee Dripper","WristBlade"],"picked":"Snecko Eye"}],"items_purged_floors":[11],"is_endless":false,"potions_floor_spawned":[5,13,14,16,18,30],"killed_by":"Automaton","ascension_level":20}