{"gold_per_floor":[112,162,182,182,67,87,118,130,130,142,154,166,203,231,243,332,344,344,174,174,174,154,154,154,154,154,154,154,154,154,154,154,154,154,154,154,154,48,48,48,48,48,48,48,48,48,48,48,48,48,48],"floor_reached":51,"playtime":2023,"items_purged":["Pain"],"score":1490,"play_id":"31d60594-594a-46dc-a6ad-93d1949c8022","local_time":"20190522183401","is_ascension_mode":true,"campfire_choices":[{"data":"Self Repair","floor":10.0,"key":"SMITH"},{"data":"Zap","floor":15.0,"key":"SMITH"},{"floor":23.0,"key":"REST"},{"data":"Enlightenment","floor":25.0,"key":"SMITH"},{"floor":30.0,"key":"REST"},{"floor":32,"key":"REST"},{"floor":40,"key":"REST"},{"floor":44,"key":"REST"},{"floor":46,"key":"REST"},{"floor":49,"key":"RECALL"}],"neow_cost":"NONE","seed_source_timestamp":2181156866330157,"circlet_count":0,"master_deck":["AscendersBane","Strike_B","Strike_B","Strike_B","Defend_B","Defend_B","Defend_B","Defend_B","Zap+1","Dualcast","Cold Snap","All For One","Sunder","Go for the Eyes","Self Repair+1","Cold Snap","Machine Learning","Streamline","Cold Snap","Creative AI","BootSequence","Defragment","Enlightenment+1","Self Repair","Go for the Eyes+1","Coolheaded+1","Hologram","Stack","Static Discharge","Biased Cognition","White Noise","Madness","Madness","Ball Lightning+1","FTL+1","Sweeping Beam+1","Force Field","Electrodynamics","Blind","Go for the Eyes+1","Turbo"],"special_seed":0,"relics":["Cracked Core","Juzu Bracelet","WarpedTongs","Vajra","MawBank","Symbiotic Virus","Ectoplasm","Mango","Molten Egg 2","Dream Catcher","Torii","Enchiridion","Bronze Scales","Fusion Hammer","Old Coin","Bottled Lightning","DataDisk"],"potions_floor_usage":[33,39,39,48,50],"damage_taken":[{"damage":9.0,"enemies":"Jaw Worm","floor":1.0,"turns":4.0},{"damage":1.0,"enemies":"Cultist","floor":3.0,"turns":3.0},{"damage":0.0,"enemies":"2 Louse","floor":6.0,"turns":2.0},{"damage":8.0,"enemies":"3 Sentries","floor":7.0,"turns":6.0},{"damage":7.0,"enemies":"Large Slime","floor":8.0,"turns":6.0},{"damage":11.0,"enemies":"Lagavulin","floor":13.0,"turns":5.0},{"damage":4.0,"enemies":"Lots of Slimes","floor":14.0,"turns":3.0},{"damage":14.0,"enemies":"Slime Boss","floor":16.0,"turns":8.0},{"damage":25.0,"enemies":"3 Byrds","floor":18.0,"turns":5.0},{"damage":24.0,"enemies":"Colosseum Slavers","floor":21.0,"turns":3.0},{"damage":38.0,"enemies":"Colosseum Nobs","floor":21.0,"turns":6.0},{"damage":7.0,"enemies":"Spheric Guardian","floor":24.0,"turns":3.0},{"damage":26.0,"enemies":"Book of Stabbing","floor":27.0,"turns":6.0},{"damage":7.0,"enemies":"Snake Plant","floor":28.0,"turns":3.0},{"damage":38,"enemies":"Slavers","floor":31,"turns":5},{"damage":32,"enemies":"Champ","floor":33,"turns":10},{"damage":0,"enemies":"3 Shapes","floor":35,"turns":7},{"damage":46,"enemies":"2 Orb Walkers","floor":39,"turns":4},{"damage":77,"enemies":"Reptomancer","floor":41,"turns":7},{"damage":0,"enemies":"Nemesis","floor":47,"turns":5},{"damage":0,"enemies":"Orb Walker","floor":48,"turns":3},{"damage":85,"enemies":"Donu and Deca","floor":50,"turns":9},{"damage":37,"enemies":"Awakened One","floor":51,"turns":4}],"seed_played":"-2983568584355383661","potions_obtained":[{"floor":1.0,"key":"AttackPotion"},{"floor":6.0,"key":"Fire Potion"},{"floor":7.0,"key":"Regen Potion"},{"floor":12.0,"key":"Fruit Juice"},{"floor":12.0,"key":"LiquidBronze"},{"floor":16.0,"key":"SteroidPotion"},{"floor":22.0,"key":"EssenceOfSteel"},{"floor":24.0,"key":"FocusPotion"},{"floor":28.0,"key":"FocusPotion"},{"floor":33,"key":"Regen Potion"},{"floor":35,"key":"FearPotion"},{"floor":47,"key":"Regen Potion"},{"floor":48,"key":"Fruit Juice"}],"is_trial":false,"path_per_floor":["M","?","M","?","$","M","E","M","T","R","?","?","E","M","R","B",null,"M","$","?","?","?","R","M","R","T","E","M","?","R","E","R","B",null,"M","$","?","$","?","R","E","?","T","R","?","R","E","M","R","B","B"],"character_chosen":"DEFECT","items_purchased":["Sunder","Defragment","Enlightenment","Ball Lightning+1","FTL+1"],"campfire_rested":6,"item_purchase_floors":[5,19,19,38,38],"current_hp_per_floor":[55,48,47,47,47,47,39,54,54,54,54,59,58,54,54,50,70,55,55,55,27,27,54,64,64,64,58,58,37,64,46,73,58,82,90,90,74,74,60,87,20,20,20,47,47,74,90,95,95,31,0],"gold":48,"neow_bonus":"RANDOM_COMMON_RELIC","is_prod":false,"is_daily":false,"chose_seed":false,"campfire_upgraded":3,"win_rate":0,"timestamp":1558564441,"path_taken":["M","?","M","?","$","M","E","M","T","R","?","?","E","M","R","BOSS","M","$","?","?","?","R","M","R","T","E","M","?","R","E","R","BOSS","M","$","?","$","?","R","E","?","T","R","?","R","E","M","R","BOSS","BOSS"],"build_version":"2019-01-23","purchased_purges":1,"victory":false,"max_hp_per_floor":[71,71,71,71,71,71,71,71,71,71,71,76,76,76,76,76,76,76,76,76,90,90,90,90,90,90,90,90,90,90,90,90,90,90,90,90,90,90,90,90,90,90,90,90,90,90,90,95,95,95,95],"card_choices":[{"not_picked":["Turbo","Stack"],"picked":"Cold Snap","floor":1.0},{"not_picked":["Steam","Consume"],"picked":"All For One","floor":3.0},{"not_picked":["Steam","Redo"],"picked":"Go for the Eyes","floor":6.0},{"not_picked":["Skim","Go for the Eyes"],"picked":"Self Repair","floor":7.0},{"not_picked":["Skim","Melter"],"picked":"Cold Snap","floor":8.0},{"not_picked":["Beam Cell","Stack"],"picked":"Streamline","floor":13.0},{"not_picked":["Beam Cell","Self Repair"],"picked":"Cold Snap","floor":14.0},{"not_picked":["Multi-Cast","Reboot"],"picked":"Creative AI","floor":16.0},{"not_picked":["Heatsinks","Recycle"],"picked":"BootSequence","floor":18.0},{"not_picked":["Streamline","Aggregate"],"picked":"Self Repair","floor":21.0},{"not_picked":["Consume","Blizzard+1"],"picked":"Go for the Eyes+1","floor":24.0},{"not_picked":["Reinforced Body","Barrage+1"],"picked":"Coolheaded+1","floor":27.0},{"not_picked":["Go for the Eyes+1","Turbo"],"picked":"Hologram","floor":28.0},{"not_picked":["Hologram","Cold Snap+1"],"picked":"Stack","floor":30.0},{"not_picked":["Lockon+1","Barrage+1","Cold Snap+1"],"picked":"SKIP","floor":31},{"not_picked":["Redo+1","Multi-Cast"],"picked":"Static Discharge","floor":32},{"not_picked":["Hyperbeam+1","Thunder Strike+1"],"picked":"Biased Cognition","floor":33},{"not_picked":["Storm","Go for the Eyes+1"],"picked":"White Noise","floor":35},{"not_picked":["Barrage+1","Storm"],"picked":"Sweeping Beam+1","floor":39},{"not_picked":["Barrage+1","Go for the Eyes+1"],"picked":"Force Field","floor":40},{"not_picked":["Steam","Leap"],"picked":"Electrodynamics","floor":41},{"not_picked":["Trip","Magnetism"],"picked":"Blind","floor":42},{"not_picked":["Sweeping Beam+1","Cold Snap+1"],"picked":"Go for the Eyes+1","floor":44},{"not_picked":["Recycle+1","Reprogram+1","Self Repair+1"],"picked":"SKIP","floor":47},{"not_picked":["Tempest","Rebound+1"],"picked":"Turbo","floor":48}],"player_experience":703803,"relics_obtained":[{"floor":7.0,"key":"Vajra"},{"floor":9.0,"key":"MawBank"},{"floor":13.0,"key":"Symbiotic Virus"},{"floor":21.0,"key":"Mango"},{"floor":21.0,"key":"Molten Egg 2"},{"floor":26.0,"key":"Dream Catcher"},{"floor":27.0,"key":"Torii"},{"floor":29.0,"key":"Enchiridion"},{"floor":31,"key":"Bronze Scales"},{"floor":39,"key":"Old Coin"},{"floor":41,"key":"Bottled Lightning"},{"floor":47,"key":"DataDisk"}],"event_choices":[{"damage_healed":0.0,"max_hp_gain":0.0,"max_hp_loss":0.0,"gold_gain":50.0,"event_name":"FaceTrader","player_choice":"Touch","floor":2.0,"gold_loss":0.0,"damage_taken":7.0},{"damage_healed":0.0,"max_hp_gain":0.0,"max_hp_loss":0.0,"gold_gain":0.0,"event_name":"Accursed Blacksmith","player_choice":"Rummage","floor":4.0,"gold_loss":0.0,"damage_taken":0.0,"relics_obtained":["WarpedTongs"],"cards_obtained":["Pain"]},{"damage_healed":0.0,"max_hp_gain":0.0,"max_hp_loss":0.0,"gold_gain":0.0,"cards_transformed":["Strike_B"],"event_name":"Transmorgrifier","player_choice":"Transformed","floor":11.0,"gold_loss":0.0,"damage_taken":0.0,"cards_obtained":["Machine Learning"]},{"damage_healed":0.0,"max_hp_gain":0.0,"max_hp_loss":0.0,"gold_gain":0.0,"event_name":"Lab","player_choice":"Got Potions","floor":12.0,"gold_loss":0.0,"damage_taken":0.0},{"damage_healed":0.0,"max_hp_gain":0.0,"max_hp_loss":0.0,"gold_gain":0.0,"event_name":"Vampires","player_choice":"Ignored","floor":20.0,"gold_loss":0.0,"damage_taken":0.0},{"damage_healed":0.0,"max_hp_gain":0.0,"max_hp_loss":0.0,"gold_gain":0.0,"event_name":"Colosseum","player_choice":"Fight","floor":21.0,"gold_loss":0.0,"damage_taken":0.0},{"damage_healed":0.0,"max_hp_gain":0.0,"max_hp_loss":0.0,"gold_gain":0.0,"event_name":"Colosseum","player_choice":"Fought Nobs","floor":21.0,"gold_loss":0.0,"damage_taken":0.0},{"damage_healed":0.0,"max_hp_gain":0.0,"max_hp_loss":0.0,"gold_gain":0.0,"event_name":"The Woman in Blue","player_choice":"Bought 1 Potion","floor":22.0,"gold_loss":0.0,"damage_taken":0.0},{"damage_healed":0.0,"max_hp_gain":0.0,"max_hp_loss":0.0,"gold_gain":0.0,"event_name":"Cursed Tome","player_choice":"Obtained Book","floor":29.0,"gold_loss":0.0,"damage_taken":21.0},{"damage_healed":0,"gold_gain":0,"player_choice":"Embrace Madness","damage_taken":16,"max_hp_gain":0,"max_hp_loss":0,"event_name":"Winding Halls","floor":37,"gold_loss":0,"cards_obtained":["Madness","Madness"]},{"damage_healed":0,"gold_gain":0,"player_choice":"Fight","damage_taken":0,"max_hp_gain":0,"max_hp_loss":0,"event_name":"Mysterious Sphere","floor":39,"gold_loss":0},{"damage_healed":0,"gold_gain":0,"player_choice":"Memory 1","damage_taken":0,"max_hp_gain":0,"max_hp_loss":0,"event_name":"SensoryStone","floor":42,"gold_loss":0},{"damage_healed":0,"gold_gain":300,"player_choice":"Gold","damage_taken":0,"max_hp_gain":0,"max_hp_loss":0,"event_name":"Wheel of Change","floor":45,"gold_loss":0}],"is_beta":false,"boss_relics":[{"not_picked":["Astrolabe","Orrery"],"picked":"Ectoplasm"},{"not_picked":["White Beast Statue","Coffee Dripper"],"picked":"Fusion Hammer"}],"items_purged_floors":[5],"is_endless":false,"potions_floor_spawned":[1,6,7,16,21,24,28,33,35,47,48],"killed_by":"Awakened One","ascension_level":20}