{"gold_per_floor":[112,125,50,63,77,77,140,158,236,236,236,266,266,293,293,293],"floor_reached":16,"playtime":449,"items_purged":[],"score":220,"play_id":"26b255a1-2f2d-45da-aaa8-60f87858779a","local_time":"20190123212812","is_ascension_mode":true,"campfire_choices":[{"data":"Zap","floor":6,"key":"SMITH"},{"floor":10,"key":"REST"},{"floor":13,"key":"REST"},{"data":"Glacier","floor":15,"key":"SMITH"}],"neow_cost":"NONE","seed_source_timestamp":41023498054288,"circlet_count":0,"master_deck":["AscendersBane","Strike_B","Strike_B","Strike_B","Defend_B","Defend_B","Defend_B","Defend_B","Zap+1","Dualcast","Ball Lightning","Conserve Battery","Gash","Ball Lightning","Glacier+1","Meteor Strike","Stack","Heatsinks"],"relics":["Cracked Core","NeowsBlessing","Tiny Chest","Cables","Odd Mushroom","Ginger"],"potions_floor_usage":[5,7],"damage_taken":[{"damage":0,"enemies":"Cultist","floor":1,"turns":1},{"damage":0,"enemies":"Small Slimes","floor":2,"turns":1},{"damage":0,"enemies":"2 Louse","floor":4,"turns":1},{"damage":15,"enemies":"Lots of Slimes","floor":5,"turns":4},{"damage":22,"enemies":"Gremlin Nob","floor":7,"turns":4},{"damage":1,"enemies":"Exordium Wildlife","floor":8,"turns":2},{"damage":13,"enemies":"The Mushroom Lair","floor":12,"turns":3},{"damage":15,"enemies":"3 Sentries","floor":14,"turns":7},{"damage":42,"enemies":"Hexaghost","floor":16,"turns":9}],"seed_played":"-2617998508118259318","potions_obtained":[{"floor":1,"key":"SkillPotion"},{"floor":4,"key":"Weak Potion"},{"floor":12,"key":"FocusPotion"}],"is_trial":false,"path_per_floor":["M","M","?","M","M","R","E","M","T","R","$","?","R","E","R","B"],"character_chosen":"DEFECT","items_purchased":[],"campfire_rested":2,"item_purchase_floors":[],"current_hp_per_floor":[64,64,64,64,49,49,27,26,26,47,47,34,55,40,40,0],"gold":293,"neow_bonus":"THREE_ENEMY_KILL","is_prod":false,"is_daily":false,"chose_seed":false,"campfire_upgraded":2,"win_rate":0,"timestamp":1548278892,"path_taken":["M","?","?","M","M","R","E","M","T","R","$","?","R","E","R","BOSS"],"build_version":"2019-01-23","purchased_purges":0,"victory":false,"max_hp_per_floor":[71,71,71,71,71,71,71,71,71,71,71,71,71,71,71,71],"card_choices":[{"not_picked":["Conserve Battery","Skim"],"picked":"Ball Lightning","floor":1},{"not_picked":["Barrage","Heatsinks"],"picked":"Conserve Battery","floor":2},{"not_picked":["Turbo","Undo"],"picked":"Gash","floor":4},{"not_picked":["Static Discharge","Rebound"],"picked":"Ball Lightning","floor":5},{"not_picked":["Compile Driver","Coolheaded"],"picked":"Glacier","floor":7},{"not_picked":["Beam Cell","Cold Snap"],"picked":"Meteor Strike","floor":8},{"not_picked":["Turbo","Beam Cell"],"picked":"Stack","floor":12},{"not_picked":["Steam","Turbo"],"picked":"Heatsinks","floor":14}],"player_experience":1165176,"relics_obtained":[{"floor":7,"key":"Tiny Chest"},{"floor":9,"key":"Cables"},{"floor":12,"key":"Odd Mushroom"},{"floor":14,"key":"Ginger"}],"event_choices":[{"cards_removed":["Strike_B"],"damage_healed":0,"gold_gain":0,"player_choice":"Card Removal","damage_taken":0,"max_hp_gain":0,"max_hp_loss":0,"event_name":"The Cleric","floor":3,"gold_loss":75},{"damage_healed":0,"gold_gain":0,"player_choice":"Fought Mushrooms","damage_taken":0,"max_hp_gain":0,"max_hp_loss":0,"event_name":"Mushrooms","floor":12,"gold_loss":0}],"is_beta":false,"boss_relics":[],"items_purged_floors":[],"is_endless":false,"potions_floor_spawned":[1,4,12],"killed_by":"Hexaghost","ascension_level":20}