{"gold_per_floor":[19,19,37,50,0,27,41,41,41,41,74,74,74,89,89,182,182,203,219,235,235,104,104,122,122,148,198,242,242,260,276,276,276],"floor_reached":33,"playtime":1251,"items_purged":[],"score":654,"play_id":"a39c876d-6dff-40d4-ac1c-c1ea9e885304","local_time":"20190705201110","is_ascension_mode":true,"campfire_choices":[{"floor":10,"key":"REST"},{"data":"Bouncing Flask","floor":13,"key":"SMITH"},{"floor":15,"key":"REST"},{"floor":23,"key":"REST"},{"floor":25,"key":"REST"},{"floor":29,"key":"REST"},{"floor":32,"key":"REST"}],"neow_cost":"NO_GOLD","seed_source_timestamp":5988782846052554,"circlet_count":0,"master_deck":["AscendersBane","Strike_G","Strike_G","Strike_G","Strike_G","Strike_G","Defend_G","Defend_G","Defend_G","Defend_G","Defend_G","Survivor","Neutralize+1","After Image","Dagger Throw+1","Bouncing Flask+1","Quick Slash+1","Backstab","Poisoned Stab","Corpse Explosion","Terror","Glass Knife","Choke","Caltrops","Backflip+1","Leg Sweep","Noxious Fumes","Backflip","Parasite","Backflip+1","Cloak And Dagger","Outmaneuver"],"special_seed":0,"relics":["Ring of the Snake","Du-Vu Doll","Question Card","Darkstone Periapt","Golden Idol","Cursed Key","Whetstone","Anchor"],"potions_floor_usage":[16,18,28,33],"damage_taken":[{"damage":0.0,"enemies":"Small Slimes","floor":1.0,"turns":5.0},{"damage":2,"enemies":"2 Louse","floor":3,"turns":3},{"damage":0,"enemies":"Jaw Worm","floor":4,"turns":6},{"damage":25,"enemies":"3 Sentries","floor":6,"turns":11},{"damage":5,"enemies":"Exordium Thugs","floor":7,"turns":5},{"damage":13,"enemies":"Lagavulin","floor":11,"turns":7},{"damage":10,"enemies":"3 Louse","floor":14,"turns":4},{"damage":0,"enemies":"Slime Boss","floor":16,"turns":5},{"damage":10,"enemies":"Chosen","floor":18,"turns":4},{"damage":20,"enemies":"3 Byrds","floor":19,"turns":3},{"damage":17,"enemies":"Cultist and Chosen","floor":20,"turns":5},{"damage":16,"enemies":"Snake Plant","floor":24,"turns":4},{"damage":36,"enemies":"Book of Stabbing","floor":28,"turns":5},{"damage":20,"enemies":"Shelled Parasite and Fungi","floor":30,"turns":7},{"damage":0,"enemies":"3 Cultists","floor":31,"turns":2},{"damage":33,"enemies":"Collector","floor":33,"turns":3}],"seed_played":"-1979285736023771633","potions_obtained":[{"floor":1.0,"key":"Fire Potion"},{"floor":11,"key":"SkillPotion"},{"floor":19,"key":"Weak Potion"},{"floor":24,"key":"PowerPotion"},{"floor":28,"key":"GhostInAJar"}],"is_trial":false,"path_per_floor":["M","?","M","M","?","E","M","?","T","R","E","?","R","M","R","B",null,"M","M","M","?","$","R","M","R","T","?","E","R","M","M","R","B"],"character_chosen":"THE_SILENT","items_purchased":["Leg Sweep","Noxious Fumes"],"campfire_rested":6,"item_purchase_floors":[22,22],"current_hp_per_floor":[59,59,57,57,57,32,27,27,27,46,33,33,33,23,41,41,55,45,25,8,20,20,38,22,40,46,46,10,29,9,9,28,0],"gold":276,"neow_bonus":"THREE_RARE_CARDS","is_prod":false,"is_daily":false,"chose_seed":false,"campfire_upgraded":1,"win_rate":0,"timestamp":1562371870,"path_taken":["M","?","M","M","?","E","M","?","T","R","E","?","R","M","R","BOSS","M","M","M","?","$","R","M","R","T","?","E","R","?","M","R","BOSS"],"build_version":"2019-07-05","purchased_purges":0,"victory":false,"max_hp_per_floor":[66,66,66,66,66,66,66,66,66,66,66,60,60,60,60,60,60,60,60,60,60,60,60,60,60,66,66,66,66,66,66,66,66],"card_choices":[{"not_picked":["Grand Finale","Tools of the Trade"],"picked":"After Image","floor":0.0},{"not_picked":["Infinite Blades","Deflect"],"picked":"Dagger Throw","floor":1.0},{"not_picked":["Concentrate","Prepared"],"picked":"Bouncing Flask","floor":3},{"not_picked":["Escape Plan","Deflect"],"picked":"Quick Slash","floor":4},{"not_picked":["Outmaneuver","Deadly Poison"],"picked":"Backstab","floor":6},{"not_picked":["Quick Slash","Endless Agony"],"picked":"Poisoned Stab","floor":7},{"not_picked":["Underhanded Strike","Prepared","Glass Knife"],"picked":"Corpse Explosion","floor":11},{"not_picked":["Deflect","Flying Knee","Backstab"],"picked":"Terror","floor":14},{"not_picked":["Venomology","Envenom","Unload"],"picked":"Glass Knife","floor":16},{"not_picked":["Deflect","Blade Dance+1","Eviscerate+1"],"picked":"Choke","floor":18},{"not_picked":["Sucker Punch","Blur","Deflect"],"picked":"Caltrops","floor":19},{"not_picked":["Calculated Gamble","Infinite Blades","Bane"],"picked":"Backflip+1","floor":20},{"not_picked":["Dagger Throw","Infinite Blades","Crippling Poison"],"picked":"Backflip","floor":24},{"not_picked":["Accuracy","Escape Plan","Leg Sweep"],"picked":"Backflip+1","floor":28},{"not_picked":["Riddle With Holes","Poisoned Stab+1","Reflex"],"picked":"Cloak And Dagger","floor":30},{"not_picked":["Accuracy","Deadly Poison","Underhanded Strike"],"picked":"Outmaneuver","floor":31}],"player_experience":883810,"relics_obtained":[{"floor":6,"key":"Du-Vu Doll"},{"floor":9,"key":"Question Card"},{"floor":11,"key":"Darkstone Periapt"},{"floor":26,"key":"Whetstone"},{"floor":28,"key":"Anchor"}],"event_choices":[{"damage_healed":0,"gold_gain":0,"player_choice":"Grow","damage_taken":0,"max_hp_gain":0,"max_hp_loss":0,"event_name":"Living Wall","floor":2,"gold_loss":0,"cards_upgraded":["Neutralize"]},{"damage_healed":0,"gold_gain":0,"player_choice":"Left Gold","damage_taken":0,"max_hp_gain":0,"max_hp_loss":0,"event_name":"World of Goop","floor":5,"gold_loss":50},{"damage_healed":0,"gold_gain":0,"player_choice":"Fled","damage_taken":0,"max_hp_gain":0,"max_hp_loss":0,"event_name":"Scrap Ooze","floor":8,"gold_loss":0},{"damage_healed":0,"gold_gain":0,"player_choice":"Lose Max HP","damage_taken":0,"relics_obtained":["Golden Idol"],"max_hp_gain":0,"max_hp_loss":6,"event_name":"Golden Idol","floor":12,"gold_loss":0},{"damage_healed":12,"gold_gain":0,"player_choice":"Heal","damage_taken":0,"max_hp_gain":0,"max_hp_loss":0,"event_name":"The Library","floor":21,"gold_loss":0},{"damage_healed":0,"gold_gain":50,"player_choice":"Pray","damage_taken":0,"max_hp_gain":0,"max_hp_loss":0,"event_name":"Golden Shrine","floor":27,"gold_loss":0}],"is_beta":false,"boss_relics":[{"not_picked":["Black Star","Runic Pyramid"],"picked":"Cursed Key"}],"items_purged_floors":[],"is_endless":false,"potions_floor_spawned":[1,11,19,24,28,30],"killed_by":"Collector","ascension_level":20}