{"gold_per_floor":[109,124,142,160,235,268,268,284,364,364,395,187,187,9,9,82,82,99,118,68,81,31,31,31,31],"floor_reached":25,"playtime":695,"items_purged":["Strike_R","Strike_R","Strike_R"],"score":422,"play_id":"e8715030-600c-4198-93b9-9e62ff368bc8","local_time":"20190612112134","is_ascension_mode":true,"campfire_choices":[{"floor":7.0,"key":"REST"},{"floor":10.0,"key":"REST"},{"data":"Bash","floor":15.0,"key":"SMITH"},{"floor":23,"key":"REST"}],"neow_cost":"NONE","seed_source_timestamp":7874973572900,"circlet_count":0,"master_deck":["AscendersBane","Strike_R","Strike_R","Defend_R","Defend_R","Defend_R","Defend_R","Bash+1","Iron Wave","Carnage","Iron Wave","Pommel Strike","Spot Weakness","Shrug It Off","Limit Break+1","Limit Break","Exhume","Flame Barrier+1","Seeing Red"],"special_seed":0,"relics":["Burning Blood","Smiling Mask","PreservedInsect","Self Forming Clay","Pocketwatch","Philosopher\u0027s Stone"],"potions_floor_usage":[21,21,25],"damage_taken":[{"damage":13.0,"enemies":"Cultist","floor":1.0,"turns":5.0},{"damage":12.0,"enemies":"Small Slimes","floor":2.0,"turns":4.0},{"damage":7.0,"enemies":"Jaw Worm","floor":3.0,"turns":3.0},{"damage":4.0,"enemies":"Lots of Slimes","floor":4.0,"turns":4.0},{"damage":24.0,"enemies":"Gremlin Nob","floor":6.0,"turns":4.0},{"damage":25.0,"enemies":"Exordium Wildlife","floor":8.0,"turns":4.0},{"damage":17.0,"enemies":"Lagavulin","floor":11.0,"turns":7.0},{"damage":28.0,"enemies":"Slime Boss","floor":16.0,"turns":8.0},{"damage":25.0,"enemies":"3 Byrds","floor":18.0,"turns":4.0},{"damage":21,"enemies":"Spheric Guardian","floor":19,"turns":4},{"damage":21,"enemies":"3 Cultists","floor":21,"turns":5},{"damage":35,"enemies":"Gremlin Leader","floor":25,"turns":4}],"seed_played":"-7631105665909250540","potions_obtained":[{"floor":2.0,"key":"AttackPotion"},{"floor":4.0,"key":"EssenceOfSteel"},{"floor":6.0,"key":"FearPotion"},{"floor":11.0,"key":"Energy Potion"},{"floor":16.0,"key":"AttackPotion"},{"floor":18.0,"key":"Fire Potion"},{"floor":21,"key":"SpeedPotion"}],"is_trial":false,"path_per_floor":["M","M","M","M","?","E","R","M","T","R","E","$","?","$","R","B",null,"M","M","$","M","$","R","$","E"],"character_chosen":"IRONCLAD","items_purchased":["Limit Break","Limit Break"],"campfire_rested":3,"item_purchase_floors":[12,14],"current_hp_per_floor":[61,55,54,56,45,27,49,30,30,52,41,41,41,41,41,19,61,42,27,27,12,12,34,34,0],"gold":31,"neow_bonus":"RANDOM_COMMON_RELIC","is_prod":false,"is_daily":false,"chose_seed":false,"campfire_upgraded":1,"win_rate":0,"timestamp":1560334894,"path_taken":["M","?","?","M","?","E","R","M","T","R","E","$","?","$","R","BOSS","M","M","$","M","$","R","?","E"],"build_version":"2019-01-23","purchased_purges":3,"victory":false,"max_hp_per_floor":[75,75,75,75,75,75,75,75,75,75,75,75,75,75,75,75,75,75,75,75,75,75,75,75,75],"card_choices":[{"not_picked":["True Grit","Pummel"],"picked":"Iron Wave","floor":1.0},{"not_picked":["Warcry","Bloodletting"],"picked":"Carnage","floor":2.0},{"not_picked":["Cleave","Wild Strike"],"picked":"Iron Wave","floor":3.0},{"not_picked":["Heavy Blade","Havoc"],"picked":"Pommel Strike","floor":4.0},{"not_picked":["Combust","Fire Breathing"],"picked":"Spot Weakness","floor":6.0},{"not_picked":["Infernal Blade","Clash"],"picked":"Shrug It Off","floor":8.0},{"not_picked":["Sever Soul","Reckless Charge","Twin Strike"],"picked":"SKIP","floor":11.0},{"not_picked":["Bludgeon","Berserk"],"picked":"Exhume","floor":16.0},{"not_picked":["Armaments","Clash"],"picked":"Flame Barrier+1","floor":18.0},{"not_picked":["Corruption","Iron Wave"],"picked":"Seeing Red","floor":19},{"not_picked":["Sword Boomerang","Warcry","Dropkick"],"picked":"SKIP","floor":21}],"player_experience":1453875,"relics_obtained":[{"floor":6.0,"key":"PreservedInsect"},{"floor":9.0,"key":"Self Forming Clay"},{"floor":11.0,"key":"Pocketwatch"}],"event_choices":[{"damage_healed":0.0,"max_hp_gain":0.0,"max_hp_loss":0.0,"gold_gain":75.0,"event_name":"World of Goop","player_choice":"Gather Gold","floor":5.0,"gold_loss":0.0,"damage_taken":11.0},{"damage_healed":0.0,"max_hp_gain":0.0,"max_hp_loss":0.0,"gold_gain":0.0,"event_name":"Upgrade Shrine","player_choice":"Upgraded","floor":13.0,"gold_loss":0.0,"damage_taken":0.0,"cards_upgraded":["Limit Break"]}],"is_beta":false,"boss_relics":[{"not_picked":["Snecko Eye","Pandora\u0027s Box"],"picked":"Philosopher\u0027s Stone"}],"items_purged_floors":[12,20,22],"is_endless":false,"potions_floor_spawned":[2,4,6,11,16,18,21],"killed_by":"Gremlin Leader","ascension_level":20}