{"gold_per_floor":[117,117,117,117,134,134,145,145,145,160,194,194],"floor_reached":12,"playtime":265,"items_purged":[],"score":156,"play_id":"4a9c5306-24a5-4808-a305-b1682046e265","local_time":"20190531155838","is_ascension_mode":true,"campfire_choices":[{"data":"Fiend Fire","floor":6.0,"key":"SMITH"},{"data":"Whirlwind","floor":8.0,"key":"SMITH"}],"neow_cost":"PERCENT_DAMAGE","seed_source_timestamp":9624291431800,"circlet_count":0,"master_deck":["AscendersBane","Strike_R","Strike_R","Strike_R","Strike_R","Strike_R","Defend_R","Defend_R","Defend_R","Defend_R","Bash","Fiend Fire+1","Sentinel","Pain","Whirlwind+1","Disarm","Offering","Disarm"],"special_seed":0,"relics":["Burning Blood","WarpedTongs","Question Card","Juzu Bracelet"],"potions_floor_usage":[11,12],"damage_taken":[{"damage":15.0,"enemies":"2 Louse","floor":1.0,"turns":2.0},{"damage":16.0,"enemies":"Small Slimes","floor":5.0,"turns":4.0},{"damage":1.0,"enemies":"Cultist","floor":7.0,"turns":2.0},{"damage":22.0,"enemies":"Exordium Thugs","floor":10.0,"turns":7.0},{"damage":39,"enemies":"Lagavulin","floor":11,"turns":5},{"damage":20,"enemies":"Gremlin Gang","floor":12,"turns":3}],"seed_played":"-3957004047313785388","potions_obtained":[{"floor":1.0,"key":"Fire Potion"},{"floor":10.0,"key":"FairyPotion"},{"floor":11,"key":"AttackPotion"}],"is_trial":false,"path_per_floor":["M","$","?","?","M","R","M","R","T","M","E","M"],"character_chosen":"IRONCLAD","items_purchased":[],"campfire_rested":0,"item_purchase_floors":[],"current_hp_per_floor":[41,41,41,41,31,31,36,36,36,20,13,0],"gold":194,"neow_bonus":"THREE_RARE_CARDS","is_prod":false,"is_daily":false,"chose_seed":false,"campfire_upgraded":2,"win_rate":0,"timestamp":1559314718,"path_taken":["M","$","?","?","M","R","?","R","T","M","E","M"],"build_version":"2019-01-23","purchased_purges":0,"victory":false,"max_hp_per_floor":[75,75,75,75,75,75,75,75,75,75,75,75],"card_choices":[{"not_picked":["Double Tap","Feed"],"picked":"Fiend Fire","floor":0.0},{"not_picked":["Warcry","Armaments"],"picked":"Sentinel","floor":1.0},{"not_picked":["Clothesline","Demon Form"],"picked":"Whirlwind","floor":5.0},{"not_picked":["Cleave","Havoc"],"picked":"Disarm","floor":7.0},{"not_picked":["Iron Wave","Warcry","Shrug It Off"],"picked":"Offering","floor":10.0},{"not_picked":["Heavy Blade","Headbutt","Cleave"],"picked":"Disarm","floor":11}],"player_experience":1415991,"relics_obtained":[{"floor":9.0,"key":"Question Card"},{"floor":11,"key":"Juzu Bracelet"}],"event_choices":[{"damage_healed":0.0,"max_hp_gain":0.0,"max_hp_loss":0.0,"gold_gain":0.0,"event_name":"Liars Game","player_choice":"Ignored","floor":3.0,"gold_loss":0.0,"damage_taken":0.0},{"damage_healed":0.0,"max_hp_gain":0.0,"max_hp_loss":0.0,"gold_gain":0.0,"event_name":"Accursed Blacksmith","player_choice":"Rummage","floor":4.0,"gold_loss":0.0,"damage_taken":0.0,"relics_obtained":["WarpedTongs"],"cards_obtained":["Pain"]}],"is_beta":false,"boss_relics":[],"items_purged_floors":[],"is_endless":false,"potions_floor_spawned":[1,10,11],"killed_by":"Gremlin Gang","ascension_level":20}