{"gold_per_floor":[13,13,30,50,67,100,100,113,136,136,206,232,232,232,232,330,330,344,368,493,512,512,512,548,548,548,572,572,597,613,144,144,144],"floor_reached":33,"playtime":1277,"items_purged":[],"score":704,"play_id":"fa15d8f5-f790-4a74-b660-8ae22a9e3af0","local_time":"20190123203604","is_ascension_mode":true,"campfire_choices":[{"data":"Immolate","floor":7.0,"key":"SMITH"},{"data":"Bash","floor":10.0,"key":"SMITH"},{"data":"Shrug It Off","floor":15.0,"key":"SMITH"},{"data":"Impervious","floor":23.0,"key":"SMITH"},{"floor":25.0,"key":"REST"},{"floor":28.0,"key":"REST"},{"floor":32.0,"key":"REST"}],"neow_cost":"NO_GOLD","seed_source_timestamp":36367533780543,"circlet_count":0,"master_deck":["AscendersBane","Strike_R","Strike_R","Strike_R","Strike_R","Strike_R","Defend_R","Defend_R","Defend_R","Defend_R","Bash+1","Immolate+1","Twin Strike","Twin Strike","Iron Wave","Shrug It Off+1","Twin Strike","Impervious+1","True Grit+1","Ghostly Armor","Seeing Red","Spot Weakness","Flame Barrier","Pommel Strike","Uppercut","Anger","Apotheosis"],"special_seed":0,"relics":["Burning Blood","Peace Pipe","Potion Belt","PreservedInsect","Self Forming Clay","Lantern","Golden Idol","Philosopher\u0027s Stone","Turnip","Question Card","Pantograph","Sundial","Shuriken"],"potions_floor_usage":[33],"damage_taken":[{"damage":1.0,"enemies":"Cultist","floor":1.0,"turns":3.0},{"damage":5.0,"enemies":"Small Slimes","floor":3.0,"turns":2.0},{"damage":7.0,"enemies":"Jaw Worm","floor":4.0,"turns":2.0},{"damage":1.0,"enemies":"2 Fungi Beasts","floor":5.0,"turns":2.0},{"damage":8.0,"enemies":"Gremlin Nob","floor":6.0,"turns":3.0},{"damage":0.0,"enemies":"Large Slime","floor":8.0,"turns":4.0},{"damage":0.0,"enemies":"3 Sentries","floor":12.0,"turns":2.0},{"damage":0.0,"enemies":"Slime Boss","floor":16.0,"turns":4.0},{"damage":16.0,"enemies":"Spheric Guardian","floor":18.0,"turns":4.0},{"damage":11.0,"enemies":"Chosen","floor":19.0,"turns":5.0},{"damage":13.0,"enemies":"Colosseum Slavers","floor":20.0,"turns":6.0},{"damage":9.0,"enemies":"Colosseum Nobs","floor":20.0,"turns":3.0},{"damage":28.0,"enemies":"Snake Plant","floor":21.0,"turns":6.0},{"damage":47.0,"enemies":"Gremlin Leader","floor":24.0,"turns":5.0},{"damage":29.0,"enemies":"Chosen and Byrds","floor":27.0,"turns":8.0},{"damage":10.0,"enemies":"Shelled Parasite and Fungi","floor":29.0,"turns":6.0},{"damage":38.0,"enemies":"Sentry and Sphere","floor":30.0,"turns":7.0},{"damage":72,"enemies":"Collector","floor":33,"turns":8}],"seed_played":"7757323210500506671","potions_obtained":[{"floor":3.0,"key":"Explosive Potion"},{"floor":5.0,"key":"PowerPotion"},{"floor":8.0,"key":"SteroidPotion"},{"floor":24.0,"key":"Weak Potion"},{"floor":29.0,"key":"Regen Potion"},{"floor":30.0,"key":"Dexterity Potion"}],"is_trial":false,"path_per_floor":["M","?","M","M","M","E","R","M","T","R","T","E","?","$","R","B",null,"M","M","?","M","?","R","E","R","T","M","R","M","M","$","R","B"],"character_chosen":"IRONCLAD","items_purchased":["Apotheosis","Shuriken"],"campfire_rested":3,"item_purchase_floors":[31,31],"current_hp_per_floor":[73,73,74,73,75,73,73,75,75,75,75,75,49,49,49,55,70,60,55,45,23,75,75,34,56,56,33,55,51,19,19,41,0],"gold":144,"neow_bonus":"THREE_RARE_CARDS","is_prod":false,"is_daily":false,"chose_seed":false,"campfire_upgraded":4,"win_rate":0,"timestamp":1548275764,"path_taken":["M","?","M","M","M","E","R","?","T","R","?","E","?","?","R","BOSS","M","M","?","M","?","R","E","R","T","?","R","M","M","?","R","BOSS"],"build_version":"2019-01-23","purchased_purges":0,"victory":false,"max_hp_per_floor":[75,75,75,75,75,75,75,75,75,75,75,75,75,75,75,75,75,75,75,75,75,75,75,75,75,75,75,75,75,75,75,75,75],"card_choices":[{"not_picked":["Exhume","Limit Break"],"picked":"Immolate","floor":0.0},{"not_picked":["Thunderclap","Havoc"],"picked":"Iron Wave","floor":1.0},{"not_picked":["Warcry","Rupture"],"picked":"Twin Strike","floor":3.0},{"not_picked":["Cleave","Havoc"],"picked":"Twin Strike","floor":4.0},{"not_picked":["Twin Strike","Burning Pact"],"picked":"Iron Wave","floor":5.0},{"not_picked":["Bludgeon","Headbutt"],"picked":"Shrug It Off","floor":6.0},{"not_picked":["Sword Boomerang","Clash"],"picked":"Twin Strike","floor":8.0},{"not_picked":["Sentinel","Flex","Cleave"],"picked":"SKIP","floor":12.0},{"not_picked":["Fiend Fire","Bludgeon"],"picked":"Impervious","floor":16.0},{"not_picked":["Iron Wave","Power Through"],"picked":"True Grit+1","floor":18.0},{"not_picked":["Feel No Pain","Bloodletting"],"picked":"Ghostly Armor","floor":19.0},{"not_picked":["Perfected Strike","Clash"],"picked":"Seeing Red","floor":20.0},{"not_picked":["Combust","Bloodletting","Evolve"],"picked":"Spot Weakness","floor":21.0},{"not_picked":["Bloodletting","Ghostly Armor","Infernal Blade+1"],"picked":"Flame Barrier","floor":24.0},{"not_picked":["Wild Strike+1","Cleave+1","True Grit"],"picked":"Pommel Strike","floor":27.0},{"not_picked":["Cleave","Burning Pact","Flex"],"picked":"Uppercut","floor":29.0},{"not_picked":["Perfected Strike","Wild Strike","Sword Boomerang"],"picked":"Anger","floor":30.0}],"player_experience":1163883,"relics_obtained":[{"floor":6.0,"key":"Potion Belt"},{"floor":9.0,"key":"PreservedInsect"},{"floor":11.0,"key":"Self Forming Clay"},{"floor":12.0,"key":"Lantern"},{"floor":20.0,"key":"Turnip"},{"floor":20.0,"key":"Question Card"},{"floor":24.0,"key":"Pantograph"},{"floor":26.0,"key":"Sundial"}],"event_choices":[{"cards_removed":["Iron Wave"],"damage_healed":0.0,"max_hp_gain":0.0,"max_hp_loss":0.0,"gold_gain":0.0,"event_name":"WeMeetAgain","player_choice":"Gave Card","floor":2.0,"gold_loss":0.0,"damage_taken":0.0,"relics_obtained":["Peace Pipe"]},{"damage_healed":0.0,"max_hp_gain":0.0,"max_hp_loss":0.0,"gold_gain":0.0,"event_name":"Golden Idol","player_choice":"Take Damage","floor":13.0,"gold_loss":0.0,"damage_taken":26.0,"relics_obtained":["Golden Idol"]},{"damage_healed":0.0,"max_hp_gain":0.0,"max_hp_loss":0.0,"gold_gain":0.0,"event_name":"Colosseum","player_choice":"Fight","floor":20.0,"gold_loss":0.0,"damage_taken":0.0},{"damage_healed":0.0,"max_hp_gain":0.0,"max_hp_loss":0.0,"gold_gain":0.0,"event_name":"Colosseum","player_choice":"Fought Nobs","floor":20.0,"gold_loss":0.0,"damage_taken":0.0},{"damage_healed":52.0,"max_hp_gain":0.0,"max_hp_loss":0.0,"gold_gain":0.0,"event_name":"Wheel of Change","player_choice":"Full Heal","floor":22.0,"gold_loss":0.0,"damage_taken":0.0}],"is_beta":false,"boss_relics":[{"not_picked":["Runic Cube","Runic Pyramid"],"picked":"Philosopher\u0027s Stone"}],"items_purged_floors":[],"is_endless":false,"potions_floor_spawned":[3,5,8,20,24,29,30],"killed_by":"Collector","ascension_level":20}