{"gold_per_floor":[18,18,18,18,30,64,64,91,91,104,104],"floor_reached":11,"playtime":274,"items_purged":[],"score":162,"play_id":"f0950504-f4e9-4fad-81d5-9c11cf8d7adf","local_time":"20190630150108","is_ascension_mode":true,"campfire_choices":[{"data":"Glass Knife","floor":7,"key":"SMITH"}],"neow_cost":"NO_GOLD","seed_source_timestamp":5539310448175494,"circlet_count":0,"master_deck":["AscendersBane","Defend_G","Defend_G","Defend_G","Defend_G","Defend_G","Strike_G","Strike_G","Survivor","Neutralize","Masterful Stab","Concentrate","Backstab","Backstab","Poisoned Stab","Glass Knife+1","PiercingWail","Flying Knee"],"relics":["Ring of the Snake","The Courier","Juzu Bracelet","Darkstone Periapt"],"potions_floor_usage":[6],"damage_taken":[{"damage":7,"enemies":"Jaw Worm","floor":1,"turns":5},{"damage":0,"enemies":"2 Louse","floor":5,"turns":1},{"damage":17,"enemies":"3 Sentries","floor":6,"turns":10},{"damage":22,"enemies":"Lagavulin","floor":8,"turns":5},{"damage":0,"enemies":"Cultist","floor":10,"turns":1},{"damage":23,"enemies":"Gremlin Nob","floor":11,"turns":3}],"seed_played":"-3730980226497503471","potions_obtained":[{"floor":1,"key":"Strength Potion"}],"is_trial":false,"path_per_floor":["M","$","?","?","M","E","R","E","T","M","E"],"character_chosen":"THE_SILENT","items_purchased":[],"campfire_rested":0,"item_purchase_floors":[],"current_hp_per_floor":[52,52,57,57,57,40,40,18,18,18,0],"gold":104,"neow_bonus":"TRANSFORM_TWO_CARDS","is_prod":false,"is_daily":false,"chose_seed":false,"campfire_upgraded":1,"win_rate":0,"timestamp":1561921268,"path_taken":["M","$","?","?","?","E","R","E","T","M","E"],"build_version":"2019-01-23","purchased_purges":0,"victory":false,"max_hp_per_floor":[66,66,71,71,71,71,71,71,71,71,71],"card_choices":[{"not_picked":["Escape Plan","Poisoned Stab"],"picked":"Backstab","floor":1},{"not_picked":["Crippling Poison","Deflect"],"picked":"Poisoned Stab","floor":5},{"not_picked":["Underhanded Strike","Poisoned Stab"],"picked":"Glass Knife","floor":6},{"not_picked":["Backflip","Eviscerate"],"picked":"PiercingWail","floor":8},{"not_picked":["Quick Slash","Expertise"],"picked":"Flying Knee","floor":10}],"player_experience":815015,"relics_obtained":[{"floor":6,"key":"The Courier"},{"floor":8,"key":"Juzu Bracelet"},{"floor":9,"key":"Darkstone Periapt"}],"event_choices":[{"damage_healed":0,"gold_gain":0,"player_choice":"Donut","damage_taken":0,"max_hp_gain":5,"max_hp_loss":0,"event_name":"Big Fish","floor":3,"gold_loss":0},{"damage_healed":0,"gold_gain":0,"cards_transformed":["Strike_G"],"player_choice":"Transformed","damage_taken":0,"max_hp_gain":0,"max_hp_loss":0,"event_name":"Transmorgrifier","floor":4,"gold_loss":0,"cards_obtained":["Backstab"]}],"is_beta":false,"boss_relics":[],"items_purged_floors":[],"is_endless":false,"potions_floor_spawned":[1],"killed_by":"Gremlin Nob","ascension_level":20}