{"gold_per_floor":[13,13,26,37,55,85,85,85,132,159,159,173,185,198,198,272,272,287,212,212,212,137,137,151,151,175,210,210,230,230],"floor_reached":30,"playtime":1402,"items_purged":["Strike_B"],"score":532,"play_id":"e98029b6-2d91-4b72-aa11-28a514b290d5","local_time":"20181002003033","is_ascension_mode":true,"campfire_choices":[{"floor":8.0,"key":"REST"},{"data":"Zap","floor":11.0,"key":"SMITH"},{"floor":15.0,"key":"REST"},{"floor":23,"key":"REST"},{"floor":25,"key":"REST"},{"floor":28,"key":"REST"}],"neow_cost":"NO_GOLD","seed_source_timestamp":0,"circlet_count":0,"master_deck":["Strike_B","Strike_B","Strike_B","Defend_B","Defend_B","Defend_B","Zap+1","Dualcast","AscendersBane","Conserve Battery","Cold Snap","Ball Lightning","FTL","Seek","Leap","Compile Driver","Creative AI","Steam","Stack","Conserve Battery","Go for the Eyes","Loop","Sunder","White Noise"],"special_seed":0,"relics":["Cracked Core","Anchor","Dodecahedron","Bronze Scales","Torii","Orrery","Enchiridion","Omamori","Symbiotic Virus"],"potions_floor_usage":[16,27,29],"damage_taken":[{"damage":0.0,"enemies":"Cultist","floor":1.0,"turns":3.0},{"damage":2.0,"enemies":"Small Slimes","floor":3.0,"turns":3.0},{"damage":0.0,"enemies":"2 Louse","floor":4.0,"turns":1.0},{"damage":15.0,"enemies":"Large Slime","floor":5.0,"turns":6.0},{"damage":25.0,"enemies":"3 Sentries","floor":6.0,"turns":8.0},{"damage":18.0,"enemies":"Lagavulin","floor":10.0,"turns":6.0},{"damage":0.0,"enemies":"Red Slaver","floor":12.0,"turns":3.0},{"damage":0.0,"enemies":"Looter","floor":13.0,"turns":2.0},{"damage":0.0,"enemies":"2 Fungi Beasts","floor":14.0,"turns":2.0},{"damage":16,"enemies":"Slime Boss","floor":16,"turns":9},{"damage":4,"enemies":"Shell Parasite","floor":18,"turns":8},{"damage":11,"enemies":"Spheric Guardian","floor":24,"turns":5},{"damage":24,"enemies":"Book of Stabbing","floor":27,"turns":5},{"damage":56,"enemies":"Snecko","floor":29,"turns":9},{"damage":22,"enemies":"Centurion and Healer","floor":30,"turns":3}],"seed_played":"7540650717630435740","potions_obtained":[{"floor":3.0,"key":"GamblersBrew"},{"floor":4.0,"key":"Poison Potion"},{"floor":6.0,"key":"GamblersBrew"},{"floor":12.0,"key":"Poison Potion"},{"floor":16,"key":"Poison Potion"}],"is_trial":false,"path_per_floor":["M","$","M","M","M","E","T","R","T","E","R","M","M","M","R","B",null,"M","$","?","?","?","R","M","R","T","E","R","M"],"character_chosen":"DEFECT","items_purchased":[],"campfire_rested":5,"item_purchase_floors":[],"current_hp_per_floor":[78,78,76,76,61,36,36,61,61,43,43,43,43,43,68,52,77,73,73,52,27,27,54,43,70,70,46,73,17,0],"gold":230,"neow_bonus":"TWENTY_PERCENT_HP_BONUS","is_prod":false,"is_daily":false,"chose_seed":false,"campfire_upgraded":1,"win_rate":0,"timestamp":1538454633,"path_taken":["M","$","M","?","M","E","?","R","T","E","R","M","M","?","R","BOSS","M","?","?","?","?","R","M","R","T","E","R","?","M"],"build_version":"2018-09-27","purchased_purges":1,"victory":false,"max_hp_per_floor":[85,85,85,85,85,85,85,85,85,85,85,85,85,85,85,85,85,85,85,85,90,90,90,90,90,90,90,90,90,90],"card_choices":[{"not_picked":["Streamline","Stack"],"picked":"Conserve Battery","floor":1.0},{"not_picked":["Compile Driver","Sunder"],"picked":"Cold Snap","floor":3.0},{"not_picked":["Force Field","Skim","Chaos"],"picked":"SKIP","floor":4.0},{"not_picked":["Seek","Stack"],"picked":"Ball Lightning","floor":5.0},{"not_picked":["Auto Shields","Reinforced Body"],"picked":"FTL","floor":6.0},{"not_picked":["Rebound","Reprogram"],"picked":"Seek","floor":10.0},{"not_picked":["Rebound","Turbo"],"picked":"Leap","floor":12.0},{"not_picked":["Aggregate","Storm"],"picked":"Compile Driver","floor":13.0},{"not_picked":["Steam Power","Gash","Chaos"],"picked":"SKIP","floor":14.0},{"not_picked":["Thunder Strike","Machine Learning"],"picked":"Creative AI","floor":16},{"not_picked":["Sweeping Beam","Turbo"],"picked":"Steam","floor":17},{"not_picked":["Skim","Redo"],"picked":"Stack","floor":17},{"not_picked":["Compile Driver","Stack"],"picked":"Conserve Battery","floor":17},{"not_picked":["Meteor Strike","Barrage"],"picked":"Go for the Eyes","floor":17},{"not_picked":["Recycle","Reinforced Body"],"picked":"Loop","floor":17},{"not_picked":["Go for the Eyes","Ball Lightning"],"picked":"Sunder","floor":18},{"not_picked":["Barrage+1","Sweeping Beam+1","Scrape+1"],"picked":"SKIP","floor":24},{"not_picked":["Double Energy","Barrage","Steam"],"picked":"SKIP","floor":27},{"not_picked":["Creative AI","Coolheaded"],"picked":"White Noise","floor":29}],"player_experience":348696,"relics_obtained":[{"floor":6.0,"key":"Anchor"},{"floor":7.0,"key":"Dodecahedron"},{"floor":9.0,"key":"Bronze Scales"},{"floor":10.0,"key":"Torii"},{"floor":20,"key":"Enchiridion"},{"floor":26,"key":"Omamori"},{"floor":27,"key":"Symbiotic Virus"}],"event_choices":[{"event_name":"Cursed Tome","player_choice":"Obtained Book","floor":20,"damage_taken":0},{"event_name":"Forgotten Altar","player_choice":"Shed Blood","floor":21,"damage_taken":0},{"event_name":"Beggar","player_choice":"Gave Gold","floor":22,"damage_taken":0}],"is_beta":false,"boss_relics":[{"not_picked":["Philosopher\u0027s Stone","Lizard Tail"],"picked":"Orrery"}],"items_purged_floors":[19],"is_endless":false,"potions_floor_spawned":[3,4,6,12,16,24],"killed_by":"Centurion and Healer","ascension_level":19}