{"gold_per_floor":[211,211,211,211,227,227,552,552,552,286,296,35,0,30,30,30],"floor_reached":16,"playtime":348,"items_purged":[],"score":212,"play_id":"9d753606-20d3-481a-86fc-3a73f59a6e14","local_time":"20190527134221","is_ascension_mode":true,"campfire_choices":[{"data":"Zap","floor":6.0,"key":"SMITH"},{"floor":8,"key":"REST"},{"data":"Defragment","floor":15,"key":"SMITH"}],"neow_cost":"NONE","seed_source_timestamp":0,"circlet_count":0,"master_deck":["AscendersBane","Strike_B","Strike_B","Strike_B","Strike_B","Defend_B","Defend_B","Defend_B","Defend_B","Zap+1","Dualcast","Ball Lightning","Conserve Battery","Compile Driver","Go for the Eyes","Defragment+1","Go for the Eyes"],"special_seed":0,"relics":["Cracked Core","Old Coin","Gremlin Horn","Mummified Hand","Runic Capacitor","Smiling Mask"],"potions_floor_usage":[14,16],"damage_taken":[{"damage":7.0,"enemies":"2 Louse","floor":1.0,"turns":3.0},{"damage":5.0,"enemies":"Small Slimes","floor":5.0,"turns":3.0},{"damage":45,"enemies":"3 Sentries","floor":7,"turns":8},{"damage":0,"enemies":"Cultist","floor":11,"turns":3},{"damage":30,"enemies":"Gremlin Nob","floor":14,"turns":4},{"damage":20,"enemies":"Hexaghost","floor":16,"turns":7}],"seed_played":"43192302193905476","potions_obtained":[{"floor":7,"key":"Energy Potion"},{"floor":14,"key":"FocusPotion"}],"is_trial":false,"path_per_floor":["M","$","?","?","M","R","E","R","T","$","M","$","?","E","R","B"],"character_chosen":"DEFECT","items_purchased":["Mummified Hand","Defragment","Runic Capacitor"],"campfire_rested":1,"item_purchase_floors":[10,12,12],"current_hp_per_floor":[57,57,57,57,52,52,7,28,28,28,28,28,45,15,15,0],"gold":30,"neow_bonus":"HUNDRED_GOLD","is_prod":false,"is_daily":false,"chose_seed":false,"campfire_upgraded":2,"win_rate":0,"timestamp":1558978941,"path_taken":["M","$","?","?","M","R","E","R","T","$","M","$","?","E","R","BOSS"],"build_version":"2019-01-23","purchased_purges":0,"victory":false,"max_hp_per_floor":[71,71,71,71,71,71,71,71,71,71,71,71,71,71,71,71],"card_choices":[{"not_picked":["Hologram","Steam"],"picked":"Ball Lightning","floor":1.0},{"not_picked":["Leap","Steam"],"picked":"Conserve Battery","floor":5.0},{"not_picked":["Barrage","Fission"],"picked":"Compile Driver","floor":7},{"not_picked":["Conserve Battery","Beam Cell"],"picked":"Go for the Eyes","floor":11},{"not_picked":["Turbo","Redo"],"picked":"Go for the Eyes","floor":14}],"player_experience":715026,"relics_obtained":[{"floor":7,"key":"Old Coin"},{"floor":9,"key":"Gremlin Horn"},{"floor":14,"key":"Smiling Mask"}],"event_choices":[{"damage_healed":0.0,"max_hp_gain":0.0,"max_hp_loss":0.0,"gold_gain":0.0,"event_name":"Shining Light","player_choice":"Ignored","floor":3.0,"gold_loss":0.0,"damage_taken":0.0},{"damage_healed":0.0,"max_hp_gain":0.0,"max_hp_loss":0.0,"gold_gain":0.0,"event_name":"Liars Game","player_choice":"Ignored","floor":4.0,"gold_loss":0.0,"damage_taken":0.0},{"damage_healed":17,"gold_gain":0,"player_choice":"Healed","damage_taken":0,"max_hp_gain":0,"max_hp_loss":0,"event_name":"The Cleric","floor":13,"gold_loss":35}],"is_beta":false,"boss_relics":[],"items_purged_floors":[],"is_endless":false,"potions_floor_spawned":[7,14],"killed_by":"Hexaghost","ascension_level":20}