{"gold_per_floor":[116,61,78,96,96,96,130,147,223,188,188],"floor_reached":11,"playtime":309,"items_purged":[],"score":146,"play_id":"5153e410-86fa-4f29-b82d-72c025ac8149","local_time":"20190609093431","is_ascension_mode":true,"campfire_choices":[{"data":"Neutralize","floor":6,"key":"SMITH"}],"neow_cost":"TEN_PERCENT_HP_LOSS","seed_source_timestamp":400522352231400,"circlet_count":0,"master_deck":["AscendersBane","Defend_G","Defend_G","Defend_G","Defend_G","Defend_G","Strike_G","Strike_G","Strike_G","Strike_G","Strike_G","Survivor","Neutralize+1","Noxious Fumes","Flying Knee","Flying Knee","Bouncing Flask","Backflip","Catalyst"],"relics":["Ring of the Snake","Incense Burner","Calipers","Matryoshka"],"potions_floor_usage":[8,8],"damage_taken":[{"damage":3,"enemies":"Small Slimes","floor":1,"turns":5},{"damage":0,"enemies":"2 Louse","floor":3,"turns":3},{"damage":1,"enemies":"Cultist","floor":4,"turns":3},{"damage":32,"enemies":"Lagavulin","floor":7,"turns":7},{"damage":10,"enemies":"Exordium Wildlife","floor":8,"turns":5},{"damage":28,"enemies":"3 Sentries","floor":11,"turns":4}],"seed_played":"-3686923963302200327","potions_obtained":[{"floor":1,"key":"SteroidPotion"},{"floor":7,"key":"Swift Potion"}],"is_trial":false,"path_per_floor":["M","$","M","M","?","R","E","M","T","?","E"],"character_chosen":"THE_SILENT","items_purchased":["Flying Knee"],"campfire_rested":0,"item_purchase_floors":[2],"current_hp_per_floor":[56,56,56,55,55,55,23,13,13,28,0],"gold":188,"neow_bonus":"ONE_RARE_RELIC","is_prod":false,"is_daily":false,"chose_seed":false,"campfire_upgraded":1,"win_rate":0,"timestamp":1560069271,"path_taken":["M","$","M","M","?","R","E","M","T","?","E"],"build_version":"2019-01-23","purchased_purges":0,"victory":false,"max_hp_per_floor":[60,60,60,60,60,60,60,60,60,60,60],"card_choices":[{"not_picked":["Underhanded Strike","Sucker Punch"],"picked":"Noxious Fumes","floor":1},{"not_picked":["Cloak And Dagger","Slice"],"picked":"Flying Knee","floor":3},{"not_picked":["Calculated Gamble","Deflect"],"picked":"Bouncing Flask","floor":4},{"not_picked":["Expertise","Outmaneuver"],"picked":"Backflip","floor":7},{"not_picked":["Bouncing Flask","Slice"],"picked":"Catalyst","floor":8}],"player_experience":1435401,"relics_obtained":[{"floor":7,"key":"Calipers"},{"floor":9,"key":"Matryoshka"}],"event_choices":[{"damage_healed":0,"gold_gain":0,"player_choice":"Ignored","damage_taken":0,"max_hp_gain":0,"max_hp_loss":0,"event_name":"Liars Game","floor":5,"gold_loss":0},{"damage_healed":15,"gold_gain":0,"player_choice":"Healed","damage_taken":0,"max_hp_gain":0,"max_hp_loss":0,"event_name":"The Cleric","floor":10,"gold_loss":35}],"is_beta":false,"boss_relics":[],"items_purged_floors":[],"is_endless":false,"potions_floor_spawned":[1,7],"killed_by":"3 Sentries","ascension_level":20}