{"gold_per_floor":[113,129,179,195,195,253,253,253,300,336,361,361,395,418,418,418],"floor_reached":16,"playtime":421,"items_purged":[],"score":240,"play_id":"3e47a599-59d9-4b1f-9488-474a297934c8","local_time":"20190609205611","is_ascension_mode":true,"campfire_choices":[{"floor":7.0,"key":"REST"},{"floor":12,"key":"REST"},{"floor":15,"key":"DIG"}],"neow_cost":"NONE","seed_source_timestamp":9860575195900,"circlet_count":0,"master_deck":["AscendersBane","Strike_R","Strike_R","Strike_R","Strike_R","Strike_R","Defend_R","Defend_R","Defend_R","Defend_R","Bash+1","Sever Soul","Spot Weakness","Sentinel","Sentinel","Dropkick","Battle Trance","Immolate","Rage"],"special_seed":0,"relics":["Burning Blood","Bronze Scales","Tiny Chest","Golden Idol","Blood Vial","Shovel","Dodecahedron","Anchor"],"potions_floor_usage":[16],"damage_taken":[{"damage":4.0,"enemies":"2 Louse","floor":1.0,"turns":3.0},{"damage":1.0,"enemies":"Cultist","floor":2.0,"turns":3.0},{"damage":4.0,"enemies":"Jaw Worm","floor":4.0,"turns":4.0},{"damage":50.0,"enemies":"3 Sentries","floor":6.0,"turns":10.0},{"damage":24.0,"enemies":"Gremlin Nob","floor":10.0,"turns":4.0},{"damage":6.0,"enemies":"2 Fungi Beasts","floor":11.0,"turns":3.0},{"damage":35,"enemies":"Lagavulin","floor":13,"turns":5},{"damage":1,"enemies":"Looter","floor":14,"turns":2},{"damage":22,"enemies":"The Guardian","floor":16,"turns":5}],"seed_played":"-8259051291546241431","potions_obtained":[{"floor":4.0,"key":"Ancient Potion"},{"floor":6.0,"key":"LiquidBronze"},{"floor":11.0,"key":"Weak Potion"}],"is_trial":false,"path_per_floor":["M","M","?","M","?","E","R","?","T","E","M","R","E","M","R","B"],"character_chosen":"IRONCLAD","items_purchased":[],"campfire_rested":2,"item_purchase_floors":[],"current_hp_per_floor":[70,75,68,70,59,15,37,37,37,21,23,43,16,23,23,3],"gold":418,"neow_bonus":"UPGRADE_CARD","is_prod":false,"is_daily":false,"chose_seed":false,"campfire_upgraded":0,"win_rate":0,"timestamp":1560110171,"path_taken":["M","M","?","?","?","E","R","?","T","E","M","R","E","M","R","BOSS"],"build_version":"2019-01-23","purchased_purges":0,"victory":false,"max_hp_per_floor":[75,75,75,75,75,75,75,68,68,68,68,68,68,68,68,68],"card_choices":[{"not_picked":["Clash","Armaments"],"picked":"Sever Soul","floor":1.0},{"not_picked":["Searing Blow","Clash"],"picked":"Spot Weakness","floor":2.0},{"not_picked":["True Grit","Intimidate"],"picked":"Sentinel","floor":4.0},{"not_picked":["Ghostly Armor","Anger"],"picked":"Sentinel","floor":6.0},{"not_picked":["Warcry","True Grit"],"picked":"Dropkick","floor":10.0},{"not_picked":["Shrug It Off","Seeing Red"],"picked":"Battle Trance","floor":11.0},{"not_picked":["Wild Strike","Seeing Red"],"picked":"Immolate","floor":13},{"not_picked":["Twin Strike","Combust"],"picked":"Rage","floor":14}],"player_experience":1438288,"relics_obtained":[{"floor":6.0,"key":"Tiny Chest"},{"floor":9.0,"key":"Blood Vial"},{"floor":10.0,"key":"Shovel"},{"floor":13,"key":"Dodecahedron"},{"floor":15,"key":"Anchor"}],"event_choices":[{"damage_healed":0.0,"max_hp_gain":0.0,"max_hp_loss":0.0,"gold_gain":50.0,"event_name":"FaceTrader","player_choice":"Touch","floor":3.0,"gold_loss":0.0,"damage_taken":7.0},{"damage_healed":0.0,"max_hp_gain":0.0,"max_hp_loss":0.0,"gold_gain":0.0,"event_name":"Scrap Ooze","player_choice":"Success","floor":5.0,"gold_loss":0.0,"damage_taken":11.0,"relics_obtained":["Bronze Scales"]},{"damage_healed":0.0,"max_hp_gain":0.0,"max_hp_loss":7.0,"gold_gain":0.0,"event_name":"Golden Idol","player_choice":"Lose Max HP","floor":8.0,"gold_loss":0.0,"damage_taken":0.0,"relics_obtained":["Golden Idol"]}],"is_beta":false,"boss_relics":[],"items_purged_floors":[],"is_endless":false,"potions_floor_spawned":[4,6,11],"killed_by":"The Guardian","ascension_level":20}