{"gold_per_floor":[110,185,185,203,15,15,34,68,68,100,100,118,118,43,43,116,116,131,143,143,161,161,161],"floor_reached":23,"playtime":785,"items_purged":[],"score":398,"play_id":"43dcbbc9-6961-4bd4-952e-ab6f3bc9539e","local_time":"20190223181923","is_ascension_mode":true,"campfire_choices":[{"data":"Apotheosis","floor":6.0,"key":"SMITH"},{"floor":11.0,"key":"REST"},{"floor":13.0,"key":"RECALL"},{"data":"Caltrops","floor":15.0,"key":"SMITH"}],"neow_cost":"NONE","seed_source_timestamp":629057700582300,"circlet_count":0,"master_deck":["AscendersBane","Defend_G","Defend_G","Defend_G","Defend_G","Defend_G","Strike_G","Strike_G","Strike_G","Strike_G","Survivor","Neutralize","Terror","Apotheosis+1","Dagger Spray","Riddle With Holes","Infinite Blades","Caltrops+1","After Image","Predator","Reflex+1","Backstab","RitualDagger"],"special_seed":0,"relics":["Ring of the Serpent","NeowsBlessing","Bag of Preparation","Dream Catcher","Mummified Hand","Gambling Chip"],"potions_floor_usage":[23],"damage_taken":[{"damage":0.0,"enemies":"Cultist","floor":1.0,"turns":1.0},{"damage":0.0,"enemies":"Jaw Worm","floor":4.0,"turns":1.0},{"damage":0.0,"enemies":"Small Slimes","floor":7.0,"turns":1.0},{"damage":4.0,"enemies":"Lagavulin","floor":8.0,"turns":7.0},{"damage":22.0,"enemies":"3 Sentries","floor":10.0,"turns":8.0},{"damage":0.0,"enemies":"2 Fungi Beasts","floor":12.0,"turns":2.0},{"damage":10.0,"enemies":"Hexaghost","floor":16.0,"turns":8.0},{"damage":3.0,"enemies":"2 Thieves","floor":18.0,"turns":5.0},{"damage":0.0,"enemies":"Chosen","floor":19.0,"turns":3.0},{"damage":22.0,"enemies":"Shelled Parasite and Fungi","floor":21.0,"turns":6.0},{"damage":34,"enemies":"Gremlin Leader","floor":23,"turns":4}],"seed_played":"7620644257947161994","potions_obtained":[{"floor":4.0,"key":"Weak Potion"},{"floor":8.0,"key":"Dexterity Potion"},{"floor":18.0,"key":"SkillPotion"}],"is_trial":false,"path_per_floor":["M","?","?","M","$","R","M","E","T","E","R","M","R","?","R","B",null,"M","M","?","M","?","E"],"character_chosen":"THE_SILENT","items_purchased":["Apotheosis"],"campfire_rested":1,"item_purchase_floors":[5],"current_hp_per_floor":[59,48,48,48,48,48,48,44,44,22,41,41,41,41,41,31,57,54,54,54,32,26,0],"gold":161,"neow_bonus":"THREE_ENEMY_KILL","is_prod":false,"is_daily":false,"chose_seed":false,"campfire_upgraded":2,"win_rate":0,"timestamp":1550974763,"path_taken":["M","?","?","M","$","R","M","E","T","E","R","?","R","?","R","BOSS","M","M","?","M","?","E"],"build_version":"2019-01-23","purchased_purges":0,"victory":false,"max_hp_per_floor":[66,66,66,66,66,66,66,66,66,66,66,66,66,66,66,66,66,66,66,66,66,66,66],"card_choices":[{"not_picked":["Acrobatics","Flying Knee"],"picked":"Slice","floor":1.0},{"not_picked":["Dagger Spray","Flechettes"],"picked":"Terror","floor":4.0},{"not_picked":["Expertise","Blur"],"picked":"Dagger Spray","floor":7.0},{"not_picked":["Terror","Prepared","Underhanded Strike"],"picked":"SKIP","floor":8.0},{"not_picked":["Deadly Poison","Tactician"],"picked":"Riddle With Holes","floor":10.0},{"not_picked":["Sucker Punch","Doppelganger"],"picked":"Infinite Blades","floor":11.0},{"not_picked":["Deflect","Underhanded Strike"],"picked":"Caltrops","floor":12.0},{"not_picked":["Glass Knife","Corpse Explosion"],"picked":"After Image","floor":16.0},{"not_picked":["Skewer","Prepared"],"picked":"Predator","floor":18.0},{"not_picked":["Underhanded Strike","Outmaneuver+1"],"picked":"Reflex+1","floor":19.0},{"not_picked":["Endless Agony","Underhanded Strike"],"picked":"Backstab","floor":21.0}],"player_experience":1193328,"relics_obtained":[{"floor":8.0,"key":"Dream Catcher"},{"floor":9.0,"key":"Mummified Hand"},{"floor":10.0,"key":"Gambling Chip"}],"event_choices":[{"damage_healed":0.0,"max_hp_gain":0.0,"max_hp_loss":0.0,"gold_gain":75.0,"event_name":"World of Goop","player_choice":"Gather Gold","floor":2.0,"gold_loss":0.0,"damage_taken":11.0},{"cards_removed":["Slice"],"damage_healed":0.0,"max_hp_gain":0.0,"max_hp_loss":0.0,"gold_gain":0.0,"event_name":"WeMeetAgain","player_choice":"Gave Card","floor":3.0,"gold_loss":0.0,"damage_taken":0.0,"relics_obtained":["Bag of Preparation"]},{"cards_removed":["Strike_G"],"damage_healed":0.0,"max_hp_gain":0.0,"max_hp_loss":0.0,"gold_gain":0.0,"event_name":"The Cleric","player_choice":"Card Removal","floor":14.0,"gold_loss":75.0,"damage_taken":0.0},{"damage_healed":0.0,"max_hp_gain":0.0,"max_hp_loss":0.0,"gold_gain":0.0,"event_name":"Ghosts","player_choice":"Ignored","floor":20.0,"gold_loss":0.0,"damage_taken":0.0},{"damage_healed":0.0,"max_hp_gain":0.0,"max_hp_loss":0.0,"gold_gain":0.0,"event_name":"Nest","player_choice":"Joined the Cult","floor":22.0,"gold_loss":0.0,"damage_taken":6.0,"cards_obtained":["RitualDagger"]}],"is_beta":false,"boss_relics":[{"not_picked":["Lizard Tail","Philosopher\u0027s Stone"],"picked":"Ring of the Serpent"}],"items_purged_floors":[],"is_endless":false,"potions_floor_spawned":[4,8,16,18,19],"killed_by":"Gremlin Leader","ascension_level":20}