{"gold_per_floor":[118,136,186,196,196,196,213,213,213,239,239,239,249,295,295,369,369,369],"floor_reached":18,"playtime":403,"items_purged":[],"score":304,"play_id":"ff8d06d0-12df-46ed-b890-7382b5f97d08","local_time":"20190226215013","is_ascension_mode":true,"campfire_choices":[{"data":"Bash","floor":6,"key":"SMITH"},{"data":"Anger","floor":8,"key":"SMITH"},{"data":"Cleave","floor":11,"key":"SMITH"},{"data":"Inflame","floor":15,"key":"SMITH"}],"neow_cost":"NONE","seed_source_timestamp":5820796667409319,"circlet_count":0,"master_deck":["AscendersBane","Strike_R","Strike_R","Strike_R","Strike_R","Defend_R","Defend_R","Defend_R","Defend_R","Bash+1","Anger+1","Cleave+1","Headbutt","Perfected Strike","Inflame+1","Demon Form"],"special_seed":0,"relics":["Burning Blood","Bag of Marbles","Blood Vial","Bottled Lightning","Anchor","Mark of Pain"],"potions_floor_usage":[10,10,18],"damage_taken":[{"damage":9.0,"enemies":"2 Louse","floor":1.0,"turns":3.0},{"damage":1.0,"enemies":"Cultist","floor":2.0,"turns":3.0},{"damage":6.0,"enemies":"Small Slimes","floor":4.0,"turns":5.0},{"damage":16,"enemies":"Blue Slaver","floor":7,"turns":3},{"damage":35,"enemies":"Lagavulin","floor":10,"turns":4},{"damage":7,"enemies":"Looter","floor":13,"turns":3},{"damage":27,"enemies":"Slime Boss","floor":16,"turns":8},{"damage":62,"enemies":"3 Byrds","floor":18,"turns":5}],"seed_played":"888940053028392489","potions_obtained":[{"floor":2.0,"key":"BloodPotion"},{"floor":7,"key":"Poison Potion"},{"floor":13,"key":"Weak Potion"}],"is_trial":false,"path_per_floor":["M","M","?","M","?","R","M","R","T","E","R","?","M","T","R","B",null,"M"],"character_chosen":"IRONCLAD","items_purchased":[],"campfire_rested":0,"item_purchase_floors":[],"current_hp_per_floor":[65,70,70,70,70,70,60,60,60,40,40,33,34,34,34,15,60,0],"gold":369,"neow_bonus":"RANDOM_COMMON_RELIC","is_prod":false,"is_daily":false,"chose_seed":false,"campfire_upgraded":4,"win_rate":0,"timestamp":1551235813,"path_taken":["M","M","?","?","?","R","M","R","T","E","R","?","M","?","R","BOSS","M"],"build_version":"2019-01-23","purchased_purges":0,"victory":false,"max_hp_per_floor":[75,75,75,75,75,75,75,75,75,75,75,75,75,75,75,75,75,75],"card_choices":[{"not_picked":["Cleave","Combust"],"picked":"Anger","floor":1.0},{"not_picked":["Carnage","Iron Wave","Reckless Charge"],"picked":"SKIP","floor":2.0},{"not_picked":["Thunderclap","Bloodletting"],"picked":"Cleave","floor":4.0},{"not_picked":["Wild Strike","Ghostly Armor"],"picked":"Headbutt","floor":7},{"not_picked":["Combust","True Grit"],"picked":"Perfected Strike","floor":10},{"not_picked":["Clash","Wild Strike"],"picked":"Inflame","floor":13},{"not_picked":["Feed","Reaper"],"picked":"Demon Form","floor":16}],"player_experience":579003,"relics_obtained":[{"floor":9,"key":"Blood Vial"},{"floor":10,"key":"Bottled Lightning"},{"floor":14,"key":"Anchor"}],"event_choices":[{"damage_healed":0.0,"max_hp_gain":0.0,"max_hp_loss":0.0,"gold_gain":50.0,"event_name":"Golden Shrine","player_choice":"Pray","floor":3.0,"gold_loss":0.0,"damage_taken":0.0},{"damage_healed":0,"gold_gain":0,"player_choice":"Leave","damage_taken":0,"max_hp_gain":0,"max_hp_loss":0,"event_name":"The Cleric","floor":5,"gold_loss":0},{"cards_removed":["Strike_R"],"damage_healed":0,"gold_gain":0,"player_choice":"Card Removal","damage_taken":7,"max_hp_gain":0,"max_hp_loss":0,"event_name":"Golden Wing","floor":12,"gold_loss":0}],"is_beta":false,"boss_relics":[{"not_picked":["Black Blood","Velvet Choker"],"picked":"Mark of Pain"}],"items_purged_floors":[],"is_endless":false,"potions_floor_spawned":[2,7,13],"killed_by":"3 Byrds","ascension_level":18}