{"gold_per_floor":[110,110,110,130,147,147,174,81,81,101,115,127,138,138,138,138],"floor_reached":16,"playtime":495,"items_purged":[],"score":198,"play_id":"c8c5a308-8aab-4a9f-9499-ef9d0194b135","local_time":"20180906125629","is_ascension_mode":true,"campfire_choices":[{"data":"Zap","floor":6,"key":"SMITH"},{"floor":15,"key":"REST"}],"neow_cost":"NONE","seed_source_timestamp":5241971359612847,"circlet_count":0,"master_deck":["Strike_B","Strike_B","Strike_B","Defend_B","Defend_B","Defend_B","Defend_B","Zap+1","Dualcast","AscendersBane","Cold Snap","Sweeping Beam","BootSequence","Conserve Battery","Defragment","Defragment","Amplify","Ball Lightning","Cold Snap"],"relics":["Cracked Core","Bird Faced Urn","Kunai"],"potions_floor_usage":[7,13,16,16],"damage_taken":[{"damage":6,"enemies":"2 Louse","floor":1,"turns":2},{"damage":0,"enemies":"Small Slimes","floor":4,"turns":3},{"damage":5,"enemies":"Jaw Worm","floor":5,"turns":3},{"damage":6,"enemies":"Lagavulin","floor":7,"turns":7},{"damage":9,"enemies":"2 Fungi Beasts","floor":10,"turns":4},{"damage":10,"enemies":"Blue Slaver","floor":11,"turns":4},{"damage":22,"enemies":"Large Slime","floor":12,"turns":6},{"damage":2,"enemies":"Exordium Wildlife","floor":13,"turns":3},{"damage":39,"enemies":"Hexaghost","floor":16,"turns":11}],"seed_played":"-6890863470767693086","potions_obtained":[{"floor":1,"key":"Weak Potion"},{"floor":7,"key":"Dexterity Potion"},{"floor":12,"key":"Swift Potion"},{"floor":13,"key":"EntropicBrew"}],"is_trial":false,"path_per_floor":["M","?","?","M","M","R","E","$","T","M","M","M","M","$","R"],"character_chosen":"DEFECT","items_purchased":["Defragment"],"campfire_rested":1,"item_purchase_floors":[8],"current_hp_per_floor":[58,58,51,51,46,46,40,40,40,33,27,7,9,9,30,0],"gold":138,"neow_bonus":"THREE_CARDS","is_prod":false,"is_daily":false,"chose_seed":false,"campfire_upgraded":1,"win_rate":0,"timestamp":1536252989,"path_taken":["M","?","?","M","M","R","E","$","T","M","M","M","M","?","R","BOSS"],"build_version":"2018-08-30","purchased_purges":0,"victory":false,"max_hp_per_floor":[71,71,71,71,71,71,71,71,71,71,71,71,71,71,71,71],"card_choices":[{"not_picked":["Rebound","Barrage"],"picked":"Cold Snap","floor":0},{"not_picked":["Auto Shields","Coolheaded"],"picked":"Sweeping Beam","floor":1},{"not_picked":["Barrage","Fusion","Redo"],"picked":"SKIP","floor":4},{"not_picked":["Beam Cell","Barrage"],"picked":"BootSequence","floor":5},{"not_picked":["Redo","Steam"],"picked":"Conserve Battery","floor":7},{"not_picked":["Leap","Barrage"],"picked":"Defragment","floor":10},{"not_picked":["Compile Driver","Coolheaded"],"picked":"Amplify","floor":11},{"not_picked":["Coolheaded","Turbo"],"picked":"Ball Lightning","floor":12},{"not_picked":["Rebound","Rip and Tear"],"picked":"Cold Snap","floor":13}],"player_experience":325431,"relics_obtained":[{"floor":7,"key":"Bird Faced Urn"},{"floor":9,"key":"Kunai"}],"event_choices":[{"event_name":"Liars Game","player_choice":"disagreed","floor":2,"damage_taken":0},{"event_name":"Golden Wing","player_choice":"Card Removal","floor":3,"damage_taken":0}],"is_beta":false,"boss_relics":[],"items_purged_floors":[],"is_endless":false,"potions_floor_spawned":[1,7,12,13],"killed_by":"Hexaghost","ascension_level":18}