{"gold_per_floor":[115,130,93,93,112,142,142,167,191,219,232,249,249,261,261,334,334,350,364,364,394,132,132,166,166,166,181,216,227,260,273,273,345,345,356,375,394,404,148,148,167,167,167,228,40,40,40,40,40,40],"floor_reached":51,"playtime":2917,"items_purged":[],"score":1235,"play_id":"d5a454ba-26da-4e3c-9d0a-b0e65e8618f4","local_time":"20180729223958","is_ascension_mode":true,"campfire_choices":[{"data":"Zap","floor":7.0,"key":"SMITH"},{"floor":13.0,"key":"REST"},{"data":"Defragment","floor":15.0,"key":"SMITH"},{"data":"Go for the Eyes","floor":23.0,"key":"SMITH"},{"floor":25.0,"key":"REST"},{"floor":32.0,"key":"REST"},{"floor":40.0,"key":"REST"},{"floor":47.0,"key":"REST"},{"data":"Hologram","floor":49.0,"key":"SMITH"}],"neow_cost":"","seed_source_timestamp":1905799082003539,"circlet_count":0,"master_deck":["Zap+1","Dualcast","AscendersBane","Leap","Hologram","Go for the Eyes+1","Electrodynamics","Sweeping Beam","Hologram+1","Cold Snap","Defragment+1","Buffer","All For One","Hologram","Leap","Steam","Gash","Glacier","Reprogram","Compile Driver","Rebound","Coolheaded","Coolheaded+1","Sunder+1","Gash","Gash","Stack","Biased Cognition+1","FTL+1","Go for the Eyes","Ball Lightning","Go for the Eyes","Loop+1","Madness","Madness","Blind"],"special_seed":0,"relics":["Cracked Core","Omamori","Lantern","Centennial Puzzle","Mango","Pandora\u0027s Box","Regal Pillow","Tiny Chest","Shuriken","Gremlin Horn","Calipers","Ornamental Fan","Frozen Egg 2","Empty Cage","Cables","Prayer Wheel","MawBank","Thread and Needle","ClockworkSouvenir"],"potions_floor_usage":[50,50],"damage_taken":[{"damage":0.0,"enemies":"Cultist","floor":1.0,"turns":3.0},{"damage":7.0,"enemies":"Jaw Worm","floor":2.0,"turns":4.0},{"damage":3.0,"enemies":"2 Louse","floor":5.0,"turns":3.0},{"damage":21.0,"enemies":"Lagavulin","floor":6.0,"turns":7.0},{"damage":13.0,"enemies":"3 Sentries","floor":8.0,"turns":4.0},{"damage":29.0,"enemies":"Lagavulin","floor":10.0,"turns":7.0},{"damage":6.0,"enemies":"Exordium Thugs","floor":11.0,"turns":3.0},{"damage":1.0,"enemies":"2 Fungi Beasts","floor":12.0,"turns":3.0},{"damage":0.0,"enemies":"Red Slaver","floor":14.0,"turns":4.0},{"damage":35.0,"enemies":"Hexaghost","floor":16.0,"turns":12.0},{"damage":3.0,"enemies":"3 Byrds","floor":18.0,"turns":2.0},{"damage":0.0,"enemies":"Chosen","floor":19.0,"turns":6.0},{"damage":21.0,"enemies":"Slavers","floor":24.0,"turns":2.0},{"damage":27.0,"enemies":"Slaver and Parasite","floor":27.0,"turns":5.0},{"damage":2.0,"enemies":"Gremlin Leader","floor":28.0,"turns":6.0},{"damage":0.0,"enemies":"3 Cultists","floor":29.0,"turns":4.0},{"damage":16.0,"enemies":"Slavers","floor":30.0,"turns":5.0},{"damage":15.0,"enemies":"Snecko","floor":31.0,"turns":6.0},{"damage":35.0,"enemies":"Automaton","floor":33.0,"turns":8.0},{"damage":10.0,"enemies":"Orb Walker","floor":35.0,"turns":3.0},{"damage":0.0,"enemies":"3 Shapes","floor":36.0,"turns":7.0},{"damage":24.0,"enemies":"Transient","floor":37.0,"turns":5.0},{"damage":8.0,"enemies":"Flame Bruiser 2 Orb","floor":38.0,"turns":5.0},{"damage":1.0,"enemies":"Sphere and 2 Shapes","floor":41.0,"turns":3.0},{"damage":0.0,"floor":42.0,"turns":4.0},{"damage":23.0,"floor":44.0,"turns":5.0},{"damage":26,"enemies":"Time Eater","floor":50,"turns":7}],"seed_played":"4645209539259729570","potions_obtained":[{"floor":1.0,"key":"Fire Potion"},{"floor":4.0,"key":"Regen Potion"},{"floor":10.0,"key":"Swift Potion"},{"floor":12.0,"key":"EssenceOfSteel"},{"floor":16.0,"key":"AttackPotion"},{"floor":19.0,"key":"Energy Potion"},{"floor":27.0,"key":"LiquidBronze"},{"floor":28.0,"key":"SteroidPotion"}],"is_trial":false,"path_per_floor":["M","M","?","?","M","E","R","E","T","E","M","M","R","M","R","B",null,"M","M","T","?","$","R","E","R","T","M","E","M","E","M","R","B",null,"M","M","M","M","$","R","M","?","T","?","$","?","R","?","R","B"],"character_chosen":"DEFECT","items_purchased":["Shuriken","Cables","ClockworkSouvenir"],"campfire_rested":5,"item_purchase_floors":[22,39,45],"current_hp_per_floor":[64,57,57,57,54,47,47,34,34,19,13,12,37,37,37,2,64,61,61,61,61,61,61,40,80,80,53,51,51,35,20,60,25,70,60,60,36,28,28,68,67,67,67,44,44,29,69,69,69,43],"gold":40,"neow_bonus":"","is_prod":false,"is_daily":false,"chose_seed":false,"campfire_upgraded":4,"win_rate":0,"timestamp":1532918398,"path_taken":["M","M","?","?","M","E","R","E","T","E","M","M","R","M","R","BOSS","M","M","?","?","$","R","E","R","T","M","E","?","E","M","R","BOSS","M","M","M","M","$","R","M","?","T","?","$","?","R","?","R","BOSS"],"build_version":"2018-07-26","purchased_purges":0,"victory":true,"max_hp_per_floor":[71,71,71,71,71,71,71,71,71,85,85,85,85,85,85,85,85,85,85,85,85,85,85,85,85,85,85,85,85,85,85,85,85,85,85,85,85,85,85,85,85,85,85,85,85,85,85,85,85,85],"card_choices":[{"not_picked":["Recycle","Rebound"],"picked":"Leap","floor":1.0},{"not_picked":["Redo","Rebound"],"picked":"Hologram","floor":2.0},{"not_picked":["Barrage","Compile Driver"],"picked":"Go for the Eyes","floor":5.0},{"not_picked":["Blizzard","Force Field"],"picked":"Electrodynamics","floor":6.0},{"not_picked":["Leap","Beam Cell"],"picked":"Sweeping Beam","floor":8.0},{"not_picked":["Static Discharge","Darkness"],"picked":"Hologram","floor":10.0},{"not_picked":["Streamline","Barrage"],"picked":"Cold Snap","floor":11.0},{"not_picked":["Tempest","White Noise"],"picked":"Defragment","floor":12.0},{"not_picked":["Coolheaded","Lockon"],"picked":"Buffer","floor":14.0},{"not_picked":["Hyperbeam","Amplify"],"picked":"All For One","floor":16.0},{"not_picked":["White Noise","Darkness"],"picked":"Coolheaded","floor":18.0},{"not_picked":["Stack","Blizzard"],"picked":"Coolheaded","floor":19.0},{"not_picked":["Doom and Gloom","Hello World"],"picked":"Coolheaded+1","floor":24.0},{"not_picked":["BootSequence","Steam"],"picked":"Sunder+1","floor":27.0},{"not_picked":["Double Energy","Genetic Algorithm"],"picked":"Coolheaded","floor":28.0},{"not_picked":["Rebound","Coolheaded"],"picked":"Gash","floor":29.0},{"not_picked":["Static Discharge+1","Sweeping Beam"],"picked":"Gash","floor":30.0},{"not_picked":["Tempest","Steam"],"picked":"Stack","floor":31.0},{"not_picked":["Fission","Creative AI+1"],"picked":"Biased Cognition+1","floor":33.0},{"not_picked":["Darkness","Sweeping Beam"],"picked":"FTL+1","floor":35.0},{"not_picked":["Stack","Streamline","Steam"],"picked":"SKIP","floor":36.0},{"not_picked":["Stack","Leap"],"picked":"Go for the Eyes","floor":37.0},{"not_picked":["Turbo","Sunder"],"picked":"Ball Lightning","floor":38.0},{"not_picked":["Amplify","Redo"],"picked":"Go for the Eyes","floor":41.0},{"not_picked":["Redo","Consume"],"picked":"Loop+1","floor":44.0},{"not_picked":["Swift Strike","Panache+1"],"picked":"Blind","floor":48.0}],"player_experience":185071,"relics_obtained":[{"floor":6.0,"key":"Omamori"},{"floor":8.0,"key":"Lantern"},{"floor":9.0,"key":"Centennial Puzzle"},{"floor":10.0,"key":"Mango"},{"floor":20.0,"key":"Regal Pillow"},{"floor":24.0,"key":"Gremlin Horn"},{"floor":26.0,"key":"Calipers"},{"floor":28.0,"key":"Ornamental Fan"},{"floor":30.0,"key":"Frozen Egg 2"},{"floor":42.0,"key":"Prayer Wheel"},{"floor":43.0,"key":"MawBank"},{"floor":44.0,"key":"Thread and Needle"}],"event_choices":[{"event_name":"World of Goop","player_choice":"Left","floor":3.0,"damage_taken":0.0},{"event_name":"The Lab","player_choice":"Got Potions","floor":4.0,"damage_taken":0.0},{"event_name":"WeMeetAgain","player_choice":"Potion","floor":21.0,"damage_taken":0.0},{"event_name":"MindBloom","player_choice":"Fight","floor":42.0,"damage_taken":0.0},{"event_name":"Mysterious Sphere","player_choice":"Fight","floor":44.0,"damage_taken":0.0},{"event_name":"Winding Halls","player_choice":"Embrace Madness","floor":46.0,"damage_taken":0.0},{"event_name":"SensoryStone","player_choice":"Memory 1","floor":48.0,"damage_taken":0.0}],"is_beta":false,"boss_relics":[{"not_picked":["Busted Crown","Runic Dome"],"picked":"Pandora\u0027s Box"},{"not_picked":["Astrolabe","Eternal Feather"],"picked":"Empty Cage"}],"items_purged_floors":[],"is_endless":false,"potions_floor_spawned":[1,5,10,12,16,19,27,28,31,38,41,42,44],"ascension_level":15}