{"gold_per_floor":[111,111,129,79,98,126,126,201,201,215,215,229,244,270,270,365,365,375,375,388,41,55,87,102,102,179,196,210,226,151,151,151,249,249,264,264,264,280,297,331,331,366,393,138,153,167,186,61,61,61],"floor_reached":51,"playtime":4239,"items_purged":["Defend_R","Defend_R","Defend_R+1"],"score":733,"play_id":"19d057e1-9664-4465-bc67-ef460d30c79a","local_time":"20190708201101","is_ascension_mode":false,"campfire_choices":[{"data":"Bash","floor":7.0,"key":"SMITH"},{"data":"Heavy Blade","floor":15.0,"key":"SMITH"},{"data":"Demon Form","floor":25.0,"key":"SMITH"},{"data":"Heavy Blade","floor":32.0,"key":"SMITH"},{"data":"Inflame","floor":41,"key":"SMITH"},{"data":"Spot Weakness","floor":49,"key":"SMITH"}],"neow_cost":"NONE","seed_source_timestamp":425092409293800,"circlet_count":0,"master_deck":["Strike_R","Bash+1","Heavy Blade+1","Anger+1","Clash","Dropkick","Blood for Blood","Spot Weakness+1","Sword Boomerang","Demon Form+1","Battle Trance+1","Heavy Blade+1","Pommel Strike+1","Anger+1","Pommel Strike+1","Pummel+1","Sword Boomerang+1","Heavy Blade+1","Reaper+1","Inflame+1","Heavy Blade+1"],"special_seed":0,"relics":["Burning Blood","Pen Nib","Thread and Needle","Gremlin Horn","Odd Mushroom","Sozu","Molten Egg 2","Orichalcum","Kunai","Runic Pyramid","Vajra","Mummified Hand","War Paint","Bag of Preparation"],"potions_floor_usage":[],"damage_taken":[{"damage":1.0,"enemies":"Cultist","floor":1.0,"turns":3.0},{"damage":5.0,"enemies":"Small Slimes","floor":3.0,"turns":3.0},{"damage":11.0,"enemies":"Jaw Worm","floor":5.0,"turns":2.0},{"damage":21.0,"enemies":"Lagavulin","floor":6.0,"turns":5.0},{"damage":0.0,"enemies":"Large Slime","floor":10.0,"turns":4.0},{"damage":1.0,"enemies":"Exordium Thugs","floor":12.0,"turns":3.0},{"damage":0.0,"enemies":"3 Louse","floor":13.0,"turns":2.0},{"damage":0.0,"enemies":"The Mushroom Lair","floor":14.0,"turns":3.0},{"damage":19.0,"enemies":"Hexaghost","floor":16.0,"turns":4.0},{"damage":1.0,"enemies":"3 Byrds","floor":18.0,"turns":4.0},{"damage":6.0,"enemies":"Spheric Guardian","floor":20.0,"turns":3.0},{"damage":0.0,"enemies":"Cultist and Chosen","floor":22.0,"turns":4.0},{"damage":24.0,"enemies":"Book of Stabbing","floor":23.0,"turns":3.0},{"damage":10.0,"enemies":"Centurion and Healer","floor":24.0,"turns":3.0},{"damage":0.0,"enemies":"Chosen and Byrds","floor":27.0,"turns":3.0},{"damage":23.0,"enemies":"Shelled Parasite and Fungi","floor":28.0,"turns":3.0},{"damage":0.0,"enemies":"3 Cultists","floor":29.0,"turns":3.0},{"damage":9.0,"enemies":"Champ","floor":33.0,"turns":4.0},{"damage":15.0,"enemies":"3 Darklings","floor":35.0,"turns":3.0},{"damage":18.0,"enemies":"3 Shapes","floor":38.0,"turns":2.0},{"damage":10,"enemies":"Spire Growth","floor":39,"turns":3},{"damage":8,"enemies":"Reptomancer","floor":40,"turns":3},{"damage":36,"enemies":"Nemesis","floor":42,"turns":3},{"damage":8,"enemies":"3 Darklings","floor":45,"turns":2},{"damage":8,"enemies":"Sphere and 2 Shapes","floor":46,"turns":2},{"damage":28,"enemies":"Writhing Mass","floor":47,"turns":3},{"damage":65,"enemies":"Awakened One","floor":50,"turns":5}],"seed_played":"5257894874259134096","potions_obtained":[{"floor":3.0,"key":"Weak Potion"},{"floor":5.0,"key":"GamblersBrew"},{"floor":12.0,"key":"GamblersBrew"},{"floor":16.0,"key":"FearPotion"}],"is_trial":false,"path_per_floor":["M","?","M","?","M","E","R","?","T","M","?","M","M","?","R","B",null,"M","?","M","$","M","E","M","R","T","M","M","M","?","?","R","B",null,"M","?","?","M","M","E","R","E","T","$","M","M","M","$","R","B",null],"character_chosen":"IRONCLAD","items_purchased":["Molten Egg 2","Pommel Strike+1","Bag of Preparation"],"campfire_rested":0,"item_purchase_floors":[21,21,44],"current_hp_per_floor":[80,80,80,80,75,60,60,49,49,55,48,53,59,65,65,52,80,80,80,80,80,80,62,58,58,58,64,47,53,53,53,53,50,80,80,80,80,68,69,80,80,50,50,50,48,58,66,66,66,23],"gold":61,"neow_bonus":"RANDOM_COMMON_RELIC","is_prod":false,"is_daily":false,"chose_seed":false,"campfire_upgraded":6,"win_rate":0.0,"timestamp":1562584261,"path_taken":["M","?","M","?","M","E","R","?","T","M","?","?","M","?","R","BOSS","M","?","M","$","M","E","?","R","T","M","M","M","?","?","R","BOSS","M","?","?","M","?","E","R","E","T","$","M","M","M","$","R","BOSS"],"build_version":"2019-07-05","purchased_purges":3,"victory":true,"max_hp_per_floor":[80,80,80,80,80,80,80,80,80,80,80,80,80,80,80,80,80,80,80,80,80,80,80,80,80,80,80,80,80,80,80,80,80,80,80,80,80,80,80,80,80,80,80,80,80,80,80,80,80,80],"card_choices":[{"not_picked":["Pommel Strike","Combust"],"picked":"Heavy Blade","floor":1.0},{"not_picked":["Dual Wield","Twin Strike"],"picked":"Anger","floor":3.0},{"not_picked":["Power Through","Thunderclap"],"picked":"Clash","floor":5.0},{"not_picked":["Disarm","Burning Pact"],"picked":"Dropkick","floor":6.0},{"not_picked":["Cleave","Twin Strike"],"picked":"Blood for Blood","floor":10.0},{"not_picked":["Sword Boomerang","Iron Wave"],"picked":"Spot Weakness","floor":12.0},{"not_picked":["Berserk","Flex"],"picked":"Sword Boomerang","floor":13.0},{"not_picked":["Fiend Fire","Double Tap"],"picked":"Demon Form","floor":16.0},{"not_picked":["Clothesline+1","Fire Breathing+1"],"picked":"Battle Trance","floor":18.0},{"not_picked":["True Grit","Flex"],"picked":"Heavy Blade","floor":20.0},{"not_picked":["Barricade","Hemokinesis+1"],"picked":"Anger+1","floor":22.0},{"not_picked":["Perfected Strike+1","Thunderclap+1","Cleave+1"],"picked":"SKIP","floor":23.0},{"not_picked":["Shrug It Off","Headbutt+1"],"picked":"Pommel Strike+1","floor":24.0},{"not_picked":["Armaments","Body Slam+1","Twin Strike+1"],"picked":"SKIP","floor":27.0},{"not_picked":["Carnage+1","Flex+1"],"picked":"Pummel+1","floor":28.0},{"not_picked":["Armaments","Power Through"],"picked":"Sword Boomerang+1","floor":29.0},{"not_picked":["Bludgeon+1","Dark Embrace"],"picked":"Reaper+1","floor":33.0},{"not_picked":["Feel No Pain+1","Reckless Charge+1","True Grit"],"picked":"SKIP","floor":35.0},{"not_picked":["Carnage+1","Perfected Strike+1"],"picked":"Inflame","floor":38.0},{"not_picked":["Corruption+1","Flex+1","Inflame"],"picked":"SKIP","floor":39},{"not_picked":["Bloodletting+1","Shrug It Off"],"picked":"Heavy Blade+1","floor":40},{"not_picked":["Bludgeon+1","Combust","Anger+1"],"picked":"SKIP","floor":42},{"not_picked":["Second Wind+1","Flex","Iron Wave+1"],"picked":"SKIP","floor":45},{"not_picked":["Dropkick+1","Shockwave","Flame Barrier"],"picked":"SKIP","floor":46},{"not_picked":["Reckless Charge+1","Power Through+1","Combust+1"],"picked":"SKIP","floor":47}],"player_experience":16387,"relics_obtained":[{"floor":6.0,"key":"Thread and Needle"},{"floor":9.0,"key":"Gremlin Horn"},{"floor":14.0,"key":"Odd Mushroom"},{"floor":23.0,"key":"Orichalcum"},{"floor":26.0,"key":"Kunai"},{"floor":40,"key":"Vajra"},{"floor":42,"key":"Mummified Hand"},{"floor":43,"key":"War Paint"}],"event_choices":[{"damage_healed":0.0,"max_hp_gain":0.0,"max_hp_loss":0.0,"gold_gain":0.0,"event_name":"Liars Game","player_choice":"Ignored","floor":2.0,"gold_loss":0.0,"damage_taken":0.0},{"cards_removed":["Strike_R"],"damage_healed":0.0,"max_hp_gain":0.0,"max_hp_loss":0.0,"gold_gain":0.0,"event_name":"The Cleric","player_choice":"Card Removal","floor":4.0,"gold_loss":50.0,"damage_taken":0.0},{"damage_healed":0.0,"max_hp_gain":0.0,"max_hp_loss":0.0,"gold_gain":75.0,"event_name":"World of Goop","player_choice":"Gather Gold","floor":8.0,"gold_loss":0.0,"damage_taken":11.0},{"cards_removed":["Strike_R"],"damage_healed":0.0,"max_hp_gain":0.0,"max_hp_loss":0.0,"gold_gain":0.0,"event_name":"Golden Wing","player_choice":"Card Removal","floor":11.0,"gold_loss":0.0,"damage_taken":7.0},{"damage_healed":0.0,"max_hp_gain":0.0,"max_hp_loss":0.0,"gold_gain":0.0,"event_name":"Mushrooms","player_choice":"Fought Mushrooms","floor":14.0,"gold_loss":0.0,"damage_taken":0.0},{"cards_removed":["Strike_R"],"damage_healed":0.0,"max_hp_gain":0.0,"max_hp_loss":0.0,"gold_gain":0.0,"event_name":"Purifier","player_choice":"Purged","floor":19.0,"gold_loss":0.0,"damage_taken":0.0},{"cards_removed":["Strike_R"],"damage_healed":0.0,"max_hp_gain":0.0,"max_hp_loss":0.0,"gold_gain":0.0,"event_name":"Beggar","player_choice":"Gave Gold","floor":30.0,"gold_loss":75.0,"damage_taken":0.0},{"damage_healed":0.0,"max_hp_gain":0.0,"max_hp_loss":0.0,"gold_gain":0.0,"event_name":"Duplicator","player_choice":"Copied","floor":31.0,"gold_loss":0.0,"damage_taken":0.0,"cards_obtained":["Heavy Blade"]},{"cards_removed":["Defend_R"],"damage_healed":0.0,"max_hp_gain":0.0,"max_hp_loss":0.0,"gold_gain":0.0,"event_name":"Falling","player_choice":"Removed Skill","floor":36.0,"gold_loss":0.0,"damage_taken":0.0},{"damage_healed":0.0,"max_hp_gain":0.0,"max_hp_loss":0.0,"gold_gain":0.0,"event_name":"Accursed Blacksmith","player_choice":"Forge","floor":37.0,"gold_loss":0.0,"damage_taken":0.0,"cards_upgraded":["Anger"]}],"is_beta":false,"boss_relics":[{"not_picked":["Black Blood","Lizard Tail"],"picked":"Sozu"},{"not_picked":["Orrery","White Beast Statue"],"picked":"Runic Pyramid"}],"items_purged_floors":[21,44,48],"is_endless":false,"potions_floor_spawned":[3,5,12,16,18,22,23,27,28,38,40,45],"ascension_level":0}