{"gold_per_floor":[118,136,149,224,235,235,235,235,285,285,295,42,42,75,75,172,172,186,77,88,13,13,13,40,40,40,68,68,68],"floor_reached":29,"playtime":940,"items_purged":["Strike_B"],"score":389,"play_id":"bdabb836-7504-4969-a85e-93aa8331175e","local_time":"20190710072727","is_ascension_mode":true,"campfire_choices":[{"data":"Zap","floor":6.0,"key":"SMITH"},{"data":"Defragment","floor":8.0,"key":"SMITH"},{"floor":15.0,"key":"RECALL"},{"data":"Loop","floor":23,"key":"SMITH"},{"floor":25,"key":"REST"}],"neow_cost":"NONE","seed_source_timestamp":0,"circlet_count":0,"master_deck":["AscendersBane","Defend_B+1","Defend_B","Defend_B","Defend_B","Zap+1","Dualcast+1","Cold Snap","Ball Lightning","Coolheaded+1","Defragment+1","Amplify","Capacitor","Loop+1","Barrage","Buffer","Chill+1","Creative AI","Meteor Strike"],"special_seed":0,"relics":["Cracked Core","PreservedInsect","NlothsMask","Mummified Hand","Blood Vial","Runic Pyramid","Dodecahedron","Bag of Marbles"],"potions_floor_usage":[20,24,27],"damage_taken":[{"damage":0.0,"enemies":"Small Slimes","floor":1.0,"turns":3.0},{"damage":0.0,"enemies":"Jaw Worm","floor":2.0,"turns":3.0},{"damage":2.0,"enemies":"2 Louse","floor":3.0,"turns":2.0},{"damage":9.0,"enemies":"Exordium Thugs","floor":5.0,"turns":4.0},{"damage":9.0,"enemies":"Looter","floor":11.0,"turns":3.0},{"damage":6.0,"enemies":"Gremlin Nob","floor":14.0,"turns":3.0},{"damage":7.0,"enemies":"Hexaghost","floor":16.0,"turns":10.0},{"damage":10,"enemies":"2 Thieves","floor":18,"turns":4},{"damage":16,"enemies":"Shell Parasite","floor":20,"turns":4},{"damage":13,"enemies":"Gremlin Leader","floor":24,"turns":5},{"damage":48,"enemies":"Slavers","floor":27,"turns":6},{"damage":13,"enemies":"Snake Plant","floor":29,"turns":1}],"seed_played":"-2383970379762877195","potions_obtained":[{"floor":2.0,"key":"Energy Potion"},{"floor":5.0,"key":"LiquidBronze"},{"floor":14.0,"key":"EssenceOfSteel"},{"floor":18,"key":"LiquidBronze"},{"floor":27,"key":"Energy Potion"}],"is_trial":false,"path_per_floor":["M","M","M","?","M","R","?","R","T","?","M","$","?","E","R","B",null,"M","$","M","?","?","R","E","R","T","E","?","M"],"character_chosen":"DEFECT","items_purchased":["Mummified Hand","Capacitor"],"campfire_rested":1,"item_purchase_floors":[12,19],"current_hp_per_floor":[75,75,73,62,53,53,37,37,37,37,28,28,28,22,22,17,66,58,58,44,44,44,44,33,57,57,11,11,0],"gold":68,"neow_bonus":"TEN_PERCENT_HP_BONUS","is_prod":false,"is_daily":false,"chose_seed":false,"campfire_upgraded":3,"win_rate":0,"timestamp":1562736447,"path_taken":["M","M","M","?","M","R","?","R","T","?","?","$","?","E","R","BOSS","M","$","M","?","?","R","E","R","T","E","?","M"],"build_version":"2019-07-05","purchased_purges":1,"victory":false,"max_hp_per_floor":[82,82,82,82,82,82,82,82,82,82,82,82,82,82,82,82,82,82,82,82,82,82,82,82,82,82,82,82,82],"card_choices":[{"not_picked":["Ball Lightning","Loop"],"picked":"Cold Snap","floor":1.0},{"not_picked":["Streamline","Beam Cell"],"picked":"Ball Lightning","floor":2.0},{"not_picked":["Cold Snap","Amplify"],"picked":"Coolheaded","floor":3.0},{"not_picked":["Compile Driver","Ball Lightning"],"picked":"Defragment","floor":5.0},{"not_picked":["Steam","Stack","Tempest"],"picked":"SKIP","floor":11.0},{"not_picked":["Beam Cell","Leap","Conserve Battery"],"picked":"SKIP","floor":14.0},{"not_picked":["Rainbow","All For One"],"picked":"Amplify","floor":16.0},{"not_picked":["Steam+1","Turbo","Sweeping Beam+1"],"picked":"SKIP","floor":18},{"not_picked":["Reinforced Body","Rebound"],"picked":"Loop","floor":20},{"not_picked":["Loop","Compile Driver+1"],"picked":"Buffer","floor":24},{"not_picked":["Cold Snap+1","Hologram"],"picked":"Chill+1","floor":27}],"player_experience":58168,"relics_obtained":[{"floor":9.0,"key":"PreservedInsect"},{"floor":14.0,"key":"Blood Vial"},{"floor":24,"key":"Dodecahedron"},{"floor":27,"key":"Bag of Marbles"}],"event_choices":[{"damage_healed":0.0,"max_hp_gain":0.0,"max_hp_loss":0.0,"gold_gain":75.0,"event_name":"World of Goop","player_choice":"Gather Gold","floor":4.0,"gold_loss":0.0,"damage_taken":11.0},{"damage_healed":0.0,"max_hp_gain":0.0,"max_hp_loss":0.0,"gold_gain":0.0,"event_name":"Shining Light","player_choice":"Entered Light","floor":7.0,"gold_loss":0.0,"damage_taken":16.0,"cards_upgraded":["Dualcast","Defend_B"]},{"damage_healed":0.0,"max_hp_gain":0.0,"max_hp_loss":0.0,"gold_gain":0.0,"event_name":"FaceTrader","player_choice":"Trade","floor":10.0,"gold_loss":0.0,"damage_taken":0.0,"relics_obtained":["NlothsMask"]},{"damage_healed":0.0,"max_hp_gain":0.0,"max_hp_loss":0.0,"gold_gain":0.0,"event_name":"Living Wall","player_choice":"Grow","floor":13.0,"gold_loss":0.0,"damage_taken":0.0,"cards_upgraded":["Coolheaded"]},{"cards_removed":["Strike_B"],"damage_healed":0,"gold_gain":0,"player_choice":"Gave Gold","damage_taken":0,"max_hp_gain":0,"max_hp_loss":0,"event_name":"Beggar","floor":21,"gold_loss":75},{"damage_healed":0,"gold_gain":0,"player_choice":"Read","damage_taken":0,"max_hp_gain":0,"max_hp_loss":0,"event_name":"The Library","floor":22,"gold_loss":0,"cards_obtained":["Barrage"]},{"damage_healed":0,"gold_gain":0,"cards_transformed":["Strike_B","Strike_B"],"player_choice":"Became Test Subject","damage_taken":0,"max_hp_gain":0,"max_hp_loss":0,"event_name":"Drug Dealer","floor":28,"gold_loss":0,"cards_obtained":["Creative AI","Meteor Strike"]}],"is_beta":false,"boss_relics":[{"not_picked":["Ectoplasm","Snecko Eye"],"picked":"Runic Pyramid"}],"items_purged_floors":[19],"is_endless":false,"potions_floor_spawned":[2,5,14,18,27],"killed_by":"Snake Plant","ascension_level":10}