{"gold_per_floor":[112,128,403,417,119,119,153,153,203,232,232,246,246,264,264,340,340,358,370,370,60,76,76,110,110,110,162,162,162,196,221,221,298,298,308,322,337,337,337,391,391,410,461,461,474,501,501,530,530,530,530,530,530,25,52,52],"floor_reached":57,"playtime":4644,"items_purged":["Regret","Finisher"],"score":3476,"play_id":"9e303f3f-5d7e-4a2c-8628-618465f0eedf","local_time":"20190620173644","is_ascension_mode":true,"campfire_choices":[{"data":"Skewer","floor":6,"key":"SMITH"},{"data":"Deadly Poison","floor":8,"key":"SMITH"},{"data":"Well Laid Plans","floor":11,"key":"SMITH"},{"data":"Leg Sweep","floor":13,"key":"SMITH"},{"data":"Terror","floor":15,"key":"SMITH"},{"data":"Wraith Form v2","floor":23,"key":"SMITH"},{"data":"Wraith Form v2","floor":25,"key":"SMITH"},{"data":"Catalyst","floor":28,"key":"SMITH"},{"data":"Transmutation","floor":32,"key":"SMITH"},{"floor":44,"key":"RECALL"},{"floor":47,"key":"REST"},{"data":"Skewer","floor":49,"key":"SMITH"},{"floor":53,"key":"REST"}],"neow_cost":"NONE","seed_source_timestamp":165616252471900,"circlet_count":0,"master_deck":["AscendersBane","Survivor+1","Neutralize+1","Sucker Punch+1","Skewer+1","Dagger Throw+1","Deadly Poison+1","Well Laid Plans+1","Leg Sweep+1","Terror+1","Wraith Form v2+1","Dodge and Roll+1","Envenom+1","Calculated Gamble+1","Bullet Time+1","Deadly Poison+1","After Image+1","Bane+1","Prepared+1","Leg Sweep+1","Heel Hook+1","PiercingWail+1","Wraith Form v2+1","Transmutation+1","Well Laid Plans+1","Catalyst+1","Ghostly+1","Ghostly+1","Ghostly+1","Skewer+1","Burst+1","Acrobatics+1","Deadly Poison+1","Skewer+1","Transmutation+1"],"relics":["Ring of the Snake","Chemical X","Happy Flower","Whetstone","Dodecahedron","Pandora\u0027s Box","Art of War","Mercury Hourglass","Snake Skull","Snecko Eye","Pen Nib","Mark of the Bloom","Omamori","The Specimen","Boot","DollysMirror","Bottled Tornado","Gremlin Horn"],"potions_floor_usage":[10,35,56,56],"damage_taken":[{"damage":2,"enemies":"Jaw Worm","floor":1,"turns":6},{"damage":1,"enemies":"Cultist","floor":2,"turns":4},{"damage":8,"enemies":"Small Slimes","floor":4,"turns":4},{"damage":12,"enemies":"Lagavulin","floor":7,"turns":4},{"damage":0,"enemies":"Gremlin Nob","floor":10,"turns":2},{"damage":0,"enemies":"Exordium Thugs","floor":12,"turns":3},{"damage":0,"enemies":"Blue Slaver","floor":14,"turns":1},{"damage":26,"enemies":"Hexaghost","floor":16,"turns":8},{"damage":4,"enemies":"3 Byrds","floor":18,"turns":5},{"damage":6,"enemies":"Chosen","floor":19,"turns":4},{"damage":0,"enemies":"Snake Plant","floor":22,"turns":4},{"damage":3,"enemies":"Slavers","floor":24,"turns":7},{"damage":0,"enemies":"3 Cultists","floor":27,"turns":3},{"damage":0,"enemies":"Gremlin Leader","floor":30,"turns":4},{"damage":0,"enemies":"Automaton","floor":33,"turns":8},{"damage":0,"enemies":"3 Shapes","floor":35,"turns":4},{"damage":0,"enemies":"3 Darklings","floor":36,"turns":3},{"damage":0,"enemies":"Transient","floor":37,"turns":6},{"damage":0,"enemies":"Reptomancer","floor":40,"turns":6},{"damage":0,"enemies":"4 Shapes","floor":42,"turns":4},{"damage":0,"enemies":"3 Darklings","floor":45,"turns":5},{"damage":0,"enemies":"Giant Head","floor":46,"turns":6},{"damage":0,"enemies":"Reptomancer","floor":48,"turns":4},{"damage":0,"enemies":"Donu and Deca","floor":50,"turns":4},{"damage":0,"enemies":"Time Eater","floor":51,"turns":5},{"damage":0,"enemies":"Shield and Spear","floor":55,"turns":5},{"damage":1,"enemies":"The Heart","floor":56,"turns":8}],"seed_played":"-3271343664877046481","potions_obtained":[{"floor":0,"key":"Energy Potion"},{"floor":0,"key":"Weak Potion"},{"floor":0,"key":"GamblersBrew"},{"floor":12,"key":"PowerPotion"},{"floor":16,"key":"Fire Potion"},{"floor":33,"key":"Fruit Juice"},{"floor":35,"key":"Dexterity Potion"}],"is_trial":false,"path_per_floor":["M","M","?","M","$","R","E","R","T","E","R","M","R","M","R","B",null,"M","M","?","$","M","R","E","R","T","M","R","?","E","T","R","B",null,"M","M","M","?","?","E","?","M","T","R","M","E","R","E","R","B","B",null,"R","$","E","B",null],"character_chosen":"THE_SILENT","items_purchased":["Chemical X","Transmutation","DollysMirror","Bottled Tornado"],"campfire_rested":2,"item_purchase_floors":[5,21,54,54],"current_hp_per_floor":[57,56,56,48,48,48,36,36,36,36,36,36,36,36,36,10,52,48,42,42,42,42,42,39,39,39,39,39,33,33,33,33,33,33,38,38,38,38,36,36,36,36,36,36,36,36,36,36,36,36,36,36,36,36,36,35],"gold":52,"neow_bonus":"THREE_SMALL_POTIONS","is_prod":false,"is_daily":false,"chose_seed":false,"campfire_upgraded":10,"win_rate":0,"timestamp":1561066604,"path_taken":["M","M","?","?","$","R","E","R","T","E","R","M","R","M","R","BOSS","M","M","?","?","M","R","E","R","T","M","R","?","E","?","R","BOSS","M","M","M","?","?","E","?","?","T","R","M","E","R","E","R","BOSS","BOSS","R","$","E","BOSS"],"build_version":"2019-01-23","purchased_purges":2,"victory":true,"max_hp_per_floor":[66,66,66,66,66,66,66,66,66,66,66,66,66,66,66,66,66,66,66,66,66,66,66,66,66,66,66,66,33,33,33,33,33,33,38,38,38,38,36,36,36,36,36,36,36,36,36,36,36,36,36,36,36,36,36,36],"card_choices":[{"not_picked":["Infinite Blades","Accuracy"],"picked":"Sucker Punch","floor":1},{"not_picked":["Caltrops","Backflip"],"picked":"Skewer","floor":2},{"not_picked":["Masterful Stab","Escape Plan"],"picked":"Dagger Throw","floor":4},{"not_picked":["Outmaneuver","Dagger Throw"],"picked":"Deadly Poison","floor":7},{"not_picked":["Calculated Gamble","Endless Agony"],"picked":"Well Laid Plans","floor":10},{"not_picked":["Backflip","Concentrate"],"picked":"Leg Sweep","floor":12},{"not_picked":["Backstab","Phantasmal Killer"],"picked":"Terror","floor":14},{"not_picked":["Storm of Steel","Unload"],"picked":"Wraith Form v2","floor":16},{"not_picked":["All Out Attack","Acrobatics"],"picked":"Heel Hook","floor":18},{"not_picked":["Terror","Dagger Spray"],"picked":"PiercingWail","floor":19},{"not_picked":["Slice","Sucker Punch+1","Crippling Poison"],"picked":"SKIP","floor":22},{"not_picked":["Poisoned Stab","Backstab"],"picked":"Well Laid Plans+1","floor":24},{"not_picked":["Deflect","Eviscerate"],"picked":"Catalyst","floor":27},{"not_picked":["Storm of Steel","Crippling Poison"],"picked":"Skewer","floor":30},{"not_picked":["Unload","Envenom"],"picked":"Burst","floor":33},{"not_picked":["Cloak And Dagger","Flying Knee","Sucker Punch"],"picked":"SKIP","floor":35},{"not_picked":["Dagger Throw+1","Heel Hook","Calculated Gamble"],"picked":"SKIP","floor":36},{"not_picked":["Dagger Throw+1","Heel Hook","Calculated Gamble"],"picked":"SKIP","floor":36},{"not_picked":["Quick Slash","Blade Dance"],"picked":"Acrobatics","floor":37},{"not_picked":["Escape Plan","Underhanded Strike"],"picked":"Deadly Poison+1","floor":40},{"not_picked":["Acrobatics+1","Outmaneuver","Envenom"],"picked":"SKIP","floor":42},{"not_picked":["Quick Slash","Outmaneuver","Bane"],"picked":"SKIP","floor":45},{"not_picked":["Choke","Blade Dance","Deflect"],"picked":"SKIP","floor":46},{"not_picked":["Choke","Blade Dance","Deflect"],"picked":"SKIP","floor":46},{"not_picked":["Dodge and Roll","Bane"],"picked":"Skewer","floor":48},{"not_picked":["Dodge and Roll","Underhanded Strike","Backflip"],"picked":"SKIP","floor":55}],"player_experience":2134484,"relics_obtained":[{"floor":7,"key":"Happy Flower"},{"floor":9,"key":"Whetstone"},{"floor":10,"key":"Dodecahedron"},{"floor":24,"key":"Art of War"},{"floor":26,"key":"Mercury Hourglass"},{"floor":30,"key":"Snake Skull"},{"floor":40,"key":"Pen Nib"},{"floor":43,"key":"Omamori"},{"floor":46,"key":"The Specimen"},{"floor":48,"key":"Boot"},{"floor":55,"key":"Gremlin Horn"}],"event_choices":[{"damage_healed":0,"gold_gain":275,"player_choice":"Desecrate","damage_taken":0,"max_hp_gain":0,"max_hp_loss":0,"event_name":"Golden Shrine","floor":3,"gold_loss":0,"cards_obtained":["Regret"]},{"damage_healed":0,"gold_gain":0,"player_choice":"Copied","damage_taken":0,"max_hp_gain":0,"max_hp_loss":0,"event_name":"Duplicator","floor":20,"gold_loss":0,"cards_obtained":["Wraith Form v2"]},{"damage_healed":0,"gold_gain":0,"player_choice":"Became a Ghost","damage_taken":0,"max_hp_gain":0,"max_hp_loss":33,"event_name":"Ghosts","floor":29,"gold_loss":0,"cards_obtained":["Ghostly","Ghostly","Ghostly"]},{"damage_healed":0,"gold_gain":0,"player_choice":"Memory 1","damage_taken":0,"max_hp_gain":0,"max_hp_loss":0,"event_name":"SensoryStone","floor":38,"gold_loss":0},{"damage_healed":0,"gold_gain":0,"player_choice":"Max HP","damage_taken":0,"max_hp_gain":0,"max_hp_loss":2,"event_name":"Winding Halls","floor":39,"gold_loss":0},{"damage_healed":0,"gold_gain":0,"player_choice":"Upgrade","damage_taken":0,"relics_obtained":["Mark of the Bloom"],"max_hp_gain":0,"max_hp_loss":0,"event_name":"MindBloom","floor":41,"gold_loss":0,"cards_upgraded":["Survivor","Neutralize","Sucker Punch","Dagger Throw","Dodge and Roll","Envenom","Calculated Gamble","Bullet Time","Deadly Poison","After Image","Bane","Prepared","Leg Sweep","Heel Hook","PiercingWail","Ghostly","Ghostly","Ghostly","Skewer","Burst","Acrobatics"]}],"is_beta":false,"boss_relics":[{"not_picked":["Fusion Hammer","Orrery"],"picked":"Pandora\u0027s Box"},{"not_picked":["WristBlade","Astrolabe"],"picked":"Snecko Eye"}],"items_purged_floors":[5,21],"is_endless":false,"potions_floor_spawned":[1,7,12,14,16,18,27,30,33,35,36,42,45],"ascension_level":20}