{"gold_per_floor":[109,184,234,106,117,151,161,189,219,219],"floor_reached":10,"playtime":293,"items_purged":["Strike_B"],"score":132,"play_id":"069a005f-1c6d-494a-8178-1e2254010596","local_time":"20181120144300","is_ascension_mode":true,"campfire_choices":[],"neow_cost":"TEN_PERCENT_HP_LOSS","seed_source_timestamp":411600079097343,"circlet_count":0,"master_deck":["AscendersBane","Strike_B","Strike_B","Strike_B","Defend_B","Defend_B","Defend_B","Defend_B","Zap","Dualcast","Streamline","Go for the Eyes","Conserve Battery","White Noise","Steam"],"relics":["Cracked Core","Turnip","The Courier","Odd Mushroom","Tiny Chest"],"potions_floor_usage":[6,8],"damage_taken":[{"damage":9,"enemies":"Jaw Worm","floor":1,"turns":4},{"damage":0,"enemies":"Cultist","floor":5,"turns":3},{"damage":37,"enemies":"Lagavulin","floor":6,"turns":7},{"damage":0,"enemies":"Small Slimes","floor":7,"turns":3},{"damage":0,"enemies":"The Mushroom Lair","floor":8,"turns":2},{"damage":27,"enemies":"Gremlin Nob","floor":10,"turns":3}],"seed_played":"-7431338227439411730","potions_obtained":[{"floor":5,"key":"Regen Potion"},{"floor":6,"key":"AttackPotion"}],"is_trial":false,"path_per_floor":["M","?","?","$","M","E","M","?","T","E"],"character_chosen":"DEFECT","items_purchased":["Go for the Eyes"],"campfire_rested":0,"item_purchase_floors":[4],"current_hp_per_floor":[55,44,44,44,44,22,22,22,22,0],"gold":219,"neow_bonus":"ONE_RARE_RELIC","is_prod":false,"is_daily":false,"chose_seed":false,"campfire_upgraded":0,"win_rate":0,"timestamp":1542742980,"path_taken":["M","?","?","$","?","E","M","?","T","E"],"build_version":"2018-11-15","purchased_purges":1,"victory":false,"max_hp_per_floor":[64,64,64,64,64,64,64,64,64,64],"card_choices":[{"not_picked":["Rebound","Fusion"],"picked":"Streamline","floor":1},{"not_picked":["Go for the Eyes","Steam"],"picked":"Conserve Battery","floor":5},{"not_picked":["Compile Driver","Fusion"],"picked":"White Noise","floor":6},{"not_picked":["Beam Cell","Gash"],"picked":"Steam","floor":7}],"player_experience":440340,"relics_obtained":[{"floor":6,"key":"The Courier"},{"floor":8,"key":"Odd Mushroom"},{"floor":9,"key":"Tiny Chest"}],"event_choices":[{"damage_healed":0,"gold_gain":75,"player_choice":"Gather Gold","damage_taken":11,"max_hp_gain":0,"max_hp_loss":0,"event_name":"World of Goop","floor":2,"gold_loss":0},{"damage_healed":0,"gold_gain":50,"player_choice":"Pray","damage_taken":0,"max_hp_gain":0,"max_hp_loss":0,"event_name":"Golden Shrine","floor":3,"gold_loss":0},{"damage_healed":0,"gold_gain":0,"player_choice":"Fought Mushrooms","damage_taken":0,"max_hp_gain":0,"max_hp_loss":0,"event_name":"Mushrooms","floor":8,"gold_loss":0}],"is_beta":false,"boss_relics":[],"items_purged_floors":[4],"is_endless":false,"potions_floor_spawned":[5,6],"killed_by":"Gremlin Nob","ascension_level":20}