{"gold_per_floor":[110,126,126,142,67,67,85,85,112,137,137,137,137,153,153,248,248,266,266,286,305,11,11,30,43,69,84,84,84,9,9,9,106,106,126,146,146,156,107,107,127,127],"floor_reached":42,"playtime":1386,"items_purged":["Strike_R"],"score":608,"play_id":"ba240833-01bc-415c-a942-6f8637cba3d5","local_time":"20190709154337","is_ascension_mode":true,"campfire_choices":[{"data":"Whirlwind","floor":6,"key":"SMITH"},{"data":"Rampage","floor":8,"key":"SMITH"},{"data":"Finesse","floor":13,"key":"SMITH"},{"data":"Double Tap","floor":15,"key":"SMITH"},{"floor":23,"key":"REST"},{"floor":29,"key":"REST"},{"data":"True Grit","floor":32,"key":"SMITH"},{"floor":40,"key":"REST"}],"neow_cost":"NONE","seed_source_timestamp":16068826776899,"circlet_count":0,"master_deck":["Strike_R","Defend_R+1","Defend_R","Defend_R","Defend_R+1","Bash+1","Cleave","Shrug It Off","Whirlwind+1","Rampage+1","Double Tap+1","Finesse+1","Flame Barrier","Impervious","True Grit+1","Inflame","Armaments+1","Uppercut","Limit Break+1","Flex","Feed","Warcry"],"relics":["Burning Blood","Dream Catcher","Strawberry","Velvet Choker","War Paint","Bronze Scales","Empty Cage"],"potions_floor_usage":[16,16,24,25,25,37,38,42,42],"damage_taken":[{"damage":2,"enemies":"Jaw Worm","floor":1,"turns":3},{"damage":0,"enemies":"2 Louse","floor":2,"turns":3},{"damage":1,"enemies":"Cultist","floor":4,"turns":4},{"damage":3,"enemies":"Gremlin Gang","floor":7,"turns":2},{"damage":32,"enemies":"Gremlin Nob","floor":10,"turns":4},{"damage":4,"enemies":"2 Fungi Beasts","floor":14,"turns":3},{"damage":64,"enemies":"Hexaghost","floor":16,"turns":11},{"damage":14,"enemies":"Shell Parasite","floor":18,"turns":6},{"damage":22,"enemies":"Spheric Guardian","floor":20,"turns":6},{"damage":27,"enemies":"Snecko","floor":21,"turns":7},{"damage":23,"enemies":"Centurion and Healer","floor":24,"turns":5},{"damage":20,"enemies":"3 Cultists","floor":25,"turns":4},{"damage":18,"enemies":"Snake Plant","floor":27,"turns":3},{"damage":69,"enemies":"Collector","floor":33,"turns":8},{"damage":1,"enemies":"Orb Walker","floor":35,"turns":4},{"damage":25,"enemies":"3 Darklings","floor":36,"turns":4},{"damage":12,"enemies":"Transient","floor":37,"turns":3},{"damage":53,"enemies":"4 Shapes","floor":38,"turns":10},{"damage":19,"enemies":"3 Darklings","floor":41,"turns":4},{"damage":28,"enemies":"Maw","floor":42,"turns":7}],"seed_played":"8160514994628642127","potions_obtained":[{"floor":4,"key":"Dexterity Potion"},{"floor":10,"key":"Energy Potion"},{"floor":18,"key":"Strength Potion"},{"floor":21,"key":"Poison Potion"},{"floor":33,"key":"SmokeBomb"},{"floor":36,"key":"Explosive Potion"},{"floor":41,"key":"Poison Potion"}],"is_trial":false,"path_per_floor":["M","M","?","M","$","R","M","R","T","E","?","?","R","M","R","B",null,"M","?","M","M","$","R","M","M","T","M","?","R","$","?","R","B",null,"M","M","M","M","$","R","M","M"],"character_chosen":"IRONCLAD","items_purchased":["Whirlwind","BloodPotion","Inflame","War Paint","AttackPotion"],"campfire_rested":3,"item_purchase_floors":[5,22,22,22,39],"current_hp_per_floor":[76,80,85,85,85,85,85,85,85,66,66,66,66,68,68,10,72,64,64,48,27,27,54,60,46,46,34,64,91,91,91,91,28,76,81,62,56,12,12,40,27,0],"gold":127,"neow_bonus":"UPGRADE_CARD","is_prod":false,"is_daily":false,"chose_seed":false,"campfire_upgraded":5,"win_rate":0,"timestamp":1562658217,"path_taken":["M","M","?","M","$","R","M","R","T","E","?","?","R","M","R","BOSS","M","?","?","?","$","R","M","M","T","M","?","R","$","?","R","BOSS","M","?","M","M","$","R","M","M"],"build_version":"2019-07-05","purchased_purges":1,"victory":false,"max_hp_per_floor":[80,80,85,85,85,85,85,85,85,92,92,92,92,92,92,92,92,92,92,92,92,92,92,92,92,92,92,92,92,92,92,92,92,92,92,92,92,95,95,95,95,95],"card_choices":[{"not_picked":["Clash","Bloodletting","Sentinel"],"picked":"SKIP","floor":1},{"not_picked":["Sword Boomerang","Shrug It Off"],"picked":"Cleave","floor":2},{"not_picked":["Sever Soul","Feel No Pain"],"picked":"Shrug It Off","floor":4},{"not_picked":["Second Wind","Cleave"],"picked":"Rampage","floor":7},{"not_picked":["Perfected Strike","Dark Embrace","Shrug It Off"],"picked":"SKIP","floor":10},{"not_picked":["Twin Strike","Second Wind"],"picked":"Flame Barrier","floor":14},{"not_picked":["Barricade","Double Tap"],"picked":"Impervious","floor":16},{"not_picked":["Seeing Red","Rampage"],"picked":"True Grit","floor":18},{"not_picked":["Wild Strike","Seeing Red","Hemokinesis+1"],"picked":"SKIP","floor":20},{"not_picked":["Havoc","Heavy Blade","Twin Strike"],"picked":"SKIP","floor":21},{"not_picked":["Blood for Blood","Sword Boomerang"],"picked":"Armaments+1","floor":23},{"not_picked":["Wild Strike","Anger"],"picked":"Uppercut","floor":24},{"not_picked":["Clash","Feel No Pain"],"picked":"Limit Break","floor":25},{"not_picked":["Clash+1","Perfected Strike+1","Combust+1"],"picked":"SKIP","floor":27},{"not_picked":["Armaments+1","Warcry"],"picked":"Flex","floor":29},{"not_picked":["Double Tap","Fiend Fire"],"picked":"Feed","floor":33},{"not_picked":["Wild Strike","Body Slam","True Grit+1"],"picked":"SKIP","floor":35},{"not_picked":["Warcry","Twin Strike+1","Shrug It Off"],"picked":"SKIP","floor":36},{"not_picked":["Twin Strike+1","Shrug It Off"],"picked":"Warcry","floor":36},{"not_picked":["Thunderclap","Dropkick","Hemokinesis"],"picked":"SKIP","floor":38},{"not_picked":["Searing Blow+1","Headbutt+1","Armaments+1"],"picked":"SKIP","floor":41}],"player_experience":1032358,"relics_obtained":[{"floor":9,"key":"Dream Catcher"},{"floor":10,"key":"Strawberry"},{"floor":26,"key":"Bronze Scales"}],"event_choices":[{"damage_healed":0,"gold_gain":0,"player_choice":"Donut","damage_taken":0,"max_hp_gain":5,"max_hp_loss":0,"event_name":"Big Fish","floor":3,"gold_loss":0},{"damage_healed":0,"gold_gain":0,"player_choice":"Searched \u00270\u0027 times","damage_taken":0,"max_hp_gain":0,"max_hp_loss":0,"event_name":"Dead Adventurer","floor":11,"gold_loss":0},{"damage_healed":0,"gold_gain":0,"player_choice":"2 cards matched","damage_taken":0,"max_hp_gain":0,"max_hp_loss":0,"event_name":"Match and Keep!","floor":12,"gold_loss":0,"cards_obtained":["Double Tap","Finesse"]},{"cards_removed":["Strike_R"],"damage_healed":0,"gold_gain":0,"player_choice":"Purged","damage_taken":0,"max_hp_gain":0,"max_hp_loss":0,"event_name":"Purifier","floor":19,"gold_loss":0},{"damage_healed":30,"gold_gain":0,"player_choice":"Heal","damage_taken":0,"max_hp_gain":0,"max_hp_loss":0,"event_name":"The Library","floor":28,"gold_loss":0},{"damage_healed":0,"gold_gain":0,"player_choice":"Forge","damage_taken":0,"max_hp_gain":0,"max_hp_loss":0,"event_name":"Accursed Blacksmith","floor":31,"gold_loss":0,"cards_upgraded":["Limit Break"]}],"is_beta":false,"boss_relics":[{"not_picked":["Eternal Feather","Astrolabe"],"picked":"Velvet Choker"},{"not_picked":["Lizard Tail","Black Blood"],"picked":"Empty Cage"}],"items_purged_floors":[30],"is_endless":false,"potions_floor_spawned":[4,10,18,21,33,36,41],"killed_by":"Maw","ascension_level":9}