{"gold_per_floor":[113,113,113,127,143,45,10,10,56,68,109,131,161,173,185,274,286,310,339,21,40,0,0,14,34,34,34,34,50,50],"floor_reached":30,"playtime":1040,"items_purged":["Strike_B"],"score":441,"play_id":"2e42c43d-7976-43a6-b90f-d6f8b2ccc50f","local_time":"20180906121339","is_ascension_mode":true,"campfire_choices":[{"data":"Zap","floor":10,"key":"SMITH"},{"data":"Steam","floor":15,"key":"SMITH"},{"floor":23,"key":"REST"}],"neow_cost":"","seed_source_timestamp":5238853065925534,"circlet_count":0,"master_deck":["Strike_B+1","Strike_B+1","Strike_B+1","Defend_B+1","Defend_B+1","Defend_B+1","Defend_B+1","Zap+1","Dualcast","AscendersBane","Conserve Battery","Leap","Ball Lightning","Loop+1","Cold Snap","Steam+1","Seek","Hologram","Self Repair+1","Defragment","Ball Lightning","Leap","Coolheaded","Stack"],"relics":["Cracked Core","MawBank","Bag of Marbles","Inserter","DataDisk","Smiling Mask"],"potions_floor_usage":[11,16,16,25,29,30],"damage_taken":[{"damage":1,"enemies":"2 Louse","floor":1,"turns":3},{"damage":5,"enemies":"Jaw Worm","floor":4,"turns":4},{"damage":0,"enemies":"Cultist","floor":5,"turns":4},{"damage":14,"enemies":"Lagavulin","floor":11,"turns":7},{"damage":2,"enemies":"Red Slaver","floor":12,"turns":4},{"damage":7,"enemies":"Blue Slaver","floor":13,"turns":3},{"damage":59,"enemies":"Slime Boss","floor":16,"turns":13},{"damage":12,"enemies":"Chosen","floor":18,"turns":5},{"damage":23,"enemies":"Spheric Guardian","floor":19,"turns":6},{"damage":13,"enemies":"Snecko","floor":21,"turns":6},{"damage":27,"enemies":"Snake Plant","floor":24,"turns":5},{"damage":19,"enemies":"Sentry and Sphere","floor":25,"turns":5},{"damage":0,"enemies":"Snecko","floor":29,"turns":7},{"damage":25,"enemies":"Slavers","floor":30,"turns":1}],"seed_played":"-5819583170156768351","potions_obtained":[{"floor":4,"key":"AttackPotion"},{"floor":5,"key":"Swift Potion"},{"floor":13,"key":"Regen Potion"},{"floor":18,"key":"FocusPotion"},{"floor":19,"key":"Poison Potion"},{"floor":29,"key":"LiquidBronze"}],"is_trial":false,"path_per_floor":["M","?","?","M","M","$","?","$","T","R","E","M","M","?","R","B",null,"M","M","$","M","?","R","M","M","T","?","?","M"],"character_chosen":"DEFECT","items_purchased":["Ball Lightning","Loop","DataDisk","Defragment"],"campfire_rested":1,"item_purchase_floors":[6,6,20,20],"current_hp_per_floor":[63,63,63,58,58,58,71,71,71,71,57,55,48,48,48,4,54,42,19,19,16,16,37,20,11,11,11,11,21,0],"gold":50,"neow_bonus":"","is_prod":false,"is_daily":false,"chose_seed":false,"campfire_upgraded":2,"win_rate":0,"timestamp":1536250419,"path_taken":["M","?","?","M","?","$","?","?","T","R","E","M","M","?","R","BOSS","M","M","$","M","?","R","M","M","T","?","?","M","E"],"build_version":"2018-08-30","purchased_purges":1,"victory":false,"max_hp_per_floor":[71,71,71,71,71,71,71,71,71,71,71,71,71,71,71,71,71,71,71,71,71,71,71,71,71,71,71,71,71,71],"card_choices":[{"not_picked":["White Noise","Recycle"],"picked":"Conserve Battery","floor":1},{"not_picked":["Barrage","Double Energy","Beam Cell"],"picked":"SKIP","floor":4},{"not_picked":["Stack","Rebound"],"picked":"Leap","floor":5},{"not_picked":["Rainbow","Compile Driver"],"picked":"Cold Snap","floor":11},{"not_picked":["Redo","Tempest"],"picked":"Steam","floor":12},{"not_picked":["Streamline","Fusion","Barrage"],"picked":"SKIP","floor":13},{"not_picked":["Meteor Strike","Fission"],"picked":"Seek","floor":16},{"not_picked":["Storm+1","Hello World"],"picked":"Hologram","floor":18},{"not_picked":["Capacitor","Conserve Battery"],"picked":"Self Repair+1","floor":19},{"not_picked":["FTL","Doom and Gloom"],"picked":"Ball Lightning","floor":21},{"not_picked":["Aggregate","Steam"],"picked":"Leap","floor":24},{"not_picked":["Double Energy","Sweeping Beam"],"picked":"Coolheaded","floor":25},{"not_picked":["Hologram","Coolheaded"],"picked":"Stack","floor":29}],"player_experience":322589,"relics_obtained":[{"floor":9,"key":"MawBank"},{"floor":11,"key":"Bag of Marbles"},{"floor":26,"key":"Smiling Mask"}],"event_choices":[{"event_name":"Liars Game","player_choice":"disagreed","floor":2,"damage_taken":0},{"event_name":"Golden Idol","player_choice":"Ignored","floor":3,"damage_taken":0},{"event_name":"The Cleric","player_choice":"Healed","floor":7,"damage_taken":0},{"event_name":"Living Wall","player_choice":"Grow","floor":14,"damage_taken":0},{"event_name":"Masked Bandits","player_choice":"Paid Fearfully","floor":22,"damage_taken":0},{"event_name":"Back to Basics","player_choice":"Simplicity","floor":28,"damage_taken":0}],"is_beta":false,"boss_relics":[{"not_picked":["FrozenCore","Runic Dome"],"picked":"Inserter"}],"items_purged_floors":[20],"is_endless":false,"potions_floor_spawned":[4,5,13,18,19,29],"killed_by":"Slavers","ascension_level":18}