{"gold_per_floor":[112,128,142,142,142,142,142,158,182,198,298,103,119,138,138,239,239,258,271,281,97,107,135,135,210,210,228,228,253,267,277,277,277],"floor_reached":33,"playtime":2475,"items_purged":["Strike_R","Strike_R"],"score":333,"play_id":"d5efc998-3106-436a-bc81-84f5468adc13","local_time":"20190708184919","is_ascension_mode":false,"campfire_choices":[{"data":"Battle Trance","floor":6.0,"key":"SMITH"},{"data":"Bash","floor":15.0,"key":"SMITH"},{"data":"Burning Pact","floor":28.0,"key":"SMITH"},{"floor":32.0,"key":"REST"}],"neow_cost":"NONE","seed_source_timestamp":0,"circlet_count":0,"master_deck":["Strike_R+1","Strike_R+1","Defend_R","Defend_R","Defend_R","Bash+1","Battle Trance+1","Warcry","Clothesline","Bludgeon+1","Rampage+1","Headbutt+1","Seeing Red","Burning Pact+1","Bludgeon+1","Flex","Carnage+1","Heavy Blade+1","Twin Strike+1","Sword Boomerang+1","Seeing Red","Anger+1","Finesse","Headbutt+1","Perfected Strike+1","Anger+1","Inflame","Anger+1"],"special_seed":0,"relics":["Burning Blood","Whetstone","Molten Egg 2","Regal Pillow","Orrery","Self Forming Clay","Meat on the Bone","PreservedInsect"],"potions_floor_usage":[33],"damage_taken":[{"damage":9.0,"enemies":"Cultist","floor":1.0,"turns":4.0},{"damage":2.0,"enemies":"2 Louse","floor":2.0,"turns":3.0},{"damage":3.0,"enemies":"Jaw Worm","floor":3.0,"turns":4.0},{"damage":10.0,"enemies":"2 Fungi Beasts","floor":8.0,"turns":4.0},{"damage":22.0,"enemies":"Lots of Slimes","floor":10.0,"turns":5.0},{"damage":9.0,"enemies":"Large Slime","floor":13.0,"turns":5.0},{"damage":9.0,"enemies":"3 Louse","floor":14.0,"turns":2.0},{"damage":0.0,"enemies":"Slime Boss","floor":16.0,"turns":6.0},{"damage":10.0,"enemies":"Chosen","floor":18.0,"turns":3.0},{"damage":15.0,"enemies":"2 Thieves","floor":19.0,"turns":3.0},{"damage":18.0,"enemies":"Snecko","floor":20.0,"turns":4.0},{"damage":10.0,"enemies":"Centurion and Healer","floor":22.0,"turns":3.0},{"damage":6.0,"enemies":"Gremlin Leader","floor":23.0,"turns":3.0},{"damage":10.0,"enemies":"Snake Plant","floor":27.0,"turns":2.0},{"damage":50.0,"enemies":"Slavers","floor":29.0,"turns":5.0},{"damage":19.0,"enemies":"Sentry and Sphere","floor":30.0,"turns":4.0},{"damage":21.0,"enemies":"Centurion and Healer","floor":31.0,"turns":3.0},{"damage":85,"enemies":"Collector","floor":33,"turns":6}],"seed_played":"-1517832063289170706","potions_obtained":[{"floor":1.0,"key":"Block Potion"},{"floor":3.0,"key":"Poison Potion"},{"floor":10.0,"key":"AttackPotion"},{"floor":13.0,"key":"Poison Potion"},{"floor":16.0,"key":"Explosive Potion"},{"floor":19.0,"key":"EntropicBrew"},{"floor":22.0,"key":"LiquidBronze"},{"floor":23.0,"key":"Fruit Juice"},{"floor":31.0,"key":"BloodPotion"}],"is_trial":false,"path_per_floor":["M","M","M","?","?","R","T","M","T","M","?","$","M","M","R","B",null,"M","M","M","$","M","E","?","?","T","M","R","E","M","M","R","B"],"character_chosen":"IRONCLAD","items_purchased":["Rampage+1","Headbutt+1","Finesse"],"campfire_rested":1,"item_purchase_floors":[12,12,21],"current_hp_per_floor":[77,80,80,80,80,80,80,76,76,60,60,60,57,54,54,60,80,76,67,55,55,51,56,56,48,48,56,56,24,23,20,60,0],"gold":277,"neow_bonus":"RANDOM_COMMON_RELIC","is_prod":false,"is_daily":false,"chose_seed":false,"campfire_upgraded":3,"win_rate":0.0,"timestamp":1562579359,"path_taken":["M","M","M","?","?","R","?","M","T","M","?","$","?","M","R","BOSS","M","M","M","$","M","E","?","?","T","?","R","E","M","M","R","BOSS"],"build_version":"2019-07-05","purchased_purges":2,"victory":false,"max_hp_per_floor":[80,80,80,80,80,80,80,80,80,80,80,80,80,80,80,80,80,80,80,80,80,80,85,85,85,85,85,85,85,85,85,85,85],"card_choices":[{"not_picked":["Burning Pact","Flex"],"picked":"Battle Trance","floor":1.0},{"not_picked":["Shrug It Off","Sever Soul"],"picked":"Warcry","floor":2.0},{"not_picked":["Clash","True Grit"],"picked":"Clothesline","floor":3.0},{"not_picked":["Clash+1","Perfected Strike+1"],"picked":"Bludgeon+1","floor":8.0},{"not_picked":["Power Through","Clothesline+1","Heavy Blade+1"],"picked":"SKIP","floor":10.0},{"not_picked":["Intimidate","Body Slam+1"],"picked":"Seeing Red","floor":13.0},{"not_picked":["Iron Wave+1","Perfected Strike+1"],"picked":"Burning Pact","floor":14.0},{"not_picked":["Juggernaut","Brutality"],"picked":"Bludgeon+1","floor":16.0},{"not_picked":["Ghostly Armor","Infernal Blade"],"picked":"Flex","floor":17.0},{"not_picked":["Pommel Strike+1","Corruption"],"picked":"Carnage+1","floor":17.0},{"not_picked":["Spot Weakness","Headbutt+1"],"picked":"Heavy Blade+1","floor":17.0},{"not_picked":["Corruption","Combust"],"picked":"Twin Strike+1","floor":17.0},{"not_picked":["Armaments","Hemokinesis+1"],"picked":"Sword Boomerang+1","floor":17.0},{"not_picked":["Reckless Charge+1","Armaments"],"picked":"Seeing Red","floor":18.0},{"not_picked":["Cleave+1","Reckless Charge+1"],"picked":"Anger+1","floor":19.0},{"not_picked":["Carnage+1","Offering","Sword Boomerang+1"],"picked":"SKIP","floor":20.0},{"not_picked":["Fire Breathing","Rupture"],"picked":"Headbutt+1","floor":22.0},{"not_picked":["Searing Blow+1","Heavy Blade+1"],"picked":"Perfected Strike+1","floor":23.0},{"not_picked":["Headbutt+1","Iron Wave+1"],"picked":"Anger+1","floor":27.0},{"not_picked":["Searing Blow+1","Intimidate+1","Iron Wave+1"],"picked":"SKIP","floor":29.0},{"not_picked":["Perfected Strike+1","Clothesline+1"],"picked":"Inflame","floor":30.0},{"not_picked":["Sever Soul+1","Shockwave"],"picked":"Anger+1","floor":31.0}],"player_experience":13912,"relics_obtained":[{"floor":7.0,"key":"Molten Egg 2"},{"floor":9.0,"key":"Regal Pillow"},{"floor":23.0,"key":"Self Forming Clay"},{"floor":26.0,"key":"Meat on the Bone"},{"floor":29.0,"key":"PreservedInsect"}],"event_choices":[{"damage_healed":0.0,"max_hp_gain":0.0,"max_hp_loss":0.0,"gold_gain":0.0,"event_name":"Liars Game","player_choice":"Ignored","floor":4.0,"gold_loss":0.0,"damage_taken":0.0},{"cards_removed":["Strike_R"],"damage_healed":0.0,"max_hp_gain":0.0,"max_hp_loss":0.0,"gold_gain":0.0,"event_name":"Living Wall","player_choice":"Forget","floor":5.0,"gold_loss":0.0,"damage_taken":0.0},{"damage_healed":0.0,"max_hp_gain":0.0,"max_hp_loss":0.0,"gold_gain":100.0,"event_name":"Golden Shrine","player_choice":"Pray","floor":11.0,"gold_loss":0.0,"damage_taken":0.0},{"cards_removed":["Defend_R"],"damage_healed":0.0,"max_hp_gain":0.0,"max_hp_loss":0.0,"gold_gain":0.0,"event_name":"Back to Basics","player_choice":"Elegance","floor":24.0,"gold_loss":0.0,"damage_taken":0.0},{"damage_healed":0.0,"max_hp_gain":0.0,"max_hp_loss":0.0,"gold_gain":75.0,"event_name":"FaceTrader","player_choice":"Touch","floor":25.0,"gold_loss":0.0,"damage_taken":8.0}],"is_beta":false,"boss_relics":[{"not_picked":["Eternal Feather","Black Blood"],"picked":"Orrery"}],"items_purged_floors":[12,21],"is_endless":false,"potions_floor_spawned":[1,3,10,13,16,19,22,23,31],"killed_by":"Collector","ascension_level":0}