{"gold_per_floor":[118,118,118,40,0,34,34,34,34,77,77,90,90,90,90,211,211,230,230,230,253,253,278,278,278,323,342,342,359,369,384,384,384],"floor_reached":33,"playtime":1564,"items_purged":[],"score":392,"play_id":"9a043115-d728-4199-9175-72a69c80648e","local_time":"20180722130757","is_ascension_mode":true,"campfire_choices":[{"floor":7,"key":"REST"},{"floor":11,"key":"REST"},{"data":"Zap","floor":13,"key":"SMITH"},{"data":"Zap","floor":15,"key":"SMITH"},{"floor":24,"key":"REST"},{"data":"Go for the Eyes","floor":28,"key":"SMITH"},{"floor":32,"key":"REST"}],"neow_cost":"NONE","seed_source_timestamp":1268159360725259,"circlet_count":0,"master_deck":["Strike_B","Strike_B","Strike_B","Defend_B","Defend_B","Defend_B","Defend_B","Zap+1","Dualcast","AscendersBane","Cold Snap","Zap+1","Go for the Eyes+1","Conserve Battery","Reinforced Body","Hologram","Leap","Defragment+1","Hologram","Conserve Battery+1","Loop"],"special_seed":0,"relics":["Cracked Core","Bloody Idol","Omamori","Bird Faced Urn","Bronze Scales","Sozu","Pen Nib","Oddly Smooth Stone"],"potions_floor_usage":[10,10],"damage_taken":[{"damage":0.0,"enemies":"2 Louse","floor":1.0,"turns":2.0},{"damage":22,"enemies":"Lagavulin","floor":6,"turns":6},{"damage":9,"enemies":"Gremlin Nob","floor":10,"turns":4},{"damage":0,"enemies":"Jaw Worm","floor":12,"turns":3},{"damage":39,"enemies":"Hexaghost","floor":16,"turns":12},{"damage":9,"enemies":"Shell Parasite","floor":18,"turns":7},{"damage":0,"enemies":"Spheric Guardian","floor":21,"turns":4},{"damage":16,"enemies":"Chosen and Byrds","floor":23,"turns":6},{"damage":21,"enemies":"Snecko","floor":27,"turns":7},{"damage":17,"enemies":"Snake Plant","floor":29,"turns":4},{"damage":5,"enemies":"Centurion and Healer","floor":30,"turns":15},{"damage":38,"enemies":"3 Cultists","floor":31,"turns":7},{"damage":62,"enemies":"Champ","floor":33,"turns":11}],"seed_played":"5785344478023656481","potions_obtained":[{"floor":1.0,"key":"Poison Potion"},{"floor":6,"key":"Block Potion"}],"is_trial":false,"path_per_floor":["M","?","?","$","?","E","R","?","T","E","R","M","R","$","R","B",null,"M","?","$","M","?","M","R","?","T","M","R","M","M","M","R"],"character_chosen":"DEFECT","items_purchased":["Go for the Eyes","Conserve Battery"],"campfire_rested":4,"item_purchase_floors":[4,4],"current_hp_per_floor":[75,55,55,55,55,33,57,57,57,48,72,72,72,72,72,33,70,61,61,61,63,63,49,73,73,78,64,64,54,56,27,51,0],"gold":384,"neow_bonus":"TEN_PERCENT_HP_BONUS","is_prod":false,"is_daily":false,"chose_seed":false,"campfire_upgraded":3,"win_rate":0,"timestamp":1532279277,"path_taken":["M","?","?","?","?","E","R","?","T","E","R","M","R","$","R","BOSS","M","?","$","M","?","?","R","?","T","M","R","?","?","M","R","BOSS"],"build_version":"2018-07-19v2","purchased_purges":0,"victory":false,"max_hp_per_floor":[82,82,82,82,82,82,82,82,82,82,82,82,82,82,82,82,82,82,82,82,82,82,82,82,82,82,82,82,82,82,82,82,82],"card_choices":[{"not_picked":["Darkness","Rebound","Beam Cell"],"picked":"SKIP","floor":1.0},{"not_picked":["Stack","BootSequence"],"picked":"Reinforced Body","floor":6},{"not_picked":["Lockon","Amplify"],"picked":"Hologram","floor":10},{"not_picked":["Conserve Battery","Redo"],"picked":"Leap","floor":12},{"not_picked":["Steam","Doom and Gloom"],"picked":"Defragment+1","floor":18},{"not_picked":["Aggregate","Barrage","Skim+1"],"picked":"SKIP","floor":21},{"not_picked":["Static Discharge+1","Tempest"],"picked":"Hologram","floor":23},{"not_picked":["Self Repair","Sweeping Beam"],"picked":"Conserve Battery+1","floor":27},{"not_picked":["Steam","Melter","Beam Cell"],"picked":"SKIP","floor":29},{"not_picked":["Compile Driver","Hologram"],"picked":"Loop","floor":30},{"not_picked":["Heatsinks","Turbo+1","Redo"],"picked":"SKIP","floor":31}],"player_experience":154393,"relics_obtained":[{"floor":6,"key":"Omamori"},{"floor":9,"key":"Bird Faced Urn"},{"floor":10,"key":"Bronze Scales"},{"floor":26,"key":"Oddly Smooth Stone"}],"event_choices":[{"event_name":"Golden Idol","player_choice":"Take Damage","floor":2.0,"damage_taken":0.0},{"event_name":"Match and Keep!","player_choice":"2 cards matched","floor":3.0,"damage_taken":0.0},{"event_name":"World of Goop","player_choice":"Left","floor":5.0,"damage_taken":0.0},{"event_name":"Bonfire Elementals","player_choice":"BASIC","floor":8,"damage_taken":0},{"event_name":"The Mausoleum","player_choice":"Yes","floor":19,"damage_taken":0},{"event_name":"Vampires","player_choice":"Ignored","floor":22,"damage_taken":0},{"event_name":"Forgotten Altar","player_choice":"Gave Idol","floor":25,"damage_taken":0}],"is_beta":false,"boss_relics":[{"not_picked":["Coffee Dripper","Empty Cage"],"picked":"Sozu"}],"items_purged_floors":[],"is_endless":false,"potions_floor_spawned":[1,6,27,30],"killed_by":"Champ","ascension_level":11}