{"gold_per_floor":[114,114,56,56,56,56,66,66,93,93,143,162,162,75,75,152,152,162,175,175,175,175],"floor_reached":22,"playtime":457,"items_purged":[],"score":323,"play_id":"baa75b87-4028-4311-86d3-057b74e3524a","local_time":"20180902001857","is_ascension_mode":true,"campfire_choices":[{"data":"Zap","floor":6,"key":"SMITH"},{"data":"Cold Snap","floor":8,"key":"SMITH"},{"data":"Steam","floor":10,"key":"SMITH"},{"data":"Defragment","floor":13,"key":"SMITH"},{"floor":15,"key":"REST"}],"neow_cost":"NONE","seed_source_timestamp":4851048180203778,"circlet_count":0,"master_deck":["Strike_B+1","Strike_B+1","Strike_B+1","Defend_B+1","Defend_B+1","Defend_B+1","Defend_B+1","Zap+1","Dualcast","AscendersBane","Electrodynamics","Compile Driver","Cold Snap+1","Steam+1","Defragment+1","Capacitor","Biased Cognition","Leap","Steam"],"relics":["Cracked Core","Lantern","Black Star"],"potions_floor_usage":[],"damage_taken":[{"damage":9,"enemies":"2 Louse","floor":1,"turns":3},{"damage":2,"enemies":"Jaw Worm","floor":7,"turns":3},{"damage":8,"enemies":"Small Slimes","floor":12,"turns":3},{"damage":26,"enemies":"Slime Boss","floor":16,"turns":7},{"damage":8,"enemies":"3 Byrds","floor":18,"turns":2},{"damage":27,"enemies":"Chosen","floor":19,"turns":6},{"damage":24,"enemies":"Snake Plant","floor":22,"turns":2}],"seed_played":"3593347066018521531","potions_obtained":[{"floor":7,"key":"Ancient Potion"}],"is_trial":false,"path_per_floor":["M","?","$","?","?","R","M","R","T","R","?","M","R","$","R","B",null,"M","M","$","?"],"character_chosen":"DEFECT","items_purchased":["Cold Snap","Capacitor"],"campfire_rested":1,"item_purchase_floors":[3,14],"current_hp_per_floor":[55,37,37,30,30,30,28,28,28,28,28,20,20,20,41,15,57,49,22,22,22,0],"gold":175,"neow_bonus":"ONE_RANDOM_RARE_CARD","is_prod":false,"is_daily":false,"chose_seed":false,"campfire_upgraded":4,"win_rate":0,"timestamp":1535861937,"path_taken":["M","?","$","?","?","R","M","R","T","R","?","M","R","?","R","BOSS","M","?","$","?","M"],"build_version":"2018-08-30","purchased_purges":0,"victory":false,"max_hp_per_floor":[71,71,71,71,71,71,71,71,71,71,71,71,71,71,71,71,71,71,71,71,71,71],"card_choices":[{"not_picked":["Reprogram","Melter"],"picked":"Compile Driver","floor":1},{"not_picked":["Streamline","Coolheaded"],"picked":"Steam","floor":7},{"not_picked":["Loop","Sunder"],"picked":"Defragment","floor":12},{"not_picked":["Multi-Cast","All For One"],"picked":"Biased Cognition","floor":16},{"not_picked":["Gash","Rebound"],"picked":"Leap","floor":18},{"not_picked":["Fusion","Scrape"],"picked":"Steam","floor":19}],"player_experience":303073,"relics_obtained":[{"floor":9,"key":"Lantern"}],"event_choices":[{"event_name":"Scrap Ooze","player_choice":"unsuccessful","floor":2,"damage_taken":18},{"event_name":"Golden Wing","player_choice":"Card Removal","floor":4,"damage_taken":0},{"event_name":"Liars Game","player_choice":"disagreed","floor":5,"damage_taken":0},{"event_name":"Golden Shrine","player_choice":"Pray","floor":11,"damage_taken":0},{"event_name":"Back to Basics","player_choice":"Simplicity","floor":21,"damage_taken":0}],"is_beta":false,"boss_relics":[{"not_picked":["Astrolabe","Velvet Choker"],"picked":"Black Star"}],"items_purged_floors":[],"is_endless":false,"potions_floor_spawned":[7],"killed_by":"Snake Plant","ascension_level":18}