{"gold_per_floor":[111,111,123,48,62,90,101,101,101,101,115,128,128,141,141,214,214,224,224,236,16,16],"floor_reached":22,"playtime":803,"items_purged":[],"score":376,"play_id":"dfd293be-ec87-45d8-bd89-9ac0176e494c","local_time":"20190627151040","is_ascension_mode":true,"campfire_choices":[{"floor":8.0,"key":"REST"},{"floor":13,"key":"REST"},{"data":"A Thousand Cuts","floor":15,"key":"SMITH"}],"neow_cost":"NONE","seed_source_timestamp":0,"circlet_count":0,"master_deck":["AscendersBane","Defend_G","Defend_G","Defend_G","Defend_G","Defend_G","Strike_G","Strike_G","Strike_G","Strike_G","Survivor","Neutralize+1","Flying Knee","Crippling Poison","Poisoned Stab","Dagger Spray","Skewer","A Thousand Cuts+1","Poisoned Stab","Outmaneuver","Malaise","Dodge and Roll","Bane"],"special_seed":0,"relics":["Ring of the Snake","NeowsBlessing","Thread and Needle","Darkstone Periapt","Philosopher\u0027s Stone","The Specimen","MealTicket"],"potions_floor_usage":[16,18],"damage_taken":[{"damage":0.0,"enemies":"Small Slimes","floor":1.0,"turns":1.0},{"damage":0.0,"enemies":"Jaw Worm","floor":3.0,"turns":1.0},{"damage":0.0,"enemies":"Cultist","floor":5.0,"turns":1.0},{"damage":39.0,"enemies":"Lagavulin","floor":6.0,"turns":9.0},{"damage":2.0,"enemies":"Gremlin Gang","floor":7.0,"turns":4.0},{"damage":0,"enemies":"Red Slaver","floor":11,"turns":3},{"damage":3,"enemies":"Large Slime","floor":12,"turns":5},{"damage":0,"enemies":"Looter","floor":14,"turns":3},{"damage":21,"enemies":"Slime Boss","floor":16,"turns":9},{"damage":28,"enemies":"3 Byrds","floor":18,"turns":3},{"damage":26,"enemies":"2 Thieves","floor":20,"turns":4},{"damage":17,"enemies":"Colosseum Slavers","floor":22,"turns":3}],"seed_played":"3700226994825555415","potions_obtained":[{"floor":3.0,"key":"FairyPotion"},{"floor":10.0,"key":"Regen Potion"},{"floor":16,"key":"SkillPotion"}],"is_trial":false,"path_per_floor":["M","?","M","?","M","E","M","R","T","?","M","M","R","M","R","B",null,"M","T","M","$","?"],"character_chosen":"THE_SILENT","items_purchased":["MealTicket"],"campfire_rested":2,"item_purchase_floors":[21],"current_hp_per_floor":[59,59,59,59,59,20,18,37,37,37,37,34,53,53,53,47,61,33,33,7,7,0],"gold":16,"neow_bonus":"THREE_ENEMY_KILL","is_prod":false,"is_daily":false,"chose_seed":false,"campfire_upgraded":1,"win_rate":0,"timestamp":1561662640,"path_taken":["M","?","M","?","M","E","M","R","T","?","?","?","R","M","R","BOSS","M","?","M","$","?"],"build_version":"2019-01-23","purchased_purges":0,"victory":false,"max_hp_per_floor":[66,66,66,66,66,66,66,66,66,66,66,66,66,66,66,66,66,66,66,66,66,66],"card_choices":[{"not_picked":["Acrobatics","Masterful Stab"],"picked":"Flying Knee","floor":1.0},{"not_picked":["Acrobatics","Cloak And Dagger"],"picked":"Crippling Poison","floor":3.0},{"not_picked":["Choke","Skewer"],"picked":"Poisoned Stab","floor":5.0},{"not_picked":["Slice","Acrobatics"],"picked":"Dagger Spray","floor":6.0},{"not_picked":["Backflip","Cloak And Dagger"],"picked":"Skewer","floor":7.0},{"not_picked":["Quick Slash","Outmaneuver"],"picked":"A Thousand Cuts","floor":11},{"not_picked":["Deadly Poison","Quick Slash"],"picked":"Poisoned Stab","floor":12},{"not_picked":["Acrobatics","Backflip"],"picked":"Outmaneuver","floor":14},{"not_picked":["Unload","Envenom"],"picked":"Malaise","floor":16},{"not_picked":["Quick Slash","Dagger Spray+1"],"picked":"Dodge and Roll","floor":18},{"not_picked":["Eviscerate","Dagger Spray"],"picked":"Bane","floor":20}],"player_experience":793738,"relics_obtained":[{"floor":6.0,"key":"Thread and Needle"},{"floor":9.0,"key":"Darkstone Periapt"},{"floor":19,"key":"The Specimen"}],"event_choices":[{"damage_healed":0.0,"max_hp_gain":0.0,"max_hp_loss":0.0,"gold_gain":0.0,"event_name":"Living Wall","player_choice":"Grow","floor":2.0,"gold_loss":0.0,"damage_taken":0.0,"cards_upgraded":["Neutralize"]},{"cards_removed":["Strike_G"],"damage_healed":0.0,"max_hp_gain":0.0,"max_hp_loss":0.0,"gold_gain":0.0,"event_name":"The Cleric","player_choice":"Card Removal","floor":4.0,"gold_loss":75.0,"damage_taken":0.0},{"damage_healed":0.0,"max_hp_gain":0.0,"max_hp_loss":0.0,"gold_gain":0.0,"event_name":"Lab","player_choice":"Got Potions","floor":10.0,"gold_loss":0.0,"damage_taken":0.0},{"damage_healed":0,"gold_gain":0,"player_choice":"Fight","damage_taken":0,"max_hp_gain":0,"max_hp_loss":0,"event_name":"Colosseum","floor":22,"gold_loss":0}],"is_beta":false,"boss_relics":[{"not_picked":["Busted Crown","Ring of the Serpent"],"picked":"Philosopher\u0027s Stone"}],"items_purged_floors":[],"is_endless":false,"potions_floor_spawned":[3,12,14,16],"killed_by":"Colosseum Slavers","ascension_level":20}