{"gold_per_floor":[112,112,4,18,31,65,65,65],"floor_reached":8,"playtime":232,"items_purged":[],"score":112,"play_id":"f60815d5-87cb-4db6-a2c7-aee4759b36c6","local_time":"20190703045556","is_ascension_mode":true,"campfire_choices":[],"neow_cost":"NONE","seed_source_timestamp":1655307403296600,"circlet_count":0,"master_deck":["AscendersBane","Strike_B","Strike_B","Strike_B","Strike_B","Defend_B","Defend_B","Defend_B","Defend_B","Zap","Dualcast","Lockon+1","Flash of Steel","Storm","Doom and Gloom","Thunder Strike"],"relics":["Cracked Core","Dream Catcher","Bag of Marbles","Bag of Preparation"],"potions_floor_usage":[6],"damage_taken":[{"damage":7,"enemies":"Small Slimes","floor":1,"turns":4},{"damage":0,"enemies":"Cultist","floor":4,"turns":3},{"damage":2,"enemies":"Jaw Worm","floor":5,"turns":2},{"damage":38,"enemies":"3 Sentries","floor":6,"turns":6},{"damage":46,"enemies":"Gremlin Nob","floor":8,"turns":3}],"seed_played":"5676100071733312790","potions_obtained":[{"floor":1,"key":"EssenceOfSteel"},{"floor":4,"key":"SteroidPotion"},{"floor":5,"key":"Fire Potion"}],"is_trial":false,"path_per_floor":["M","?","$","M","M","E","?","E"],"character_chosen":"DEFECT","items_purchased":["Flash of Steel"],"campfire_rested":0,"item_purchase_floors":[3],"current_hp_per_floor":[57,57,57,57,55,17,17,0],"gold":65,"neow_bonus":"RANDOM_COMMON_RELIC","is_prod":false,"is_daily":false,"chose_seed":false,"campfire_upgraded":0,"win_rate":0,"timestamp":1562154956,"path_taken":["M","?","?","M","?","E","?","E"],"build_version":"2019-07-01","purchased_purges":0,"victory":false,"max_hp_per_floor":[71,71,71,71,71,71,71,71],"card_choices":[{"not_picked":["Darkness","Barrage"],"picked":"Lockon","floor":1},{"not_picked":["Turbo","Steam"],"picked":"Storm","floor":4},{"not_picked":["Reprogram","Turbo"],"picked":"Doom and Gloom","floor":5},{"not_picked":["Gash","Genetic Algorithm"],"picked":"Thunder Strike","floor":6}],"player_experience":1229983,"relics_obtained":[{"floor":6,"key":"Bag of Marbles"}],"event_choices":[{"damage_healed":0,"gold_gain":0,"player_choice":"Forge","damage_taken":0,"max_hp_gain":0,"max_hp_loss":0,"event_name":"Accursed Blacksmith","floor":2,"gold_loss":0,"cards_upgraded":["Lockon"]},{"damage_healed":0,"gold_gain":0,"player_choice":"Searched \u00271\u0027 times","damage_taken":0,"relics_obtained":["Bag of Preparation"],"max_hp_gain":0,"max_hp_loss":0,"event_name":"Dead Adventurer","floor":7,"gold_loss":0}],"is_beta":false,"boss_relics":[],"items_purged_floors":[],"is_endless":false,"potions_floor_spawned":[1,4,5],"killed_by":"Gremlin Nob","ascension_level":20}