{"gold_per_floor":[118,9,9,9,9,9,25,25,51,65,140,51,82,101,101,101],"floor_reached":16,"playtime":351,"items_purged":[],"score":196,"play_id":"f7772b4b-fc5d-403d-9da8-43d352f88982","local_time":"20190503144120","is_ascension_mode":true,"campfire_choices":[{"floor":6,"key":"REST"},{"floor":8,"key":"REST"},{"floor":15,"key":"REST"}],"neow_cost":"NONE","seed_source_timestamp":527805428504304,"circlet_count":0,"master_deck":["AscendersBane","Defend_G","Defend_G","Defend_G","Defend_G","Defend_G","Strike_G+1","Strike_G+1","Strike_G","Strike_G","Strike_G","Survivor","Neutralize","Heel Hook","Leg Sweep","Quick Slash","Flying Knee","Dash","Noxious Fumes","Caltrops","Noxious Fumes"],"relics":["Ring of the Snake","Potion Belt","Ornamental Fan","Happy Flower","Tingsha"],"potions_floor_usage":[13,16],"damage_taken":[{"damage":6,"enemies":"Small Slimes","floor":1,"turns":5},{"damage":0,"enemies":"Jaw Worm","floor":7,"turns":2},{"damage":0,"enemies":"2 Louse","floor":10,"turns":4},{"damage":20,"enemies":"Gremlin Nob","floor":13,"turns":4},{"damage":0,"enemies":"2 Fungi Beasts","floor":14,"turns":4},{"damage":37,"enemies":"Slime Boss","floor":16,"turns":6}],"seed_played":"428219164222717174","potions_obtained":[{"floor":1,"key":"EssenceOfSteel"},{"floor":10,"key":"Swift Potion"}],"is_trial":false,"path_per_floor":["M","$","?","?","$","R","M","R","T","M","?","$","E","M","R","B"],"character_chosen":"THE_SILENT","items_purchased":["Leg Sweep","Quick Slash","Noxious Fumes"],"campfire_rested":3,"item_purchase_floors":[2,2,12],"current_hp_per_floor":[53,53,33,7,7,26,26,45,45,45,34,34,14,14,33,0],"gold":101,"neow_bonus":"RANDOM_COMMON_RELIC","is_prod":false,"is_daily":false,"chose_seed":false,"campfire_upgraded":0,"win_rate":0,"timestamp":1556908880,"path_taken":["M","$","?","?","?","R","M","R","T","M","?","$","E","M","R","BOSS"],"build_version":"2019-01-23","purchased_purges":0,"victory":false,"max_hp_per_floor":[66,66,66,66,66,66,66,66,66,66,66,66,66,66,66,66],"card_choices":[{"not_picked":["Blur","Dagger Throw"],"picked":"Heel Hook","floor":1},{"not_picked":["Blade Dance","Deadly Poison"],"picked":"Flying Knee","floor":7},{"not_picked":["Deadly Poison","Slice"],"picked":"Dash","floor":10},{"not_picked":["Dagger Spray","Backflip"],"picked":"Caltrops","floor":13},{"not_picked":["Escape Plan","Deflect"],"picked":"Noxious Fumes","floor":14}],"player_experience":671672,"relics_obtained":[{"floor":9,"key":"Happy Flower"},{"floor":13,"key":"Tingsha"}],"event_choices":[{"damage_healed":0,"gold_gain":0,"player_choice":"Entered Light","damage_taken":20,"max_hp_gain":0,"max_hp_loss":0,"event_name":"Shining Light","floor":3,"gold_loss":0,"cards_upgraded":["Strike_G","Strike_G"]},{"damage_healed":0,"gold_gain":0,"player_choice":"Success","damage_taken":26,"relics_obtained":["Ornamental Fan"],"max_hp_gain":0,"max_hp_loss":0,"event_name":"Scrap Ooze","floor":4,"gold_loss":0},{"damage_healed":0,"gold_gain":75,"player_choice":"Gather Gold","damage_taken":11,"max_hp_gain":0,"max_hp_loss":0,"event_name":"World of Goop","floor":11,"gold_loss":0}],"is_beta":false,"boss_relics":[],"items_purged_floors":[],"is_endless":false,"potions_floor_spawned":[1,10],"killed_by":"Slime Boss","ascension_level":20}