{"gold_per_floor":[114,114,130,141,155,155,183,183,183,148,165,176,176,67,67,138,138,156,166,178,178,178,178,197,197,222,277,292,305,71,84,84,84],"floor_reached":33,"playtime":1172,"items_purged":["Strike_B"],"score":439,"play_id":"96cc97cf-677b-44b2-9a71-7c3455f82715","local_time":"20180818235202","is_ascension_mode":true,"campfire_choices":[{"data":"Loop","floor":6.0,"key":"SMITH"},{"data":"Defragment","floor":8.0,"key":"SMITH"},{"data":"Loop","floor":13.0,"key":"SMITH"},{"data":"Sunder","floor":15.0,"key":"SMITH"},{"floor":23.0,"key":"REST"},{"data":"Go for the Eyes","floor":25,"key":"SMITH"},{"floor":32,"key":"REST"}],"neow_cost":"NONE","seed_source_timestamp":3639353386654791,"circlet_count":0,"master_deck":["Strike_B+1","Strike_B+1","Strike_B+1","Defend_B+1","Defend_B+1","Defend_B+1","Defend_B+1","Zap+1","Dualcast","AscendersBane","Steam+1","Loop+1","Ball Lightning","Leap","Defragment+1","Cold Snap","Loop+1","Sunder+1","Biased Cognition","Hologram","Go for the Eyes+1","Cold Snap","Hologram","Defragment+1","Go for the Eyes","Self Repair"],"special_seed":0,"relics":["Cracked Core","Meat on the Bone","Ornamental Fan","Inserter","Bronze Scales","Tiny Chest","DollysMirror"],"potions_floor_usage":[33,33],"damage_taken":[{"damage":8.0,"enemies":"Small Slimes","floor":1.0,"turns":3.0},{"damage":0.0,"enemies":"Cultist","floor":3.0,"turns":4.0},{"damage":5.0,"enemies":"2 Louse","floor":4.0,"turns":4.0},{"damage":3.0,"enemies":"Blue Slaver","floor":5.0,"turns":3.0},{"damage":21.0,"enemies":"Lagavulin","floor":7.0,"turns":6.0},{"damage":6.0,"enemies":"2 Fungi Beasts","floor":11.0,"turns":3.0},{"damage":19.0,"enemies":"Gremlin Gang","floor":12.0,"turns":4.0},{"damage":1.0,"enemies":"The Guardian","floor":16.0,"turns":8.0},{"damage":12.0,"enemies":"Shell Parasite","floor":18.0,"turns":5.0},{"damage":21.0,"enemies":"2 Thieves","floor":19.0,"turns":4.0},{"damage":23.0,"enemies":"3 Cultists","floor":20.0,"turns":6.0},{"damage":11,"enemies":"Cultist and Chosen","floor":24,"turns":5},{"damage":18,"enemies":"Snake Plant","floor":28,"turns":4},{"damage":31,"enemies":"3 Cultists","floor":29,"turns":5},{"damage":4,"enemies":"Sentry and Sphere","floor":31,"turns":4},{"damage":51,"enemies":"Automaton","floor":33,"turns":6}],"seed_played":"2780579971911154800","potions_obtained":[{"floor":3.0,"key":"LiquidBronze"},{"floor":4.0,"key":"SkillPotion"},{"floor":19.0,"key":"Strength Potion"}],"is_trial":false,"path_per_floor":["M","?","M","M","M","R","E","R","T","?","M","M","R","$","R","B",null,"M","M","M","?","?","R","M","R","T","T","M","M","$","M","R"],"character_chosen":"DEFECT","items_purchased":["Sunder","DollysMirror","Go for the Eyes"],"campfire_rested":2,"item_purchase_floors":[14,30,30],"current_hp_per_floor":[56,56,56,51,48,48,27,27,27,44,38,31,31,31,31,42,64,52,43,32,32,32,53,42,42,42,42,36,17,17,25,46,0],"gold":84,"neow_bonus":"UPGRADE_CARD","is_prod":false,"is_daily":false,"chose_seed":false,"campfire_upgraded":5,"win_rate":0,"timestamp":1534650722,"path_taken":["M","?","M","M","M","R","E","R","T","?","?","?","R","$","R","BOSS","M","M","M","?","?","R","M","R","T","?","M","M","?","M","R","BOSS"],"build_version":"2018-08-16","purchased_purges":1,"victory":false,"max_hp_per_floor":[71,71,71,71,71,71,71,71,71,71,71,71,71,71,71,71,71,71,71,71,71,71,71,71,71,71,71,71,71,71,71,71,71],"card_choices":[{"not_picked":["Sweeping Beam","Gash"],"picked":"Steam","floor":1.0},{"not_picked":["Barrage","Beam Cell"],"picked":"Loop","floor":3.0},{"not_picked":["Gash","Beam Cell"],"picked":"Ball Lightning","floor":4.0},{"not_picked":["Sweeping Beam","Streamline"],"picked":"Leap","floor":5.0},{"not_picked":["Genetic Algorithm","FTL"],"picked":"Defragment","floor":7.0},{"not_picked":["Loop","Barrage"],"picked":"Cold Snap","floor":11.0},{"not_picked":["Reboot","Chill"],"picked":"Loop","floor":12.0},{"not_picked":["Seek","Multi-Cast"],"picked":"Biased Cognition","floor":16.0},{"not_picked":["Gash","Loop"],"picked":"Hologram","floor":18.0},{"not_picked":["Turbo","Stack+1"],"picked":"Go for the Eyes","floor":19.0},{"not_picked":["Streamline+1","Reprogram","Capacitor"],"picked":"SKIP","floor":20.0},{"not_picked":["Lockon","Gash"],"picked":"Cold Snap","floor":24},{"not_picked":["Storm+1","Turbo","Redo"],"picked":"SKIP","floor":28},{"not_picked":["Fission","Chaos+1"],"picked":"Hologram","floor":29},{"not_picked":["Sweeping Beam","Rip and Tear+1"],"picked":"Self Repair","floor":31}],"player_experience":263147,"relics_obtained":[{"floor":7.0,"key":"Meat on the Bone"},{"floor":9.0,"key":"Ornamental Fan"},{"floor":26,"key":"Bronze Scales"},{"floor":27,"key":"Tiny Chest"}],"event_choices":[{"event_name":"Upgrade Shrine","player_choice":"Upgraded","floor":2.0,"damage_taken":0.0},{"event_name":"The Cleric","player_choice":"Healed","floor":10.0,"damage_taken":0.0},{"event_name":"Vampires","player_choice":"Ignored","floor":21.0,"damage_taken":0.0},{"event_name":"Back to Basics","player_choice":"Simplicity","floor":22.0,"damage_taken":0.0}],"is_beta":false,"boss_relics":[{"not_picked":["Empty Cage","Coffee Dripper"],"picked":"Inserter"}],"items_purged_floors":[14],"is_endless":false,"potions_floor_spawned":[3,4,7,11,16,19,24,29],"killed_by":"Automaton","ascension_level":15}