{"gold_per_floor":[111,111,111,128,92,92,110,127,154,154,166,166,166,185,185,281,281,293,293,313,326,354,354,372,372,423,423],"floor_reached":27,"playtime":822,"items_purged":[],"score":255,"play_id":"ee2ebd91-5618-49a5-8a80-4230d10737f5","local_time":"20190710185154","is_ascension_mode":false,"campfire_choices":[{"data":"Whirlwind","floor":6.0,"key":"SMITH"},{"data":"Evolve","floor":10.0,"key":"SMITH"},{"data":"Bash","floor":13.0,"key":"SMITH"},{"data":"Flex","floor":15.0,"key":"SMITH"},{"floor":23,"key":"REST"}],"neow_cost":"NONE","seed_source_timestamp":6416407854613743,"circlet_count":0,"master_deck":["Defend_R","Defend_R","Defend_R","Defend_R","Bash+1","Whirlwind+1","Evolve+1","Perfected Strike","Battle Trance","Flex+1","Double Tap","Bite","Bite","Bite","Bite","Bite","Wild Strike","Clothesline","Battle Trance+1","Whirlwind","Ghostly","Ghostly","Ghostly","Ghostly","Ghostly"],"special_seed":0,"relics":["Burning Blood"],"potions_floor_usage":[24],"damage_taken":[{"damage":7.0,"enemies":"2 Louse","floor":1.0,"turns":4.0},{"damage":0.0,"enemies":"Small Slimes","floor":4.0,"turns":2.0},{"damage":1.0,"enemies":"Jaw Worm","floor":7.0,"turns":3.0},{"damage":0.0,"enemies":"Gremlin Gang","floor":8.0,"turns":1.0},{"damage":0.0,"enemies":"Exordium Wildlife","floor":11.0,"turns":1.0},{"damage":7.0,"enemies":"Looter","floor":14.0,"turns":4.0},{"damage":27.0,"enemies":"Slime Boss","floor":16.0,"turns":5.0},{"damage":23.0,"enemies":"Chosen","floor":18.0,"turns":7.0},{"damage":0.0,"enemies":"3 Byrds","floor":20.0,"turns":3.0},{"damage":47.0,"enemies":"Centurion and Healer","floor":21.0,"turns":13.0},{"damage":29.0,"enemies":"Masked Bandits","floor":22.0,"turns":3.0},{"damage":23,"enemies":"3 Cultists","floor":24,"turns":5},{"damage":40,"enemies":"Book of Stabbing","floor":27,"turns":8}],"seed_played":"7993711474644444937","potions_obtained":[{"floor":1.0,"key":"Weak Potion"},{"floor":7.0,"key":"EntropicBrew"},{"floor":11.0,"key":"SkillPotion"},{"floor":16.0,"key":"PowerPotion"},{"floor":22,"key":"SpeedPotion"},{"floor":24,"key":"Weak Potion"}],"is_trial":false,"path_per_floor":["M","?","?","M","$","R","M","M","T","R","M","T","R","M","R","B",null,"M","?","M","M","?","R","M","?","T","E"],"character_chosen":"IRONCLAD","items_purchased":["Evolve"],"campfire_rested":1,"item_purchase_floors":[5],"current_hp_per_floor":[87,92,85,91,91,91,93,93,93,93,93,93,93,92,92,71,93,76,65,65,65,44,63,60,32,32,0],"gold":423,"neow_bonus":"TEN_PERCENT_HP_BONUS","is_prod":false,"is_daily":false,"chose_seed":false,"campfire_upgraded":4,"win_rate":0,"timestamp":1562799114,"path_taken":["M","?","?","?","$","R","?","M","T","R","M","?","R","M","R","BOSS","M","?","M","M","?","R","M","?","T","E"],"build_version":"2019-07-05","purchased_purges":0,"victory":false,"max_hp_per_floor":[88,93,93,93,93,93,93,93,93,93,93,93,93,93,93,93,93,93,65,65,65,65,65,65,32,32,32],"card_choices":[{"not_picked":["Pummel","Flex"],"picked":"Whirlwind","floor":1.0},{"not_picked":["Pommel Strike","Headbutt","Whirlwind"],"picked":"SKIP","floor":4.0},{"not_picked":["Clash","Flex","Evolve"],"picked":"SKIP","floor":7.0},{"not_picked":["Entrench","Infernal Blade"],"picked":"Perfected Strike","floor":8.0},{"not_picked":["Carnage","Heavy Blade"],"picked":"Battle Trance","floor":11.0},{"not_picked":["Bloodletting","Rupture"],"picked":"Flex","floor":14.0},{"not_picked":["Berserk","Brutality"],"picked":"Double Tap","floor":16.0},{"not_picked":["Havoc","Intimidate","Anger"],"picked":"SKIP","floor":18.0},{"not_picked":["Clash","Heavy Blade"],"picked":"Wild Strike","floor":20.0},{"not_picked":["Body Slam+1","Armaments"],"picked":"Clothesline","floor":21.0},{"not_picked":["Rupture","Sentinel"],"picked":"Battle Trance+1","floor":22},{"not_picked":["Cleave","Evolve+1"],"picked":"Whirlwind","floor":24}],"player_experience":951738,"relics_obtained":[],"event_choices":[{"damage_healed":0.0,"max_hp_gain":5.0,"max_hp_loss":0.0,"gold_gain":0.0,"event_name":"Big Fish","player_choice":"Donut","floor":2.0,"gold_loss":0.0,"damage_taken":0.0},{"cards_removed":["Strike_R"],"damage_healed":0.0,"max_hp_gain":0.0,"max_hp_loss":0.0,"gold_gain":0.0,"event_name":"Golden Wing","player_choice":"Card Removal","floor":3.0,"gold_loss":0.0,"damage_taken":7.0},{"damage_healed":0.0,"max_hp_gain":0.0,"max_hp_loss":28.0,"gold_gain":0.0,"event_name":"Vampires","player_choice":"Became a vampire","floor":19.0,"gold_loss":0.0,"damage_taken":0.0,"cards_obtained":["Bite","Bite","Bite","Bite","Bite"]},{"damage_healed":0.0,"max_hp_gain":0.0,"max_hp_loss":0.0,"gold_gain":0.0,"event_name":"Masked Bandits","player_choice":"Fought Bandits","floor":22.0,"gold_loss":0.0,"damage_taken":0.0},{"damage_healed":0,"gold_gain":0,"player_choice":"Became a Ghost","damage_taken":0,"max_hp_gain":0,"max_hp_loss":33,"event_name":"Ghosts","floor":25,"gold_loss":0,"cards_obtained":["Ghostly","Ghostly","Ghostly","Ghostly","Ghostly"]}],"is_beta":false,"boss_relics":[{"not_picked":["Mark of Pain","Orrery","Philosopher\u0027s Stone"]}],"items_purged_floors":[],"is_endless":false,"potions_floor_spawned":[1,7,11,16,18,20,22,24],"killed_by":"Book of Stabbing","ascension_level":0}