{"gold_per_floor":[119,89,101,118,130,130,162,162,162,187,112,125,125,158,158,236,236,236],"floor_reached":18,"playtime":597,"items_purged":["Strike_B"],"score":360,"play_id":"e5731112-3676-436e-b695-2b0786ea7d41","local_time":"20190701104841","is_ascension_mode":true,"campfire_choices":[{"floor":6.0,"key":"REST"},{"floor":8.0,"key":"REST"},{"floor":13.0,"key":"REST"},{"floor":15.0,"key":"DIG"}],"neow_cost":"NONE","seed_source_timestamp":86903357611500,"circlet_count":0,"master_deck":["AscendersBane","Strike_B","Strike_B","Strike_B","Defend_B","Defend_B","Defend_B","Defend_B","Zap","Dualcast","Meteor Strike","White Noise","Cold Snap","Sunder","Beam Cell","Glacier","Sunder","Doom and Gloom","Multi-Cast","Multi-Cast"],"special_seed":0,"relics":["Cracked Core","Blue Candle","Shovel","Gambling Chip","Matryoshka","Art of War","Sozu"],"potions_floor_usage":[],"damage_taken":[{"damage":4.0,"enemies":"Small Slimes","floor":1.0,"turns":3.0},{"damage":1.0,"enemies":"Cultist","floor":3.0,"turns":3.0},{"damage":8.0,"enemies":"2 Louse","floor":4.0,"turns":3.0},{"damage":23.0,"enemies":"Exordium Wildlife","floor":5.0,"turns":3.0},{"damage":42.0,"enemies":"Gremlin Nob","floor":7.0,"turns":5.0},{"damage":15.0,"enemies":"3 Sentries","floor":10.0,"turns":6.0},{"damage":0.0,"enemies":"Gremlin Gang","floor":12.0,"turns":3.0},{"damage":6.0,"enemies":"Gremlin Nob","floor":14.0,"turns":3.0},{"damage":36,"enemies":"Slime Boss","floor":16,"turns":11},{"damage":0,"enemies":"3 Byrds","floor":18,"turns":1}],"seed_played":"-6585471403440717751","potions_obtained":[{"floor":2.0,"key":"SpeedPotion"},{"floor":2.0,"key":"Weak Potion"},{"floor":7.0,"key":"Regen Potion"},{"floor":10.0,"key":"Ancient Potion"}],"is_trial":false,"path_per_floor":["M","?","M","M","M","R","E","R","T","E","$","M","R","E","R","B",null,"M"],"character_chosen":"DEFECT","items_purchased":[],"campfire_rested":3,"item_purchase_floors":[],"current_hp_per_floor":[60,60,59,51,28,49,7,28,28,28,28,28,49,43,43,7,55,55],"gold":236,"neow_bonus":"ONE_RANDOM_RARE_CARD","is_prod":false,"is_daily":false,"chose_seed":false,"campfire_upgraded":0,"win_rate":0,"timestamp":1561974521,"path_taken":["M","?","M","M","M","R","E","R","T","E","$","?","R","E","R","BOSS","M"],"build_version":"2019-01-23","purchased_purges":1,"victory":false,"max_hp_per_floor":[71,71,71,71,71,71,71,71,71,71,71,71,71,71,71,71,71,71],"card_choices":[{"not_picked":["Coolheaded","FTL"],"picked":"White Noise","floor":1.0},{"not_picked":["Go for the Eyes","Lockon"],"picked":"Cold Snap","floor":3.0},{"not_picked":["Streamline","Steam"],"picked":"Sunder","floor":4.0},{"not_picked":["Tempest","Turbo"],"picked":"Beam Cell","floor":5.0},{"not_picked":["Skim","Rebound"],"picked":"Glacier","floor":7.0},{"not_picked":["Reprogram","Hologram"],"picked":"Sunder","floor":10.0},{"not_picked":["Double Energy","Turbo"],"picked":"Doom and Gloom","floor":12.0},{"not_picked":["Beam Cell","Streamline"],"picked":"Multi-Cast","floor":14.0},{"not_picked":["Hyperbeam","Thunder Strike"],"picked":"Multi-Cast","floor":16}],"player_experience":1512949,"relics_obtained":[{"floor":7.0,"key":"Blue Candle"},{"floor":9.0,"key":"Shovel"},{"floor":10.0,"key":"Gambling Chip"},{"floor":14.0,"key":"Matryoshka"},{"floor":15.0,"key":"Art of War"}],"event_choices":[{"damage_healed":0.0,"max_hp_gain":0.0,"max_hp_loss":0.0,"gold_gain":0.0,"event_name":"The Woman in Blue","player_choice":"Bought 2 Potions","floor":2.0,"gold_loss":0.0,"damage_taken":0.0}],"is_beta":false,"boss_relics":[{"not_picked":["Orrery","Runic Pyramid"],"picked":"Sozu"}],"items_purged_floors":[11],"is_endless":false,"potions_floor_spawned":[3,7,10,12],"killed_by":"3 Byrds","ascension_level":20}