{"gold_per_floor":[219,233,233,247,79,109,109,133,133,149,149],"floor_reached":11,"playtime":333,"items_purged":[],"score":146,"play_id":"0c98481f-51bd-4668-b104-21cd6aa9da92","local_time":"20190517175134","is_ascension_mode":true,"campfire_choices":[{"floor":7,"key":"REST"}],"neow_cost":"NONE","seed_source_timestamp":1748629502242258,"circlet_count":0,"master_deck":["AscendersBane","Defend_G","Defend_G","Defend_G","Defend_G","Defend_G","Strike_G","Strike_G","Strike_G","Strike_G","Strike_G","Survivor","Neutralize","Leg Sweep","Cloak And Dagger","Predator","Bouncing Flask","Riddle With Holes","Backstab"],"relics":["Ring of the Snake","Snake Skull","Ancient Tea Set","Bottled Flame"],"potions_floor_usage":[11],"damage_taken":[{"damage":1,"enemies":"Cultist","floor":1,"turns":6},{"damage":1,"enemies":"2 Louse","floor":2,"turns":3},{"damage":6,"enemies":"Jaw Worm","floor":4,"turns":7},{"damage":44,"enemies":"Gremlin Nob","floor":6,"turns":5},{"damage":7,"enemies":"Large Slime","floor":10,"turns":7},{"damage":34,"enemies":"3 Sentries","floor":11,"turns":5}],"seed_played":"5629007737069042484","potions_obtained":[{"floor":1,"key":"SkillPotion"},{"floor":2,"key":"Poison Potion"}],"is_trial":false,"path_per_floor":["M","M","?","M","$","E","R","T","T","M","E"],"character_chosen":"THE_SILENT","items_purchased":["Predator","Bouncing Flask"],"campfire_rested":1,"item_purchase_floors":[5,5],"current_hp_per_floor":[58,57,62,56,56,12,33,33,33,26,0],"gold":149,"neow_bonus":"HUNDRED_GOLD","is_prod":false,"is_daily":false,"chose_seed":false,"campfire_upgraded":0,"win_rate":0,"timestamp":1558129894,"path_taken":["M","?","?","M","$","E","R","?","T","M","E"],"build_version":"2019-01-23","purchased_purges":0,"victory":false,"max_hp_per_floor":[66,66,71,71,71,71,71,71,71,71,71],"card_choices":[{"not_picked":["Expertise","PiercingWail"],"picked":"Leg Sweep","floor":1},{"not_picked":["Deflect","Prepared","Accuracy"],"picked":"SKIP","floor":2},{"not_picked":["PiercingWail","Acrobatics"],"picked":"Cloak And Dagger","floor":4},{"not_picked":["Concentrate","Sucker Punch"],"picked":"Riddle With Holes","floor":6},{"not_picked":["Blade Dance","Prepared"],"picked":"Backstab","floor":10}],"player_experience":690970,"relics_obtained":[{"floor":6,"key":"Snake Skull"},{"floor":8,"key":"Ancient Tea Set"},{"floor":9,"key":"Bottled Flame"}],"event_choices":[{"damage_healed":0,"gold_gain":0,"player_choice":"Donut","damage_taken":0,"max_hp_gain":5,"max_hp_loss":0,"event_name":"Big Fish","floor":3,"gold_loss":0}],"is_beta":false,"boss_relics":[],"items_purged_floors":[],"is_endless":false,"potions_floor_spawned":[1,2,4],"killed_by":"3 Sentries","ascension_level":20}