{"gold_per_floor":[115,40,40,56,69,99,99,99,99,125,25,57,107,122,122,122],"floor_reached":16,"playtime":366,"items_purged":["Strike_R","Defend_R"],"score":236,"play_id":"fa566ced-e64e-469e-b21c-4f779bd868f6","local_time":"20190612135201","is_ascension_mode":true,"campfire_choices":[{"floor":8.0,"key":"REST"},{"floor":15,"key":"REST"}],"neow_cost":"NONE","seed_source_timestamp":17420661575200,"circlet_count":0,"master_deck":["AscendersBane","Strike_R","Strike_R","Defend_R","Defend_R","Defend_R","Bash","Carnage","Shrug It Off","Bloodletting","Thunderclap","Seeing Red","Immolate","Whirlwind"],"special_seed":0,"relics":["Burning Blood","Sundial","Frozen Egg 2","Lantern","Prayer Wheel"],"potions_floor_usage":[14],"damage_taken":[{"damage":7.0,"enemies":"Jaw Worm","floor":1.0,"turns":3.0},{"damage":1.0,"enemies":"Cultist","floor":4.0,"turns":4.0},{"damage":3.0,"enemies":"Small Slimes","floor":5.0,"turns":3.0},{"damage":48.0,"enemies":"3 Sentries","floor":6.0,"turns":10.0},{"damage":32.0,"enemies":"Gremlin Nob","floor":10.0,"turns":4.0},{"damage":19.0,"enemies":"3 Sentries","floor":12.0,"turns":5.0},{"damage":3,"enemies":"Red Slaver","floor":14,"turns":2},{"damage":0,"enemies":"The Guardian","floor":16,"turns":2}],"seed_played":"-3535686756307878100","potions_obtained":[{"floor":1.0,"key":"EssenceOfSteel"},{"floor":10.0,"key":"FearPotion"}],"is_trial":false,"path_per_floor":["M","$","?","M","M","E","?","R","T","E","$","E","?","M","R","B"],"character_chosen":"IRONCLAD","items_purchased":[],"campfire_rested":2,"item_purchase_floors":[],"current_hp_per_floor":[67,67,67,72,75,33,26,48,48,22,22,9,9,12,34,34],"gold":122,"neow_bonus":"THREE_CARDS","is_prod":false,"is_daily":false,"chose_seed":false,"campfire_upgraded":0,"win_rate":0,"timestamp":1560343921,"path_taken":["M","$","?","M","?","E","?","R","T","E","?","E","?","?","R","BOSS"],"build_version":"2019-01-23","purchased_purges":2,"victory":false,"max_hp_per_floor":[75,75,75,75,75,75,75,75,75,75,75,75,75,75,75,75],"card_choices":[{"not_picked":["Ghostly Armor","Body Slam"],"picked":"Carnage","floor":0.0},{"not_picked":["Power Through","Iron Wave"],"picked":"Shrug It Off","floor":1.0},{"not_picked":["Burning Pact","Sword Boomerang"],"picked":"Bloodletting","floor":4.0},{"not_picked":["Blood for Blood","Power Through"],"picked":"Thunderclap","floor":5.0},{"not_picked":["Feel No Pain","Warcry"],"picked":"Seeing Red","floor":6.0},{"not_picked":["Combust+1","Feed"],"picked":"Immolate","floor":10.0},{"not_picked":["Clash","Body Slam","Cleave"],"picked":"SKIP","floor":12.0},{"not_picked":["Havoc","Iron Wave"],"picked":"Whirlwind","floor":14},{"not_picked":["Clothesline","Cleave","Body Slam"],"picked":"SKIP","floor":14}],"player_experience":1455227,"relics_obtained":[{"floor":6.0,"key":"Sundial"},{"floor":9.0,"key":"Frozen Egg 2"},{"floor":10.0,"key":"Lantern"},{"floor":12.0,"key":"Prayer Wheel"}],"event_choices":[{"cards_removed":["Strike_R"],"damage_healed":0.0,"max_hp_gain":0.0,"max_hp_loss":0.0,"gold_gain":0.0,"event_name":"Purifier","player_choice":"Purged","floor":3.0,"gold_loss":0.0,"damage_taken":0.0},{"cards_removed":["Strike_R"],"damage_healed":0.0,"max_hp_gain":0.0,"max_hp_loss":0.0,"gold_gain":0.0,"event_name":"Golden Wing","player_choice":"Card Removal","floor":7.0,"gold_loss":0.0,"damage_taken":7.0},{"damage_healed":0.0,"max_hp_gain":0.0,"max_hp_loss":0.0,"gold_gain":50.0,"event_name":"Golden Shrine","player_choice":"Pray","floor":13.0,"gold_loss":0.0,"damage_taken":0.0}],"is_beta":false,"boss_relics":[],"items_purged_floors":[2,11],"is_endless":false,"potions_floor_spawned":[1,10],"killed_by":"The Guardian","ascension_level":20}