{"gold_per_floor":[111,124,10,10,10,41,41,41,89,99,129,145,3,17,17,94,94,108,108,121,36,36,36,53,64,64,64,64,64,82,109,109,109],"floor_reached":33,"playtime":1014,"items_purged":["Strike_R","Strike_R"],"score":575,"play_id":"fa6c0b9f-0ecc-4a77-b92e-a79646c3074e","local_time":"20190308204721","is_ascension_mode":true,"campfire_choices":[{"data":"Inflame","floor":8.0,"key":"SMITH"},{"data":"Cleave","floor":15.0,"key":"SMITH"},{"data":"Demon Form","floor":23.0,"key":"SMITH"},{"floor":29.0,"key":"REST"},{"floor":32.0,"key":"REST"}],"neow_cost":"NONE","seed_source_timestamp":640891179998400,"circlet_count":0,"master_deck":["AscendersBane","Defend_R","Defend_R","Defend_R+1","Defend_R","Bash+1","Headbutt+1","Inflame+1","Impervious","Cleave+1","Iron Wave","Pommel Strike","Rampage","Flame Barrier","Demon Form+1","Infernal Blade+1","Double Tap","Battle Trance","Heavy Blade","Bite","Bite","Bite","Bite","Bite","Necronomicurse","Bloodletting","Dropkick","Disarm","Shrug It Off+1"],"special_seed":0,"relics":["Burning Blood","Dream Catcher","Orichalcum","Sozu","Nloth\u0027s Gift","Kunai","Prayer Wheel","Necronomicon","Ancient Tea Set"],"potions_floor_usage":[],"damage_taken":[{"damage":4.0,"enemies":"2 Louse","floor":1.0,"turns":3.0},{"damage":9.0,"enemies":"Jaw Worm","floor":2.0,"turns":4.0},{"damage":35.0,"enemies":"Lagavulin","floor":6.0,"turns":7.0},{"damage":4.0,"enemies":"Cultist","floor":10.0,"turns":4.0},{"damage":8.0,"enemies":"Gremlin Nob","floor":11.0,"turns":3.0},{"damage":0.0,"enemies":"Exordium Wildlife","floor":12.0,"turns":3.0},{"damage":4.0,"enemies":"Red Slaver","floor":14.0,"turns":3.0},{"damage":36.0,"enemies":"Slime Boss","floor":16.0,"turns":9.0},{"damage":0.0,"enemies":"Chosen","floor":18.0,"turns":3.0},{"damage":1.0,"enemies":"3 Byrds","floor":20.0,"turns":3.0},{"damage":18.0,"enemies":"Shelled Parasite and Fungi","floor":24.0,"turns":5.0},{"damage":6.0,"enemies":"Centurion and Healer","floor":25.0,"turns":6.0},{"damage":24.0,"enemies":"Snecko","floor":30.0,"turns":4.0},{"damage":24.0,"enemies":"Gremlin Leader","floor":31.0,"turns":5.0},{"damage":75,"enemies":"Automaton","floor":33,"turns":6}],"seed_played":"-979197122030352252","potions_obtained":[{"floor":10.0,"key":"Ancient Potion"},{"floor":14.0,"key":"SteroidPotion"},{"floor":16.0,"key":"PowerPotion"}],"is_trial":false,"path_per_floor":["M","M","$","?","?","E","?","R","T","M","E","M","$","M","R","B",null,"M","?","M","?","$","R","M","M","T","?","?","R","M","E","R","B"],"character_chosen":"IRONCLAD","items_purchased":["Inflame","Rampage"],"campfire_rested":2,"item_purchase_floors":[3,13],"current_hp_per_floor":[70,67,67,44,44,15,40,40,40,42,40,46,46,48,48,18,61,67,67,72,72,72,72,60,60,60,52,31,46,38,26,41,0],"gold":109,"neow_bonus":"UPGRADE_CARD","is_prod":false,"is_daily":false,"chose_seed":false,"campfire_upgraded":3,"win_rate":0,"timestamp":1552078041,"path_taken":["M","M","$","?","?","E","?","R","T","?","E","M","?","M","R","BOSS","M","?","?","?","$","R","M","M","T","?","?","R","M","E","R","BOSS"],"build_version":"2019-01-23","purchased_purges":2,"victory":false,"max_hp_per_floor":[75,75,75,75,75,75,75,75,75,75,75,75,75,75,75,75,75,75,75,75,75,75,75,75,75,75,52,52,52,52,52,52,52],"card_choices":[{"not_picked":["Warcry","Body Slam","Fire Breathing"],"picked":"SKIP","floor":1.0},{"not_picked":["Shockwave","Thunderclap"],"picked":"Headbutt","floor":2.0},{"not_picked":["Burning Pact","Disarm"],"picked":"Impervious","floor":6.0},{"not_picked":["Thunderclap","Second Wind"],"picked":"Cleave","floor":10.0},{"not_picked":["Shockwave","Bloodletting"],"picked":"Iron Wave","floor":11.0},{"not_picked":["Combust","Cleave"],"picked":"Pommel Strike","floor":12.0},{"not_picked":["Clash","Body Slam"],"picked":"Flame Barrier","floor":14.0},{"not_picked":["Reaper","Juggernaut"],"picked":"Demon Form","floor":16.0},{"not_picked":["Armaments","Thunderclap"],"picked":"Infernal Blade+1","floor":18.0},{"not_picked":["Infernal Blade","Clothesline"],"picked":"Double Tap","floor":20.0},{"not_picked":["Havoc","Warcry"],"picked":"Battle Trance","floor":24.0},{"not_picked":["Berserk","Warcry"],"picked":"Heavy Blade","floor":25.0},{"not_picked":["Clash","Cleave"],"picked":"Bloodletting","floor":29.0},{"not_picked":["Corruption","Clash"],"picked":"Dropkick","floor":30.0},{"not_picked":["Brutality","Twin Strike"],"picked":"Disarm","floor":30.0},{"not_picked":["Wild Strike","Uppercut","Heavy Blade"],"picked":"SKIP","floor":31.0},{"not_picked":["Clash","Iron Wave"],"picked":"Shrug It Off+1","floor":32.0}],"player_experience":1253663,"relics_obtained":[{"floor":6.0,"key":"Darkstone Periapt"},{"floor":9.0,"key":"Dream Catcher"},{"floor":11.0,"key":"Orichalcum"},{"floor":26.0,"key":"Prayer Wheel"},{"floor":28.0,"key":"Necronomicon"},{"floor":31.0,"key":"Ancient Tea Set"}],"event_choices":[{"damage_healed":0.0,"max_hp_gain":0.0,"max_hp_loss":0.0,"gold_gain":0.0,"event_name":"Shining Light","player_choice":"Entered Light","floor":4.0,"gold_loss":0.0,"damage_taken":23.0,"cards_upgraded":["Defend_R","Headbutt"]},{"damage_healed":0.0,"max_hp_gain":0.0,"max_hp_loss":0.0,"gold_gain":0.0,"event_name":"The Cleric","player_choice":"Leave","floor":5.0,"gold_loss":0.0,"damage_taken":0.0},{"damage_healed":25.0,"max_hp_gain":0.0,"max_hp_loss":0.0,"gold_gain":0.0,"event_name":"Big Fish","player_choice":"Banana","floor":7.0,"gold_loss":0.0,"damage_taken":0.0},{"damage_healed":0.0,"max_hp_gain":0.0,"max_hp_loss":0.0,"gold_gain":0.0,"event_name":"N\u0027loth","player_choice":"Traded Relic","floor":19.0,"relics_lost":["Darkstone Periapt"],"gold_loss":0.0,"damage_taken":0.0,"relics_obtained":["Nloth\u0027s Gift"]},{"damage_healed":0.0,"max_hp_gain":0.0,"max_hp_loss":0.0,"gold_gain":0.0,"event_name":"Addict","player_choice":"Obtained Relic","floor":21.0,"gold_loss":85.0,"damage_taken":0.0,"relics_obtained":["Kunai"]},{"damage_healed":0.0,"max_hp_gain":0.0,"max_hp_loss":23.0,"gold_gain":0.0,"event_name":"Vampires","player_choice":"Became a vampire","floor":27.0,"gold_loss":0.0,"damage_taken":0.0,"cards_obtained":["Bite","Bite","Bite","Bite","Bite"]},{"damage_healed":0.0,"max_hp_gain":0.0,"max_hp_loss":0.0,"gold_gain":0.0,"event_name":"Cursed Tome","player_choice":"Obtained Book","floor":28.0,"gold_loss":0.0,"damage_taken":21.0}],"is_beta":false,"boss_relics":[{"not_picked":["Tiny House","Lizard Tail"],"picked":"Sozu"}],"items_purged_floors":[3,13],"is_endless":false,"potions_floor_spawned":[10,14,16,20,25,31],"killed_by":"Automaton","ascension_level":20}