{"gold_per_floor":[118,118,128,186,47,47,78,88,112,146,146,156,181,191,191,266,266,278,305,305,14,26,26,26,40,87,87,101,129,129,152,152,225,225,239,250,266,266],"floor_reached":38,"playtime":1637,"items_purged":[],"score":878,"play_id":"e40b0b11-c1c2-4816-85b8-5b2c2fcda791","local_time":"20190520174505","is_ascension_mode":true,"campfire_choices":[{"data":"Loop","floor":6.0,"key":"SMITH"},{"data":"Hologram","floor":11.0,"key":"SMITH"},{"data":"Echo Form","floor":15.0,"key":"SMITH"},{"data":"White Noise","floor":24,"key":"SMITH"},{"floor":27,"key":"REST"},{"floor":30,"key":"REST"},{"data":"Seek","floor":32,"key":"SMITH"}],"neow_cost":"NONE","seed_source_timestamp":2005919633240132,"circlet_count":0,"master_deck":["AscendersBane","Strike_B","Defend_B","Defend_B","Defend_B","Defend_B","Zap","Dualcast","Streamline","Sunder+1","Ball Lightning+1","Loop+1","Hologram+1","Cold Snap","Ball Lightning","Conserve Battery","Cold Snap","Echo Form+1","Machine Learning","Blizzard+1","Doom and Gloom+1","Aggregate+1","Ball Lightning","White Noise+1","Streamline+1","Loop+1","Seek+1","Electrodynamics","Self Repair","Defragment+1","Reinforced Body"],"special_seed":0,"relics":["Cracked Core","NeowsBlessing","Oddly Smooth Stone","Regal Pillow","Whetstone","Letter Opener","Astrolabe","Red Mask","MutagenicStrength","Lee\u0027s Waffle","Lantern","Ancient Tea Set","Art of War","Runic Pyramid"],"potions_floor_usage":[16,19,22,38],"damage_taken":[{"damage":0.0,"enemies":"Jaw Worm","floor":1.0,"turns":1.0},{"damage":0.0,"enemies":"2 Louse","floor":3.0,"turns":1.0},{"damage":0.0,"enemies":"Lagavulin","floor":7.0,"turns":1.0},{"damage":0.0,"enemies":"Small Slimes","floor":8.0,"turns":2.0},{"damage":21.0,"enemies":"Gremlin Nob","floor":10.0,"turns":4.0},{"damage":0.0,"enemies":"Looter","floor":12.0,"turns":3.0},{"damage":16.0,"enemies":"3 Sentries","floor":13.0,"turns":5.0},{"damage":14.0,"enemies":"Lots of Slimes","floor":14.0,"turns":3.0},{"damage":10,"enemies":"Hexaghost","floor":16,"turns":9},{"damage":18,"enemies":"Chosen","floor":18,"turns":5},{"damage":8,"enemies":"Masked Bandits","floor":19,"turns":3},{"damage":17,"enemies":"2 Thieves","floor":22,"turns":3},{"damage":14,"enemies":"Cultist and Chosen","floor":25,"turns":5},{"damage":20,"enemies":"Sentry and Sphere","floor":28,"turns":5},{"damage":33,"enemies":"Slavers","floor":29,"turns":4},{"damage":72,"enemies":"Champ","floor":33,"turns":10},{"damage":0,"enemies":"3 Shapes","floor":35,"turns":8},{"damage":43,"enemies":"3 Darklings","floor":36,"turns":3},{"damage":0,"enemies":"Sphere and 2 Shapes","floor":37,"turns":3},{"damage":40,"enemies":"Transient","floor":38,"turns":5}],"seed_played":"343642839494884077","potions_obtained":[{"floor":7.0,"key":"EssenceOfSteel"},{"floor":8.0,"key":"Strength Potion"},{"floor":10.0,"key":"Block Potion"},{"floor":12.0,"key":"Regen Potion"},{"floor":18,"key":"SkillPotion"},{"floor":19,"key":"SteroidPotion"},{"floor":29,"key":"FairyPotion"},{"floor":35,"key":"Fire Potion"}],"is_trial":false,"path_per_floor":["M","?","M","?","$","R","E","M","T","E","R","M","E","M","R","B",null,"M","?","?","$","M","?","R","M","T","R","M","E","R","T","R","B",null,"M","M","M","M"],"character_chosen":"DEFECT","items_purchased":["Ball Lightning","Loop","Lee\u0027s Waffle","White Noise"],"campfire_rested":2,"item_purchase_floors":[5,5,21,21],"current_hp_per_floor":[64,64,64,64,64,64,64,64,64,43,43,43,41,27,27,17,58,40,32,32,78,61,61,61,47,47,78,58,25,63,63,63,7,60,60,24,38,0],"gold":266,"neow_bonus":"THREE_ENEMY_KILL","is_prod":false,"is_daily":false,"chose_seed":false,"campfire_upgraded":5,"win_rate":0,"timestamp":1558388705,"path_taken":["M","?","M","?","$","R","E","M","T","E","R","M","E","M","R","BOSS","M","?","?","$","M","?","R","M","T","R","?","E","R","?","R","BOSS","M","M","?","M"],"build_version":"2019-01-23","purchased_purges":0,"victory":false,"max_hp_per_floor":[71,71,71,71,71,71,71,71,71,71,71,71,71,71,71,71,71,71,71,71,78,78,78,78,78,78,78,78,78,78,78,78,78,78,78,78,78,78],"card_choices":[{"not_picked":["Leap","Scrape"],"picked":"Streamline","floor":1.0},{"not_picked":["White Noise","Gash"],"picked":"Sunder","floor":3.0},{"not_picked":["Heatsinks","Fission"],"picked":"Hologram","floor":7.0},{"not_picked":["Gash","Barrage"],"picked":"Cold Snap","floor":8.0},{"not_picked":["Beam Cell","Turbo"],"picked":"Ball Lightning","floor":10.0},{"not_picked":["Barrage","FTL"],"picked":"Conserve Battery","floor":12.0},{"not_picked":["Beam Cell","Turbo"],"picked":"Cold Snap","floor":13.0},{"not_picked":["Sweeping Beam","Loop"],"picked":"Echo Form","floor":14.0},{"not_picked":["Meteor Strike","Echo Form"],"picked":"Machine Learning","floor":16},{"not_picked":["Aggregate+1","Steam","Hologram"],"picked":"SKIP","floor":18},{"not_picked":["Conserve Battery","Redo"],"picked":"Ball Lightning","floor":19},{"not_picked":["Chaos","Stack"],"picked":"Streamline+1","floor":22},{"not_picked":["Redo","Tempest","Hello World"],"picked":"SKIP","floor":25},{"not_picked":["Gash","Barrage","Redo+1"],"picked":"SKIP","floor":28},{"not_picked":["Leap","Reinforced Body"],"picked":"Seek","floor":29},{"not_picked":["Core Surge","Hyperbeam"],"picked":"Electrodynamics","floor":33},{"not_picked":["Coolheaded","Blizzard+1"],"picked":"Self Repair","floor":35},{"not_picked":["Hologram+1","Chill"],"picked":"Defragment+1","floor":36},{"not_picked":["Sweeping Beam+1","BootSequence+1"],"picked":"Reinforced Body","floor":37}],"player_experience":698931,"relics_obtained":[{"floor":7.0,"key":"Oddly Smooth Stone"},{"floor":9.0,"key":"Regal Pillow"},{"floor":10.0,"key":"Whetstone"},{"floor":13.0,"key":"Letter Opener"},{"floor":19,"key":"Red Mask"},{"floor":26,"key":"Lantern"},{"floor":29,"key":"Ancient Tea Set"},{"floor":31,"key":"Art of War"}],"event_choices":[{"damage_healed":0.0,"max_hp_gain":0.0,"max_hp_loss":0.0,"gold_gain":0.0,"event_name":"Shining Light","player_choice":"Ignored","floor":2.0,"gold_loss":0.0,"damage_taken":0.0},{"damage_healed":0.0,"max_hp_gain":0.0,"max_hp_loss":0.0,"gold_gain":58.0,"event_name":"Golden Wing","player_choice":"Gained Gold","floor":4.0,"gold_loss":0.0,"damage_taken":0.0},{"damage_healed":0,"gold_gain":0,"player_choice":"Fought Bandits","damage_taken":0,"max_hp_gain":0,"max_hp_loss":0,"event_name":"Masked Bandits","floor":19,"gold_loss":0},{"damage_healed":0,"gold_gain":0,"player_choice":"Inject Mutagens","damage_taken":0,"relics_obtained":["MutagenicStrength"],"max_hp_gain":0,"max_hp_loss":0,"event_name":"Drug Dealer","floor":20,"gold_loss":0},{"damage_healed":0,"gold_gain":0,"player_choice":"Copied","damage_taken":0,"max_hp_gain":0,"max_hp_loss":0,"event_name":"Duplicator","floor":23,"gold_loss":0,"cards_obtained":["Loop"]}],"is_beta":false,"boss_relics":[{"not_picked":["Snecko Eye","FrozenCore"],"picked":"Astrolabe"},{"not_picked":["Lizard Tail","Cursed Key"],"picked":"Runic Pyramid"}],"items_purged_floors":[],"is_endless":false,"potions_floor_spawned":[7,8,10,12,18,19,29,35],"killed_by":"Transient","ascension_level":20}