{"gold_per_floor":[16,91,109,65,65,100,100,130,130,130,42,54,54,54,54,54],"floor_reached":16,"playtime":336,"items_purged":[],"score":212,"play_id":"f85d6920-2228-4b99-bc01-c7b8c7ebf5ad","local_time":"20190521215156","is_ascension_mode":true,"campfire_choices":[{"floor":7.0,"key":"REST"},{"floor":13,"key":"REST"},{"data":"Neutralize","floor":15,"key":"SMITH"}],"neow_cost":"NO_GOLD","seed_source_timestamp":11771970179000,"circlet_count":0,"master_deck":["AscendersBane","Defend_G","Defend_G","Defend_G","Defend_G","Strike_G","Strike_G","Strike_G","Strike_G","Survivor","Neutralize","Masterful Stab","Masterful Stab","Choke","Neutralize+1","Die Die Die","Bullet Time","Escape Plan","Footwork","PiercingWail"],"special_seed":0,"relics":["Ring of the Snake","Juzu Bracelet","WingedGreaves","Blue Candle","Question Card"],"potions_floor_usage":[],"damage_taken":[{"damage":7.0,"enemies":"Small Slimes","floor":1.0,"turns":4.0},{"damage":0.0,"enemies":"Cultist","floor":3.0,"turns":3.0},{"damage":20.0,"enemies":"Lagavulin","floor":6.0,"turns":6.0},{"damage":22.0,"enemies":"Gremlin Nob","floor":8.0,"turns":4.0},{"damage":0,"enemies":"Jaw Worm","floor":12,"turns":2},{"damage":24,"enemies":"The Guardian","floor":16,"turns":12}],"seed_played":"9000293661045616057","potions_obtained":[{"floor":3.0,"key":"Dexterity Potion"}],"is_trial":false,"path_per_floor":["M","?","M","$","?","E","R","E","T","?","$","M","R","T","R","B"],"character_chosen":"THE_SILENT","items_purchased":["Choke","Footwork"],"campfire_rested":2,"item_purchase_floors":[4,11],"current_hp_per_floor":[52,41,41,41,41,21,40,18,18,18,18,18,37,37,37,13],"gold":54,"neow_bonus":"REMOVE_TWO","is_prod":false,"is_daily":false,"chose_seed":false,"campfire_upgraded":1,"win_rate":0,"timestamp":1558471916,"path_taken":["M","?","M","$","?","E","R","E","T","?","$","M","R","?","R","BOSS"],"build_version":"2019-01-23","purchased_purges":0,"victory":false,"max_hp_per_floor":[66,66,66,66,66,66,66,66,66,66,66,66,66,66,66,66],"card_choices":[{"not_picked":["Dagger Throw","Dodge and Roll"],"picked":"Masterful Stab","floor":1.0},{"not_picked":["Concentrate","Dagger Throw"],"picked":"Masterful Stab","floor":3.0},{"not_picked":["Blur","Tactician"],"picked":"Bullet Time","floor":6.0},{"not_picked":["Bane","Reflex"],"picked":"Escape Plan","floor":8.0},{"not_picked":["Dagger Throw","Dagger Spray"],"picked":"PiercingWail","floor":12}],"player_experience":1374819,"relics_obtained":[{"floor":6.0,"key":"Juzu Bracelet"},{"floor":8.0,"key":"WingedGreaves"},{"floor":9.0,"key":"Blue Candle"},{"floor":14,"key":"Question Card"}],"event_choices":[{"damage_healed":0.0,"max_hp_gain":0.0,"max_hp_loss":0.0,"gold_gain":75.0,"event_name":"World of Goop","player_choice":"Gather Gold","floor":2.0,"gold_loss":0.0,"damage_taken":11.0},{"damage_healed":0.0,"max_hp_gain":0.0,"max_hp_loss":0.0,"gold_gain":0.0,"event_name":"Match and Keep!","player_choice":"2 cards matched","floor":5.0,"gold_loss":0.0,"damage_taken":0.0,"cards_obtained":["Neutralize","Die Die Die"]},{"damage_healed":0,"gold_gain":0,"player_choice":"Fled","damage_taken":0,"max_hp_gain":0,"max_hp_loss":0,"event_name":"Scrap Ooze","floor":10,"gold_loss":0}],"is_beta":false,"boss_relics":[],"items_purged_floors":[],"is_endless":false,"potions_floor_spawned":[3],"killed_by":"The Guardian","ascension_level":20}