{"gold_per_floor":[110,126,145,156,156,181,181,200,200,217,247,247,276,276,276,373,373,385,26,36,36,49,375,394,394],"floor_reached":25,"playtime":2420,"items_purged":[],"score":270,"play_id":"f66c90b7-5a1f-47db-ae00-2c7de9a499b7","local_time":"20180701235125","is_ascension_mode":false,"campfire_choices":[{"floor":7,"key":"REST"},{"floor":15,"key":"REST"}],"neow_cost":"","seed_source_timestamp":5399671868052788,"circlet_count":0,"master_deck":["Strike_B","Strike_B","Strike_B","Strike_B","Defend_B","Defend_B","Defend_B","Defend_B","Zap+1","Dualcast","Go for the Eyes","Compile Driver","Barrage","Ball Lightning","Hologram","Defragment+1","Defragment","Beam Cell","Stack","Seek","Hologram","Cold Snap","Conserve Battery+1","Loop","Beam Cell","Auto Shields","Ball Lightning+1"],"relics":["Cracked Core","Centennial Puzzle","Darkstone Periapt","Bottled Flame","Letter Opener","Inserter","Mango","Old Coin"],"potions_floor_usage":[],"damage_taken":[{"damage":2,"enemies":"Small Slimes","floor":1,"turns":4},{"damage":1,"enemies":"Jaw Worm","floor":2,"turns":3},{"damage":0,"enemies":"Cultist","floor":3,"turns":4},{"damage":24,"enemies":"Gremlin Gang","floor":4,"turns":6},{"damage":16,"enemies":"Lagavulin","floor":6,"turns":5},{"damage":6,"enemies":"Large Slime","floor":8,"turns":3},{"damage":3,"enemies":"Red Slaver","floor":10,"turns":3},{"damage":12,"enemies":"Gremlin Nob","floor":11,"turns":4},{"damage":11,"enemies":"3 Sentries","floor":13,"turns":4},{"damage":33,"enemies":"The Guardian","floor":16,"turns":10},{"damage":13,"enemies":"Chosen","floor":18,"turns":5},{"damage":15,"enemies":"Shell Parasite","floor":20,"turns":5},{"damage":14,"enemies":"Snake Plant","floor":22,"turns":6},{"damage":29,"enemies":"Book of Stabbing","floor":23,"turns":6},{"damage":14,"enemies":"Centurion and Healer","floor":24,"turns":6},{"damage":20,"enemies":"Snecko","floor":25,"turns":6}],"seed_played":"3190525834937397653","potions_obtained":[{"floor":2,"key":"EssenceOfSteel"},{"floor":13,"key":"Weak Potion"},{"floor":16,"key":"Weak Potion"}],"is_trial":false,"path_per_floor":["M","M","M","M","?","E","R","M","T","M","E","?","E","?","R","B",null,"M","$","M","?","M","E","M"],"character_chosen":"DEFECT","items_purchased":["Cold Snap","Mango"],"campfire_rested":2,"item_purchase_floors":[19,19],"current_hp_per_floor":[73,72,72,48,53,37,61,55,55,52,40,40,29,29,53,20,80,67,81,66,66,52,23,9,0],"gold":394,"neow_bonus":"","is_prod":false,"is_daily":false,"chose_seed":false,"campfire_upgraded":0,"win_rate":0.0,"timestamp":1530503485,"path_taken":["M","M","M","M","?","E","R","M","T","M","E","?","E","?","R","BOSS","M","$","M","?","?","E","M","M"],"build_version":"2018-06-28","purchased_purges":0,"victory":false,"max_hp_per_floor":[75,75,75,75,80,80,80,80,80,80,80,80,80,80,80,80,80,80,94,94,94,94,94,94,94],"card_choices":[{"not_picked":["Rebound","FTL"],"picked":"Go for the Eyes","floor":1},{"not_picked":["Stack","Steam"],"picked":"Compile Driver","floor":2},{"not_picked":["Heatsinks","Coolheaded"],"picked":"Barrage","floor":3},{"not_picked":["Static Discharge","Stack"],"picked":"Ball Lightning","floor":4},{"not_picked":["Amplify","Streamline"],"picked":"Hologram","floor":6},{"not_picked":["Double Energy","Tempest"],"picked":"Defragment","floor":8},{"not_picked":["Conserve Battery","Ball Lightning"],"picked":"Defragment","floor":10},{"not_picked":["Coolheaded","Reprogram"],"picked":"Beam Cell","floor":11},{"not_picked":["Consume","Streamline"],"picked":"Stack","floor":13},{"not_picked":["Reboot","Multi-Cast"],"picked":"Seek","floor":16},{"not_picked":["Hello World","Hologram","Beam Cell"],"picked":"SKIP","floor":18},{"not_picked":["Hello World","Beam Cell"],"picked":"Hologram","floor":18},{"not_picked":["Barrage","Double Energy"],"picked":"Conserve Battery+1","floor":20},{"not_picked":["Steam Power+1","Lockon+1"],"picked":"Beam Cell","floor":22},{"not_picked":["Redo","Multi-Cast"],"picked":"Auto Shields","floor":23},{"not_picked":["White Noise","Auto Shields"],"picked":"Ball Lightning+1","floor":24}],"player_experience":30934,"relics_obtained":[{"floor":6,"key":"Centennial Puzzle"},{"floor":9,"key":"Darkstone Periapt"},{"floor":11,"key":"Bottled Flame"},{"floor":13,"key":"Letter Opener"},{"floor":23,"key":"Old Coin"}],"event_choices":[{"event_name":"Big Fish","player_choice":"Donut","floor":5,"damage_taken":0},{"event_name":"Accursed Blacksmith","player_choice":"Forge","floor":12,"damage_taken":0},{"event_name":"Upgrade Shrine","player_choice":"Upgraded","floor":14,"damage_taken":0},{"event_name":"The Library","player_choice":"Read","floor":21,"damage_taken":0}],"boss_relics":[{"not_picked":["Velvet Choker","Fusion Hammer"],"picked":"Inserter"}],"items_purged_floors":[],"is_endless":false,"potions_floor_spawned":[2,13,16,18],"killed_by":"Snecko","ascension_level":0}