{"gold_per_floor":[111,126,51,51,61,91,51,51,104,104,135,160,172,194,206,316,328,356,283,295,321,333,345,357,369,381,214,229,229],"floor_reached":29,"playtime":757,"items_purged":["Strike_R","Strike_R"],"score":254,"play_id":"12962be5-893c-4807-b74a-6a004fa42fea","local_time":"20190112182542","is_ascension_mode":true,"campfire_choices":[{"floor":8,"key":"REST"},{"data":"True Grit","floor":10,"key":"SMITH"},{"floor":15,"key":"REST"},{"floor":23,"key":"REST"},{"floor":25,"key":"REST"}],"neow_cost":"NONE","seed_source_timestamp":234052334755266,"circlet_count":0,"master_deck":["Strike_R","Strike_R","Defend_R","Defend_R","Defend_R","Bash+1","Rupture+1","Thunderclap","True Grit+1","True Grit","Dropkick","Disarm","Combust","Hemokinesis","Demon Form","Blood for Blood","Inflame","Flex+1"],"relics":["Burning Blood","Strawberry","Vajra","MawBank","Empty Cage","Oddly Smooth Stone","Regal Pillow","Enchiridion","Molten Egg 2"],"potions_floor_usage":[6,18,29,29],"damage_taken":[{"damage":6,"enemies":"Cultist","floor":1,"turns":3},{"damage":9,"enemies":"Jaw Worm","floor":2,"turns":4},{"damage":12,"enemies":"2 Louse","floor":5,"turns":3},{"damage":25,"enemies":"Gremlin Nob","floor":6,"turns":4},{"damage":25,"enemies":"3 Sentries","floor":11,"turns":10},{"damage":8,"enemies":"Blue Slaver","floor":12,"turns":3},{"damage":0,"enemies":"Looter","floor":14,"turns":4},{"damage":71,"enemies":"The Guardian","floor":16,"turns":10},{"damage":41,"enemies":"2 Thieves","floor":18,"turns":4},{"damage":36,"enemies":"Spheric Guardian","floor":21,"turns":5},{"damage":66,"enemies":"3 Cultists","floor":28,"turns":5},{"damage":39,"enemies":"Slavers","floor":29,"turns":3}],"seed_played":"-2329580272026309934","potions_obtained":[{"floor":1,"key":"Poison Potion"},{"floor":5,"key":"Energy Potion"},{"floor":12,"key":"Fire Potion"},{"floor":16,"key":"FearPotion"}],"is_trial":false,"path_per_floor":["M","M","$","?","M","E","$","R","T","R","E","M","?","M","R","B",null,"M","?","?","M","?","R","$","R","T","$","M","E"],"character_chosen":"IRONCLAD","items_purchased":["Dropkick","Inflame"],"campfire_rested":4,"item_purchase_floors":[7,27],"current_hp_per_floor":[80,77,77,77,71,59,59,85,85,85,66,64,69,75,92,27,92,57,57,57,27,11,53,53,92,92,92,32,0],"gold":229,"neow_bonus":"UPGRADE_CARD","is_prod":false,"is_daily":false,"chose_seed":false,"campfire_upgraded":1,"win_rate":0,"timestamp":1547346342,"path_taken":["M","?","$","?","M","E","$","R","T","R","E","?","?","M","R","BOSS","M","?","?","M","?","R","?","R","T","$","M","E"],"build_version":"2019-01-10","purchased_purges":2,"victory":false,"max_hp_per_floor":[80,80,80,80,80,87,87,87,87,87,87,87,92,92,92,92,92,92,92,92,92,92,92,92,92,92,92,92,92],"card_choices":[{"not_picked":["Clothesline","Twin Strike"],"picked":"Rupture","floor":1},{"not_picked":["Havoc","Corruption"],"picked":"Thunderclap","floor":2},{"not_picked":["Iron Wave","Thunderclap"],"picked":"True Grit","floor":5},{"not_picked":["Wild Strike","Armaments"],"picked":"True Grit","floor":6},{"not_picked":["Evolve","Wild Strike"],"picked":"Disarm","floor":11},{"not_picked":["Clash","Immolate"],"picked":"Combust","floor":12},{"not_picked":["Infernal Blade","Bloodletting"],"picked":"Hemokinesis","floor":14},{"not_picked":["Double Tap","Juggernaut"],"picked":"Demon Form","floor":16},{"not_picked":["Second Wind","True Grit"],"picked":"Blood for Blood","floor":18},{"not_picked":["Thunderclap","Cleave+1","Ghostly Armor"],"picked":"SKIP","floor":21},{"not_picked":["Rupture+1","Anger+1"],"picked":"Flex+1","floor":28}],"player_experience":126186,"relics_obtained":[{"floor":6,"key":"Strawberry"},{"floor":9,"key":"Vajra"},{"floor":11,"key":"MawBank"},{"floor":22,"key":"Enchiridion"},{"floor":26,"key":"Molten Egg 2"}],"event_choices":[{"damage_healed":0,"gold_gain":0,"player_choice":"Upgraded","damage_taken":0,"max_hp_gain":0,"max_hp_loss":0,"event_name":"Upgrade Shrine","floor":4,"gold_loss":0,"cards_upgraded":["Rupture"]},{"damage_healed":0,"gold_gain":0,"player_choice":"Donut","damage_taken":0,"max_hp_gain":5,"max_hp_loss":0,"event_name":"Big Fish","floor":13,"gold_loss":0},{"damage_healed":0,"gold_gain":0,"player_choice":"Obtained Relic","damage_taken":0,"relics_obtained":["Oddly Smooth Stone"],"max_hp_gain":0,"max_hp_loss":0,"event_name":"Addict","floor":19,"gold_loss":85},{"damage_healed":0,"gold_gain":0,"player_choice":"Opened","damage_taken":0,"relics_obtained":["Regal Pillow"],"max_hp_gain":0,"max_hp_loss":0,"event_name":"The Mausoleum","floor":20,"gold_loss":0},{"damage_healed":0,"gold_gain":0,"player_choice":"Obtained Book","damage_taken":16,"max_hp_gain":0,"max_hp_loss":0,"event_name":"Cursed Tome","floor":22,"gold_loss":0}],"is_beta":false,"boss_relics":[{"not_picked":["Black Star","Eternal Feather"],"picked":"Empty Cage"}],"items_purged_floors":[3,27],"is_endless":false,"potions_floor_spawned":[1,5,12,16],"killed_by":"Slavers","ascension_level":2}