{"gold_per_floor":[112,130,145,157,123,123,136,165,165,195,168,133,133,152,152,247,247,259,272,96,96,107,119,34,48,72,72,87,87,87,104,104,199,199,210,210,210,222,143,155,155,6,6,17,34,0,0,0,0,0],"floor_reached":51,"playtime":2231,"items_purged":[],"score":964,"play_id":"7605b8a0-85b5-4b88-bc20-c8e2a20b147f","local_time":"20180904183437","is_ascension_mode":true,"campfire_choices":[{"data":"Noxious Fumes","floor":6.0,"key":"SMITH"},{"floor":13.0,"key":"REST"},{"data":"Noxious Fumes","floor":15.0,"key":"SMITH"},{"floor":27,"key":"REST"},{"data":"Apotheosis","floor":29,"key":"SMITH"},{"floor":32,"key":"REST"},{"floor":41,"key":"REST"},{"data":"After Image","floor":47,"key":"SMITH"},{"floor":49,"key":"REST"}],"neow_cost":"NONE","seed_source_timestamp":5087541377526578,"circlet_count":0,"master_deck":["Defend_G","Defend_G","Defend_G","Defend_G","Defend_G","Strike_G","Strike_G","Strike_G","Strike_G","Strike_G","Survivor","Neutralize","Cloak And Dagger","Leg Sweep","PiercingWail","Noxious Fumes+1","PiercingWail","Dagger Spray","After Image+1","Leg Sweep","Noxious Fumes+1","Adrenaline","Infinite Blades","Cloak And Dagger","Apotheosis+1","Blur","Backstab+1","Dodge and Roll","Malaise","Predator","Blade Dance","Thinking Ahead","Finisher+1","Footwork","Dodge and Roll+1","Dodge and Roll"],"special_seed":0,"relics":["Ring of the Snake","Ornamental Fan","Mercury Hourglass","Orichalcum","White Beast Statue","MutagenicStrength","Omamori","Snake Skull","Bird Faced Urn","Cursed Key","StoneCalendar","Vajra","Ancient Tea Set","Red Mask"],"potions_floor_usage":[22,23,28,31,33,33,38,40,40,45,50,50,50],"damage_taken":[{"damage":0.0,"enemies":"Small Slimes","floor":1.0,"turns":5.0},{"damage":0.0,"enemies":"Jaw Worm","floor":2.0,"turns":5.0},{"damage":1.0,"enemies":"2 Louse","floor":3.0,"turns":4.0},{"damage":6.0,"enemies":"Red Slaver","floor":4.0,"turns":9.0},{"damage":8.0,"enemies":"Exordium Thugs","floor":5.0,"turns":6.0},{"damage":2.0,"enemies":"2 Fungi Beasts","floor":7.0,"turns":6.0},{"damage":29.0,"enemies":"Gremlin Nob","floor":8.0,"turns":5.0},{"damage":17.0,"enemies":"Lagavulin","floor":10.0,"turns":9.0},{"damage":2.0,"enemies":"Lots of Slimes","floor":14.0,"turns":2.0},{"damage":26.0,"enemies":"Slime Boss","floor":16.0,"turns":10.0},{"damage":9.0,"enemies":"Chosen","floor":18.0,"turns":6.0},{"damage":18.0,"enemies":"2 Thieves","floor":19.0,"turns":5.0},{"damage":5,"enemies":"Centurion and Healer","floor":22,"turns":8},{"damage":4,"enemies":"Shelled Parasite and Fungi","floor":23,"turns":8},{"damage":10,"enemies":"Sentry and Sphere","floor":25,"turns":7},{"damage":1,"enemies":"3 Cultists","floor":28,"turns":5},{"damage":8,"enemies":"Snake Plant","floor":31,"turns":4},{"damage":14,"enemies":"Collector","floor":33,"turns":9},{"damage":0,"enemies":"3 Shapes","floor":35,"turns":2},{"damage":4,"enemies":"Mind Bloom Boss Battle","floor":36,"turns":12},{"damage":23,"enemies":"3 Darklings","floor":38,"turns":6},{"damage":25,"enemies":"Transient","floor":40,"turns":5},{"damage":8,"enemies":"Maw","floor":44,"turns":10},{"damage":0,"enemies":"Spire Growth","floor":45,"turns":7},{"damage":8,"enemies":"Donu and Deca","floor":50,"turns":9}],"seed_played":"5074682711172611572","potions_obtained":[{"floor":4.0,"key":"LiquidBronze"},{"floor":7.0,"key":"Dexterity Potion"},{"floor":10.0,"key":"Weak Potion"},{"floor":16.0,"key":"Dexterity Potion"},{"floor":18.0,"key":"PowerPotion"},{"floor":19.0,"key":"Poison Potion"},{"floor":22,"key":"PowerPotion"},{"floor":23,"key":"Poison Potion"},{"floor":28,"key":"Block Potion"},{"floor":31,"key":"GamblersBrew"},{"floor":33,"key":"Block Potion"},{"floor":35,"key":"Dexterity Potion"},{"floor":38,"key":"PowerPotion"},{"floor":40,"key":"Strength Potion"},{"floor":44,"key":"Dexterity Potion"},{"floor":45,"key":"Ancient Potion"}],"is_trial":false,"path_per_floor":["M","M","M","M","M","R","M","E","T","E","?","$","R","M","R","B",null,"M","M","$","?","M","M","?","M","T","R","M","R","T","M","R","B",null,"M","?","?","M","$","M","R","$","T","M","M","?","R","?","R","B"],"character_chosen":"THE_SILENT","items_purchased":["Noxious Fumes","Apotheosis","Footwork","Vajra"],"campfire_rested":5,"item_purchase_floors":[12,20,39,42],"current_hp_per_floor":[70,70,69,63,55,55,53,24,24,7,7,7,30,28,28,2,58,49,31,31,31,26,22,22,12,12,35,34,34,34,32,55,47,70,70,74,74,59,59,38,61,61,61,63,71,71,71,71,77,75],"gold":0,"neow_bonus":"TEN_PERCENT_HP_BONUS","is_prod":false,"is_daily":false,"chose_seed":false,"campfire_upgraded":4,"win_rate":0,"timestamp":1536100477,"path_taken":["M","M","M","M","M","R","M","E","T","E","?","$","R","?","R","BOSS","M","M","$","?","M","M","?","M","T","R","M","R","?","M","R","BOSS","M","?","?","M","$","?","R","?","T","M","?","?","R","?","R","BOSS"],"build_version":"2018-08-30","purchased_purges":0,"victory":true,"max_hp_per_floor":[77,77,77,77,77,77,77,77,77,77,77,77,77,77,77,77,77,77,77,77,77,77,77,77,77,77,77,77,77,77,77,77,77,77,77,77,77,77,77,77,77,77,77,77,77,77,77,77,77,77],"card_choices":[{"not_picked":["Underhanded Strike","Acrobatics"],"picked":"Cloak And Dagger","floor":1.0},{"not_picked":["Catalyst","Flechettes"],"picked":"Leg Sweep","floor":2.0},{"not_picked":["Outmaneuver","Acrobatics"],"picked":"PiercingWail","floor":3.0},{"not_picked":["Concentrate","Terror"],"picked":"Noxious Fumes","floor":4.0},{"not_picked":["Outmaneuver","Slice"],"picked":"PiercingWail","floor":5.0},{"not_picked":["Distraction","Flechettes"],"picked":"Dagger Spray","floor":7.0},{"not_picked":["Poisoned Stab","Choke"],"picked":"After Image","floor":8.0},{"not_picked":["Acrobatics","Eviscerate"],"picked":"Leg Sweep","floor":10.0},{"not_picked":["Masterful Stab","Prepared","Deflect"],"picked":"SKIP","floor":14.0},{"not_picked":["Grand Finale","Envenom"],"picked":"Adrenaline","floor":16.0},{"not_picked":["Prepared","Sucker Punch"],"picked":"Infinite Blades","floor":18.0},{"not_picked":["Accuracy","Quick Slash"],"picked":"Cloak And Dagger","floor":19.0},{"not_picked":["Flying Knee","Riddle With Holes"],"picked":"Blur","floor":22},{"not_picked":["Underhanded Strike","Masterful Stab","Dagger Throw"],"picked":"SKIP","floor":23},{"not_picked":["Grand Finale","Flying Knee+1"],"picked":"Backstab+1","floor":25},{"not_picked":["Bane","Prepared","Underhanded Strike+1"],"picked":"SKIP","floor":28},{"not_picked":["Flying Knee","Reflex"],"picked":"Dodge and Roll","floor":31},{"not_picked":["Storm of Steel","Bullet Time"],"picked":"Malaise","floor":33},{"not_picked":["Slice","Deflect+1"],"picked":"Predator","floor":35},{"not_picked":["Prepared","Endless Agony"],"picked":"Blade Dance","floor":36},{"not_picked":["Dark Shackles","Jack Of All Trades"],"picked":"Thinking Ahead","floor":37},{"not_picked":["Backstab+1","Deflect+1"],"picked":"Finisher+1","floor":38},{"not_picked":["Expertise","Well Laid Plans"],"picked":"Dodge and Roll+1","floor":40},{"not_picked":["Dagger Throw+1","Bane+1","PiercingWail+1"],"picked":"SKIP","floor":44},{"not_picked":["Distraction","Acrobatics+1"],"picked":"Dodge and Roll","floor":45}],"player_experience":317601,"relics_obtained":[{"floor":8.0,"key":"Ornamental Fan"},{"floor":9.0,"key":"Mercury Hourglass"},{"floor":10.0,"key":"Orichalcum"},{"floor":26,"key":"Snake Skull"},{"floor":30,"key":"Bird Faced Urn"},{"floor":36,"key":"StoneCalendar"},{"floor":43,"key":"Ancient Tea Set"}],"event_choices":[{"event_name":"World of Goop","player_choice":"Left","floor":11.0,"damage_taken":0.0},{"event_name":"Drug Dealer","player_choice":"Inject Mutagens","floor":21.0,"damage_taken":0.0},{"event_name":"Addict","player_choice":"Obtained Relic","floor":24,"damage_taken":0},{"event_name":"MindBloom","player_choice":"Fight","floor":36,"damage_taken":0},{"event_name":"SensoryStone","player_choice":"Memory 1","floor":37,"damage_taken":0},{"event_name":"Tomb of Lord Red Mask","player_choice":"Paid","floor":46,"damage_taken":0},{"event_name":"Mysterious Sphere","player_choice":"Ignore","floor":48,"damage_taken":0}],"is_beta":false,"boss_relics":[{"not_picked":["Orrery","Coffee Dripper"],"picked":"White Beast Statue"},{"not_picked":["Runic Pyramid","Empty Cage"],"picked":"Cursed Key"}],"items_purged_floors":[],"is_endless":false,"potions_floor_spawned":[4,7,10,14,16,18,19,22,23,25,28,31,33,35,36,38,40,44,45],"ascension_level":9}