{"gold_per_floor":[119,129,139,64,64,64,64,97,97,117,131,131,159,174,174,250,250,269,285,302,73,87,87,87],"floor_reached":24,"playtime":917,"items_purged":["Strike_B"],"score":420,"play_id":"0476f462-cb03-4949-b801-efdb3cb10c4c","local_time":"20190430162500","is_ascension_mode":true,"campfire_choices":[{"floor":6,"key":"REST"},{"floor":12,"key":"REST"},{"data":"Defragment","floor":15,"key":"SMITH"},{"data":"Hologram","floor":23,"key":"SMITH"}],"neow_cost":"NONE","seed_source_timestamp":597491708154600,"circlet_count":0,"master_deck":["AscendersBane","Strike_B","Strike_B","Defend_B","Defend_B","Defend_B","Defend_B","Zap","Dualcast","Rebound+1","Leap","Barrage+1","Ball Lightning","Cold Snap","Rip and Tear","Defragment+1","Steam","BootSequence","Cold Snap","Echo Form","Double Energy","Hologram+1","Stack+1"],"special_seed":0,"relics":["Cracked Core","Gremlin Horn","Blue Candle","Juzu Bracelet","Inserter","Lee\u0027s Waffle"],"potions_floor_usage":[13,16,16,22],"damage_taken":[{"damage":0.0,"enemies":"Small Slimes","floor":1.0,"turns":2.0},{"damage":6.0,"enemies":"Cultist","floor":2.0,"turns":3.0},{"damage":0,"enemies":"2 Louse","floor":3,"turns":2},{"damage":26,"enemies":"Lagavulin","floor":8,"turns":5},{"damage":0,"enemies":"2 Fungi Beasts","floor":10,"turns":3},{"damage":3,"enemies":"Exordium Wildlife","floor":11,"turns":2},{"damage":6,"enemies":"Gremlin Nob","floor":13,"turns":3},{"damage":0,"enemies":"3 Louse","floor":14,"turns":3},{"damage":19,"enemies":"Hexaghost","floor":16,"turns":9},{"damage":13,"enemies":"3 Byrds","floor":18,"turns":5},{"damage":19,"enemies":"Chosen","floor":19,"turns":6},{"damage":10,"enemies":"Centurion and Healer","floor":20,"turns":5},{"damage":28,"enemies":"Snake Plant","floor":22,"turns":4},{"damage":65,"enemies":"Slavers","floor":24,"turns":5}],"seed_played":"-8946715000093842850","potions_obtained":[{"floor":3,"key":"GamblersBrew"},{"floor":10,"key":"Energy Potion"},{"floor":14,"key":"Swift Potion"},{"floor":18,"key":"Strength Potion"},{"floor":20,"key":"SkillPotion"}],"is_trial":false,"path_per_floor":["M","M","M","$","?","R","?","E","T","M","M","R","E","M","R","B",null,"M","M","M","$","M","R","E"],"character_chosen":"DEFECT","items_purchased":["Lee\u0027s Waffle"],"campfire_rested":2,"item_purchase_floors":[21],"current_hp_per_floor":[64,58,58,58,37,58,58,32,32,32,29,50,44,44,44,25,60,47,28,18,78,50,50,0],"gold":87,"neow_bonus":"THREE_CARDS","is_prod":false,"is_daily":false,"chose_seed":false,"campfire_upgraded":2,"win_rate":0,"timestamp":1556637900,"path_taken":["M","M","M","$","?","R","?","E","T","?","M","R","E","M","R","BOSS","M","M","M","$","M","R","E"],"build_version":"2019-01-23","purchased_purges":1,"victory":false,"max_hp_per_floor":[71,71,71,71,71,71,71,71,71,71,71,71,71,71,71,71,71,71,71,71,78,78,78,78],"card_choices":[{"not_picked":["Streamline","Fusion"],"picked":"Rebound","floor":0.0},{"not_picked":["Redo","Gash"],"picked":"Leap","floor":1.0},{"not_picked":["Amplify","Coolheaded"],"picked":"Barrage","floor":2.0},{"not_picked":["Stack","Conserve Battery"],"picked":"Ball Lightning","floor":3},{"not_picked":["Compile Driver","Redo"],"picked":"Rip and Tear","floor":8},{"not_picked":["Beam Cell","Force Field"],"picked":"Defragment","floor":10},{"not_picked":["Rebound","Hologram"],"picked":"Steam","floor":11},{"not_picked":["Chaos","Fission"],"picked":"BootSequence","floor":13},{"not_picked":["Lockon","Reprogram"],"picked":"Cold Snap","floor":14},{"not_picked":["Reboot","Creative AI"],"picked":"Echo Form","floor":16},{"not_picked":["Reprogram","Cold Snap"],"picked":"Double Energy","floor":18},{"not_picked":["Ball Lightning","Beam Cell"],"picked":"Hologram","floor":19},{"not_picked":["Steam Power","Lockon","Hello World"],"picked":"SKIP","floor":20},{"not_picked":["Rebound","Streamline"],"picked":"Stack+1","floor":22}],"player_experience":1324224,"relics_obtained":[{"floor":8,"key":"Gremlin Horn"},{"floor":9,"key":"Blue Candle"},{"floor":13,"key":"Juzu Bracelet"}],"event_choices":[{"damage_healed":0,"gold_gain":0,"player_choice":"Entered Light","damage_taken":21,"max_hp_gain":0,"max_hp_loss":0,"event_name":"Shining Light","floor":5,"gold_loss":0,"cards_upgraded":["Barrage","Rebound"]},{"damage_healed":0,"gold_gain":0,"cards_transformed":["Strike_B"],"player_choice":"Transformed","damage_taken":0,"max_hp_gain":0,"max_hp_loss":0,"event_name":"Transmorgrifier","floor":7,"gold_loss":0,"cards_obtained":["Cold Snap"]}],"is_beta":false,"boss_relics":[{"not_picked":["Runic Pyramid","Nuclear Battery"],"picked":"Inserter"}],"items_purged_floors":[4],"is_endless":false,"potions_floor_spawned":[3,10,14,18,20],"killed_by":"Slavers","ascension_level":20}