{"gold_per_floor":[118,118,128,138,151,151,182,182,182,195,206,241,241,241,241,362,425,446,490,113,113,127,127,171,192,192,212,227,227],"floor_reached":29,"playtime":1316,"items_purged":["Strike_B"],"score":347,"play_id":"aaf7f7e2-8418-46ae-bca8-55ca610d639b","local_time":"20180719221651","is_ascension_mode":true,"campfire_choices":[{"floor":6.0,"key":"REST"},{"data":"Zap","floor":8.0,"key":"SMITH"},{"floor":15.0,"key":"REST"},{"floor":23.0,"key":"REST"}],"neow_cost":"NONE","seed_source_timestamp":1041975003346163,"circlet_count":0,"master_deck":["Strike_B","Strike_B","Strike_B","Defend_B","Defend_B","Defend_B","Defend_B","Zap+1","Dualcast","Conserve Battery","Swift Strike","Zap+1","Auto Shields","Ball Lightning","Consume+1","Sunder","Gash","Go for the Eyes","Cold Snap","Echo Form+1","Go for the Eyes","Gash+1","Genetic Algorithm","Conserve Battery","Hologram","Creative AI+1","Self Repair+1"],"special_seed":0,"relics":["Cracked Core","Darkstone Periapt","Frozen Egg 2","Shuriken","Golden Idol","Tiny House","Red Mask","DataDisk","Vajra","Lantern","Smiling Mask"],"potions_floor_usage":[28,28],"damage_taken":[{"damage":5.0,"enemies":"Small Slimes","floor":1.0,"turns":3.0},{"damage":0.0,"enemies":"Cultist","floor":3.0,"turns":3.0},{"damage":0.0,"enemies":"Jaw Worm","floor":4.0,"turns":3.0},{"damage":6.0,"enemies":"Looter","floor":5.0,"turns":3.0},{"damage":30.0,"enemies":"Lagavulin","floor":7.0,"turns":6.0},{"damage":6.0,"enemies":"Blue Slaver","floor":10.0,"turns":3.0},{"damage":3.0,"enemies":"3 Louse","floor":11.0,"turns":3.0},{"damage":6.0,"enemies":"3 Sentries","floor":12.0,"turns":4.0},{"damage":18.0,"enemies":"Hexaghost","floor":16.0,"turns":9.0},{"damage":11.0,"enemies":"Chosen","floor":18.0,"turns":6.0},{"damage":46.0,"floor":19.0,"turns":4.0},{"damage":10.0,"enemies":"3 Byrds","floor":22.0,"turns":3.0},{"damage":47.0,"enemies":"Gremlin Leader","floor":24.0,"turns":8.0},{"damage":3.0,"enemies":"Cultist and Chosen","floor":25.0,"turns":6.0},{"damage":2.0,"enemies":"Snecko","floor":27.0,"turns":6.0},{"damage":0,"enemies":"Snake Plant","floor":28,"turns":4},{"damage":29,"enemies":"Chosen and Byrds","floor":29,"turns":4}],"seed_played":"6634581042630914742","potions_obtained":[{"floor":4.0,"key":"Regen Potion"},{"floor":10.0,"key":"Strength Potion"},{"floor":11.0,"key":"SpeedPotion"},{"floor":22.0,"key":"Fire Potion"},{"floor":25.0,"key":"SpeedPotion"},{"floor":27.0,"key":"Block Potion"}],"is_trial":false,"path_per_floor":["M","?","M","M","M","R","E","R","T","M","M","E","?","?","R","B",null,"M","?","$","?","M","R","E","M","T","M","M"],"character_chosen":"DEFECT","items_purchased":["DataDisk","Vajra"],"campfire_rested":3,"item_purchase_floors":[20,20],"current_hp_per_floor":[63,63,63,63,57,75,45,45,45,39,36,30,30,12,34,16,65,68,22,22,48,38,62,15,12,12,10,10,0],"gold":227,"neow_bonus":"UPGRADE_CARD","is_prod":false,"is_daily":false,"chose_seed":false,"campfire_upgraded":1,"win_rate":0,"timestamp":1532053011,"path_taken":["M","?","M","M","M","R","E","R","T","M","M","E","?","?","R","BOSS","M","?","$","?","M","R","E","?","T","M","M","M"],"build_version":"2018-07-19","purchased_purges":1,"victory":false,"max_hp_per_floor":[75,75,75,75,75,75,75,75,75,75,75,75,75,75,75,75,80,80,80,80,80,80,80,80,80,80,80,80,80],"card_choices":[{"not_picked":["Streamline","Sweeping Beam"],"picked":"Conserve Battery","floor":1.0},{"not_picked":["Cold Snap","Steam"],"picked":"Ball Lightning","floor":3.0},{"not_picked":["Turbo","Sweeping Beam"],"picked":"Consume","floor":4.0},{"not_picked":["Capacitor","White Noise"],"picked":"Sunder","floor":5.0},{"not_picked":["BootSequence","Reprogram","Fusion"],"picked":"SKIP","floor":7.0},{"not_picked":["Barrage","Steam"],"picked":"Gash","floor":10.0},{"not_picked":["Genetic Algorithm","Hologram"],"picked":"Go for the Eyes","floor":11.0},{"not_picked":["Sunder","Amplify"],"picked":"Cold Snap","floor":12.0},{"not_picked":["Hyperbeam","Seek"],"picked":"Echo Form+1","floor":16.0},{"not_picked":["Auto Shields","Recycle"],"picked":"Go for the Eyes","floor":17.0},{"not_picked":["Steam Power+1","Reprogram","Sweeping Beam+1"],"picked":"SKIP","floor":18.0},{"not_picked":["Rebound+1","Beam Cell"],"picked":"Gash+1","floor":19.0},{"not_picked":["Rip and Tear+1","Sweeping Beam"],"picked":"Genetic Algorithm","floor":22.0},{"not_picked":["Beam Cell","Go for the Eyes"],"picked":"Conserve Battery","floor":24.0},{"not_picked":["Rebound","Blizzard+1"],"picked":"Hologram","floor":25.0},{"not_picked":["Scrape","Sweeping Beam"],"picked":"Creative AI+1","floor":27.0},{"not_picked":["Recycle","Chaos"],"picked":"Self Repair+1","floor":28}],"player_experience":134996,"relics_obtained":[{"floor":7.0,"key":"Darkstone Periapt"},{"floor":9.0,"key":"Frozen Egg 2"},{"floor":12.0,"key":"Shuriken"},{"floor":19.0,"key":"Red Mask"},{"floor":24.0,"key":"Lantern"},{"floor":26.0,"key":"Smiling Mask"}],"event_choices":[{"event_name":"Match and Keep!","player_choice":"3 cards matched","floor":2.0,"damage_taken":0.0},{"event_name":"Shining Light","player_choice":"Ignored","floor":13.0,"damage_taken":0.0},{"event_name":"Golden Idol","player_choice":"Take Damage","floor":14.0,"damage_taken":0.0},{"event_name":"Masked Bandits","player_choice":"Fought over 446 gold","floor":19.0,"damage_taken":0.0},{"event_name":"The Library","player_choice":"Heal","floor":21.0,"damage_taken":0.0}],"is_beta":false,"boss_relics":[{"not_picked":["Busted Crown","FrozenCore"],"picked":"Tiny House"}],"items_purged_floors":[20],"is_endless":false,"potions_floor_spawned":[4,10,11,12,22,24,25,27],"killed_by":"Chosen and Byrds","ascension_level":7}