{"gold_per_floor":[117,117,117,131,56,56,56,56,80,80,112,127,153,153,153,153],"floor_reached":16,"playtime":252,"items_purged":[],"score":262,"play_id":"712bc339-aea6-47d9-b412-e194479570ed","local_time":"20190614221845","is_ascension_mode":true,"campfire_choices":[{"data":"All Out Attack","floor":6,"key":"SMITH"},{"data":"Neutralize","floor":8,"key":"SMITH"},{"floor":10,"key":"RECALL"},{"data":"Noxious Fumes","floor":15,"key":"SMITH"}],"neow_cost":"NONE","seed_source_timestamp":4183460483932934,"circlet_count":0,"master_deck":["AscendersBane","Defend_G","Defend_G","Defend_G","Defend_G","Defend_G","Strike_G","Strike_G","Strike_G","Strike_G","Survivor","Neutralize+1","Dodge and Roll","All Out Attack+1","Noxious Fumes+1","Bane"],"relics":["Ring of the Snake","NeowsBlessing","Bag of Marbles","Ornamental Fan","Smiling Mask"],"potions_floor_usage":[13],"damage_taken":[{"damage":0,"enemies":"Jaw Worm","floor":1,"turns":1},{"damage":0,"enemies":"Small Slimes","floor":4,"turns":1},{"damage":0,"enemies":"Gremlin Nob","floor":11,"turns":1},{"damage":0,"enemies":"Cultist","floor":12,"turns":3},{"damage":22,"enemies":"Lagavulin","floor":13,"turns":7},{"damage":40,"enemies":"Slime Boss","floor":16,"turns":9}],"seed_played":"5862070955233169113","potions_obtained":[{"floor":12,"key":"SkillPotion"},{"floor":13,"key":"Energy Potion"}],"is_trial":false,"path_per_floor":["M","?","$","M","?","R","$","R","T","R","E","M","E","?","R","B"],"character_chosen":"THE_SILENT","items_purchased":[],"campfire_rested":0,"item_purchase_floors":[],"current_hp_per_floor":[59,59,59,59,59,59,59,59,59,59,59,59,37,37,37,0],"gold":153,"neow_bonus":"THREE_ENEMY_KILL","is_prod":false,"is_daily":false,"chose_seed":false,"campfire_upgraded":3,"win_rate":0,"timestamp":1560565125,"path_taken":["M","?","$","M","?","R","?","R","T","R","E","?","E","?","R","BOSS"],"build_version":"2019-01-23","purchased_purges":0,"victory":false,"max_hp_per_floor":[66,66,66,66,66,66,66,66,66,66,66,66,66,66,66,66],"card_choices":[{"not_picked":["PiercingWail","Finisher"],"picked":"Dodge and Roll","floor":1},{"not_picked":["Flying Knee","Choke"],"picked":"All Out Attack","floor":4},{"not_picked":["Infinite Blades","Quick Slash"],"picked":"Noxious Fumes","floor":11},{"not_picked":["Eviscerate","Riddle With Holes"],"picked":"Bane","floor":12},{"not_picked":["Acrobatics","Grand Finale","Underhanded Strike"],"picked":"SKIP","floor":13}],"player_experience":739679,"relics_obtained":[{"floor":9,"key":"Bag of Marbles"},{"floor":11,"key":"Ornamental Fan"},{"floor":13,"key":"Smiling Mask"}],"event_choices":[{"damage_healed":0,"gold_gain":0,"player_choice":"Ignored","damage_taken":0,"max_hp_gain":0,"max_hp_loss":0,"event_name":"Golden Idol","floor":2,"gold_loss":0},{"cards_removed":["Strike_G"],"damage_healed":0,"gold_gain":0,"player_choice":"Card Removal","damage_taken":0,"max_hp_gain":0,"max_hp_loss":0,"event_name":"The Cleric","floor":5,"gold_loss":75},{"damage_healed":0,"gold_gain":0,"player_choice":"Ignored","damage_taken":0,"max_hp_gain":0,"max_hp_loss":0,"event_name":"Shining Light","floor":14,"gold_loss":0}],"is_beta":false,"boss_relics":[],"items_purged_floors":[],"is_endless":false,"potions_floor_spawned":[12,13],"killed_by":"Slime Boss","ascension_level":20}