{"gold_per_floor":[112,112,77,47,47,47,79,79,105,105,133,143,153,165,165,165],"floor_reached":16,"playtime":491,"items_purged":[],"score":186,"play_id":"22ece60b-9292-420a-b8c7-d9c23bbeaa91","local_time":"20180901184510","is_ascension_mode":true,"campfire_choices":[{"data":"Zap","floor":6.0,"key":"SMITH"},{"data":"Cold Snap","floor":8.0,"key":"SMITH"},{"data":"Leap","floor":10.0,"key":"SMITH"},{"data":"Go for the Eyes","floor":15.0,"key":"SMITH"}],"neow_cost":"NONE","seed_source_timestamp":4830896076721697,"circlet_count":0,"master_deck":["Strike_B","Strike_B","Strike_B","Defend_B","Defend_B","Defend_B","Defend_B","Zap+1","Dualcast","AscendersBane","Leap+1","Cold Snap+1","Chill","Go for the Eyes+1","Sweeping Beam","Self Repair","Hologram"],"special_seed":0,"relics":["Cracked Core","Strawberry","Vajra","Odd Mushroom"],"potions_floor_usage":[16,16],"damage_taken":[{"damage":5.0,"enemies":"2 Louse","floor":1.0,"turns":2.0},{"damage":30.0,"enemies":"Lagavulin","floor":7.0,"turns":9.0},{"damage":8.0,"enemies":"The Mushroom Lair","floor":11.0,"turns":6.0},{"damage":0.0,"enemies":"Small Slimes","floor":12.0,"turns":2.0},{"damage":7.0,"enemies":"Jaw Worm","floor":13.0,"turns":3.0},{"damage":0.0,"enemies":"Large Slime","floor":14.0,"turns":6.0},{"damage":45,"enemies":"Slime Boss","floor":16,"turns":7}],"seed_played":"2855062552646187822","potions_obtained":[{"floor":7.0,"key":"Weak Potion"},{"floor":12.0,"key":"GamblersBrew"}],"is_trial":false,"path_per_floor":["M","?","?","$","?","R","E","R","T","R","?","M","M","M","R"],"character_chosen":"DEFECT","items_purchased":["Cold Snap"],"campfire_rested":0,"item_purchase_floors":[4],"current_hp_per_floor":[59,52,69,69,74,74,51,51,51,51,43,43,36,43,43,0],"gold":165,"neow_bonus":"TRANSFORM_CARD","is_prod":false,"is_daily":false,"chose_seed":false,"campfire_upgraded":4,"win_rate":0,"timestamp":1535841910,"path_taken":["M","?","?","$","?","R","E","R","T","R","?","?","M","M","R","BOSS"],"build_version":"2018-08-30","purchased_purges":0,"victory":false,"max_hp_per_floor":[71,71,71,71,76,76,83,83,83,83,83,83,83,83,83,83],"card_choices":[{"not_picked":["Chaos","Blizzard"],"picked":"Leap","floor":1.0},{"not_picked":["Storm","Meteor Strike"],"picked":"Chill","floor":7.0},{"not_picked":["Coolheaded","Stack"],"picked":"Go for the Eyes","floor":11.0},{"not_picked":["Redo","Storm"],"picked":"Sweeping Beam","floor":12.0},{"not_picked":["Turbo","Reinforced Body"],"picked":"Self Repair","floor":13.0},{"not_picked":["Stack","Steam"],"picked":"Hologram","floor":14.0}],"player_experience":300252,"relics_obtained":[{"floor":7.0,"key":"Strawberry"},{"floor":9.0,"key":"Vajra"},{"floor":11.0,"key":"Odd Mushroom"}],"event_choices":[{"event_name":"Golden Wing","player_choice":"Card Removal","floor":2.0,"damage_taken":0.0},{"event_name":"The Cleric","player_choice":"Healed","floor":3.0,"damage_taken":0.0},{"event_name":"Big Fish","player_choice":"Donut","floor":5.0,"damage_taken":0.0},{"event_name":"Mushrooms","player_choice":"Fought Mushrooms","floor":11.0,"damage_taken":0.0}],"is_beta":false,"boss_relics":[],"items_purged_floors":[],"is_endless":false,"potions_floor_spawned":[7,12,14],"killed_by":"Slime Boss","ascension_level":18}