{"gold_per_floor":[115,126,126,138,17,17,42,42,68,68,87,106,125,144,144,144],"floor_reached":16,"playtime":366,"items_purged":[],"score":208,"play_id":"6a7d268f-8e8d-41a2-b22a-1822e63f4106","local_time":"20181006205836","is_ascension_mode":true,"campfire_choices":[{"data":"Zap","floor":6.0,"key":"SMITH"},{"floor":15,"key":"REST"}],"neow_cost":"NONE","seed_source_timestamp":856257815551968,"circlet_count":0,"master_deck":["Strike_B","Strike_B","Strike_B","Defend_B","Defend_B","Defend_B","Defend_B","Zap+1","Dualcast","AscendersBane","Conserve Battery","Ball Lightning","Conserve Battery","White Noise","Ball Lightning","Glacier","Cold Snap","Ball Lightning"],"special_seed":0,"relics":["Cracked Core","NeowsBlessing","Omamori","Juzu Bracelet","Mummified Hand"],"potions_floor_usage":[16],"damage_taken":[{"damage":0.0,"enemies":"Cultist","floor":1.0,"turns":1.0},{"damage":0.0,"enemies":"Jaw Worm","floor":2.0,"turns":1.0},{"damage":0.0,"enemies":"Small Slimes","floor":4.0,"turns":1.0},{"damage":32.0,"enemies":"Gremlin Nob","floor":7.0,"turns":4.0},{"damage":0.0,"enemies":"3 Louse","floor":11.0,"turns":1.0},{"damage":12,"enemies":"Large Slime","floor":12,"turns":5},{"damage":0,"enemies":"Blue Slaver","floor":13,"turns":4},{"damage":11,"enemies":"Gremlin Gang","floor":14,"turns":4},{"damage":26,"enemies":"Hexaghost","floor":16,"turns":9}],"seed_played":"4176871780928003595","potions_obtained":[{"floor":1.0,"key":"Dexterity Potion"},{"floor":2.0,"key":"Strength Potion"},{"floor":7.0,"key":"Explosive Potion"}],"is_trial":false,"path_per_floor":["M","M","$","M","$","R","E","?","T","?","M","M","M","M","R"],"character_chosen":"DEFECT","items_purchased":["Ball Lightning","Conserve Battery"],"campfire_rested":1,"item_purchase_floors":[5,5],"current_hp_per_floor":[64,64,64,64,64,64,32,25,25,25,25,13,13,2,23,0],"gold":144,"neow_bonus":"THREE_ENEMY_KILL","is_prod":false,"is_daily":false,"chose_seed":false,"campfire_upgraded":1,"win_rate":0,"timestamp":1538873916,"path_taken":["M","?","?","?","?","R","E","?","T","?","M","M","M","M","R","BOSS"],"build_version":"2018-10-04v2","purchased_purges":0,"victory":false,"max_hp_per_floor":[71,71,71,71,71,71,71,71,71,71,71,71,71,71,71,71],"card_choices":[{"not_picked":["Melter","Turbo","Skim"],"picked":"SKIP","floor":1.0},{"not_picked":["Recycle","Blizzard"],"picked":"Conserve Battery","floor":2.0},{"not_picked":["Storm","Beam Cell","Compile Driver"],"picked":"SKIP","floor":4.0},{"not_picked":["Melter","Skim"],"picked":"White Noise","floor":7.0},{"not_picked":["Redo","Self Repair"],"picked":"Ball Lightning","floor":11},{"not_picked":["Force Field","Turbo"],"picked":"Glacier","floor":12},{"not_picked":["Conserve Battery","Streamline"],"picked":"Cold Snap","floor":13},{"not_picked":["Compile Driver","Redo"],"picked":"Ball Lightning","floor":14}],"player_experience":368340,"relics_obtained":[{"floor":7.0,"key":"Omamori"},{"floor":9.0,"key":"Juzu Bracelet"}],"event_choices":[{"event_name":"Golden Wing","player_choice":"Card Removal","floor":8.0,"damage_taken":0.0},{"event_name":"Big Fish","player_choice":"Box","floor":10.0,"damage_taken":0.0}],"is_beta":false,"boss_relics":[],"items_purged_floors":[],"is_endless":false,"potions_floor_spawned":[1,2,7],"killed_by":"Hexaghost","ascension_level":20}