{"gold_per_floor":[112,122,122,134,134,134,151,176,231,231,247,247,247,264,264,341,391,411,91,118,118,118],"floor_reached":22,"playtime":522,"items_purged":["Strike_B"],"score":468,"play_id":"854bc3aa-32d9-4223-9ab8-043f14d000e7","local_time":"20190525210123","is_ascension_mode":true,"campfire_choices":[{"data":"Zap","floor":6.0,"key":"SMITH"},{"data":"Seek","floor":10.0,"key":"SMITH"},{"floor":13.0,"key":"REST"},{"data":"Conserve Battery","floor":15.0,"key":"SMITH"}],"neow_cost":"NONE","seed_source_timestamp":9194699167800,"circlet_count":0,"master_deck":["AscendersBane","Strike_B","Strike_B","Defend_B+1","Defend_B","Defend_B+1","Defend_B","Zap+1","Dualcast+1","Electrodynamics","Compile Driver","Ball Lightning","Conserve Battery+1","Echo Form","Seek+1","Echo Form","Turbo","Self Repair","Seek","Decay"],"special_seed":0,"relics":["Cracked Core","Letter Opener","War Paint","PreservedInsect","Tiny House","Red Mask"],"potions_floor_usage":[20,20],"damage_taken":[{"damage":7.0,"enemies":"Cultist","floor":1.0,"turns":4.0},{"damage":3.0,"enemies":"2 Louse","floor":2.0,"turns":3.0},{"damage":4.0,"enemies":"Jaw Worm","floor":4.0,"turns":3.0},{"damage":2.0,"enemies":"3 Louse","floor":7.0,"turns":2.0},{"damage":8.0,"enemies":"Gremlin Nob","floor":8.0,"turns":3.0},{"damage":0.0,"enemies":"Large Slime","floor":11.0,"turns":4.0},{"damage":5.0,"enemies":"2 Fungi Beasts","floor":14.0,"turns":2.0},{"damage":0.0,"enemies":"Slime Boss","floor":16.0,"turns":5.0},{"damage":15.0,"enemies":"Spheric Guardian","floor":18.0,"turns":4.0},{"damage":45,"enemies":"Masked Bandits","floor":20,"turns":4},{"damage":9,"enemies":"Shell Parasite","floor":22,"turns":3}],"seed_played":"2509510866746045320","potions_obtained":[{"floor":1.0,"key":"SneckoOil"},{"floor":8.0,"key":"Ancient Potion"},{"floor":14.0,"key":"Energy Potion"},{"floor":17.0,"key":"Block Potion"}],"is_trial":false,"path_per_floor":["M","M","?","M","?","R","M","E","T","R","M","?","R","M","R","B",null,"M","$","?","?","M"],"character_chosen":"DEFECT","items_purchased":["Self Repair","Seek"],"campfire_rested":1,"item_purchase_floors":[19,19],"current_hp_per_floor":[57,54,59,55,48,48,46,38,38,38,38,33,55,50,50,50,75,60,60,22,22,13],"gold":118,"neow_bonus":"ONE_RANDOM_RARE_CARD","is_prod":false,"is_daily":false,"chose_seed":false,"campfire_upgraded":3,"win_rate":0,"timestamp":1558814483,"path_taken":["M","M","?","M","?","R","M","E","T","R","M","?","R","M","R","BOSS","M","$","?","?","M"],"build_version":"2019-01-23","purchased_purges":1,"victory":false,"max_hp_per_floor":[71,71,76,76,76,76,76,76,76,76,76,76,76,76,76,76,81,81,81,81,81,81],"card_choices":[{"not_picked":["Rip and Tear","Steam Power"],"picked":"Compile Driver","floor":1.0},{"not_picked":["Leap","Hello World"],"picked":"Ball Lightning","floor":2.0},{"not_picked":["Hologram","Steam"],"picked":"Conserve Battery","floor":4.0},{"not_picked":["Go for the Eyes","Barrage"],"picked":"Echo Form","floor":7.0},{"not_picked":["Hologram","Chill"],"picked":"Seek","floor":8.0},{"not_picked":["Rebound","Darkness","Beam Cell"],"picked":"SKIP","floor":11.0},{"not_picked":["Go for the Eyes","Heatsinks","Scrape"],"picked":"SKIP","floor":14.0},{"not_picked":["All For One","Buffer"],"picked":"Echo Form","floor":16.0},{"not_picked":["Undo","Darkness"],"picked":"Turbo","floor":17.0},{"not_picked":["Hologram","Rip and Tear+1","Scrape"],"picked":"SKIP","floor":18.0}],"player_experience":1401421,"relics_obtained":[{"floor":8.0,"key":"Letter Opener"},{"floor":9.0,"key":"War Paint"},{"floor":20,"key":"Red Mask"}],"event_choices":[{"damage_healed":0.0,"max_hp_gain":5.0,"max_hp_loss":0.0,"gold_gain":0.0,"event_name":"Big Fish","player_choice":"Donut","floor":3.0,"gold_loss":0.0,"damage_taken":0.0},{"cards_removed":["Strike_B"],"damage_healed":0.0,"max_hp_gain":0.0,"max_hp_loss":0.0,"gold_gain":0.0,"event_name":"Golden Wing","player_choice":"Card Removal","floor":5.0,"gold_loss":0.0,"damage_taken":7.0},{"damage_healed":0.0,"max_hp_gain":0.0,"max_hp_loss":0.0,"gold_gain":0.0,"event_name":"Scrap Ooze","player_choice":"Success","floor":12.0,"gold_loss":0.0,"damage_taken":5.0,"relics_obtained":["PreservedInsect"]},{"damage_healed":0,"gold_gain":0,"player_choice":"Fought Bandits","damage_taken":0,"max_hp_gain":0,"max_hp_loss":0,"event_name":"Masked Bandits","floor":20,"gold_loss":0},{"damage_healed":0,"gold_gain":0,"player_choice":"Smashed Altar","damage_taken":0,"max_hp_gain":0,"max_hp_loss":0,"event_name":"Forgotten Altar","floor":21,"gold_loss":0,"cards_obtained":["Decay"]}],"is_beta":false,"boss_relics":[{"not_picked":["Coffee Dripper","Runic Dome"],"picked":"Tiny House"}],"items_purged_floors":[19],"is_endless":false,"potions_floor_spawned":[1,8,14,18],"killed_by":"Shell Parasite","ascension_level":20}