{"gold_per_floor":[113,113,131,144,144,185,185,219,219,259,259,259,27,52,52,173,173,194,194,219,219,19,19,19,19,73,104,118,153,173,191,191,191],"floor_reached":33,"playtime":1444,"items_purged":[],"score":394,"play_id":"74b4a483-cc17-4cb4-89db-903389b6807c","local_time":"20181216173102","is_ascension_mode":true,"campfire_choices":[{"data":"Combust","floor":7.0,"key":"SMITH"},{"floor":12.0,"key":"REST"},{"data":"Rupture","floor":15.0,"key":"SMITH"},{"floor":23,"key":"REST"},{"floor":25,"key":"REST"},{"floor":32,"key":"REST"}],"neow_cost":"NONE","seed_source_timestamp":1306341790088910,"circlet_count":0,"master_deck":["Strike_R","Strike_R","Strike_R","Strike_R","Defend_R","Defend_R","Defend_R","Defend_R","Bash","Shrug It Off","Thunderclap","Metallicize","Combust+1","Uppercut","Fiend Fire","Rupture+1","Reaper","Metallicize","Necronomicurse","Ghostly Armor+1","Inflame","Shrug It Off"],"special_seed":0,"relics":["Black Blood","Golden Idol","Lantern","Ice Cream","Kunai","Ornamental Fan","Juzu Bracelet","Vajra","MutagenicStrength","Membership Card","Necronomicon","Omamori","Question Card","Boot"],"potions_floor_usage":[28,31],"damage_taken":[{"damage":2.0,"enemies":"Jaw Worm","floor":1.0,"turns":5.0},{"damage":7.0,"enemies":"Small Slimes","floor":3.0,"turns":5.0},{"damage":1.0,"enemies":"Cultist","floor":4.0,"turns":3.0},{"damage":21.0,"enemies":"Gremlin Nob","floor":6.0,"turns":4.0},{"damage":14.0,"enemies":"3 Sentries","floor":8.0,"turns":5.0},{"damage":26.0,"enemies":"Gremlin Nob","floor":10.0,"turns":4.0},{"damage":3.0,"enemies":"Red Slaver","floor":14.0,"turns":4.0},{"damage":23.0,"enemies":"The Guardian","floor":16.0,"turns":10.0},{"damage":14.0,"enemies":"Chosen","floor":18.0,"turns":6.0},{"damage":53.0,"enemies":"Shell Parasite","floor":20.0,"turns":10.0},{"damage":50,"enemies":"Book of Stabbing","floor":27,"turns":6},{"damage":15,"enemies":"Snake Plant","floor":28,"turns":4},{"damage":39,"enemies":"Gremlin Leader","floor":29,"turns":10},{"damage":31,"enemies":"Centurion and Healer","floor":30,"turns":10},{"damage":14,"enemies":"Chosen and Byrds","floor":31,"turns":6},{"damage":89,"enemies":"Collector","floor":33,"turns":6}],"seed_played":"3151744789243395662","potions_obtained":[{"floor":1.0,"key":"Fire Potion"},{"floor":3.0,"key":"FearPotion"},{"floor":10.0,"key":"Weak Potion"},{"floor":27,"key":"SkillPotion"},{"floor":30,"key":"Block Potion"}],"is_trial":false,"path_per_floor":["M","?","M","M","?","E","R","E","T","E","?","R","$","M","R","B",null,"M","$","M","?","$","R","?","R","T","E","M","E","M","M","R","B"],"character_chosen":"IRONCLAD","items_purchased":["Rupture","Vajra","Membership Card"],"campfire_rested":4,"item_purchase_floors":[13,13,22],"current_hp_per_floor":[84,62,61,66,66,51,51,43,43,23,23,49,49,52,52,35,75,78,78,35,35,35,61,45,71,71,51,46,35,28,38,64,0],"gold":191,"neow_bonus":"TEN_PERCENT_HP_BONUS","is_prod":false,"is_daily":false,"chose_seed":false,"campfire_upgraded":2,"win_rate":0,"timestamp":1544999462,"path_taken":["M","?","M","M","?","E","R","E","T","E","?","R","$","M","R","BOSS","M","$","M","?","$","R","?","R","T","E","M","E","M","M","R","BOSS"],"build_version":"2018-12-13","purchased_purges":0,"victory":false,"max_hp_per_floor":[88,88,88,88,88,88,88,88,88,88,88,88,88,88,88,88,88,88,88,88,88,88,88,88,88,88,88,88,88,88,88,88,88],"card_choices":[{"not_picked":["Warcry","Uppercut"],"picked":"Shrug It Off","floor":1.0},{"not_picked":["True Grit","Battle Trance"],"picked":"Thunderclap","floor":3.0},{"not_picked":["Warcry","Clothesline"],"picked":"Metallicize","floor":4.0},{"not_picked":["Infernal Blade","Ghostly Armor"],"picked":"Combust","floor":6.0},{"not_picked":["Havoc","Sever Soul","Thunderclap"],"picked":"SKIP","floor":8.0},{"not_picked":["Bloodletting","Exhume"],"picked":"Uppercut","floor":10.0},{"not_picked":["Warcry","Pommel Strike","Sword Boomerang"],"picked":"SKIP","floor":14.0},{"not_picked":["Bludgeon","Barricade"],"picked":"Reaper","floor":16.0},{"not_picked":["Havoc","Entrench+1","Infernal Blade"],"picked":"SKIP","floor":18.0},{"not_picked":["Power Through","Wild Strike+1"],"picked":"Metallicize","floor":20.0},{"not_picked":["Wild Strike+1","Clash","Cleave"],"picked":"SKIP","floor":27},{"not_picked":["Hemokinesis","Pommel Strike+1","Sentinel"],"picked":"Ghostly Armor+1","floor":28},{"not_picked":["Shrug It Off","Cleave","Havoc"],"picked":"Inflame","floor":29},{"not_picked":["Brutality","Clothesline","Havoc"],"picked":"Shrug It Off","floor":30},{"not_picked":["Wild Strike+1","Pommel Strike","Burning Pact","Havoc"],"picked":"SKIP","floor":31}],"player_experience":513619,"relics_obtained":[{"floor":6.0,"key":"Ice Cream"},{"floor":8.0,"key":"Kunai"},{"floor":9.0,"key":"Ornamental Fan"},{"floor":10.0,"key":"Juzu Bracelet"},{"floor":24,"key":"Necronomicon"},{"floor":26,"key":"Omamori"},{"floor":27,"key":"Question Card"},{"floor":29,"key":"Boot"}],"event_choices":[{"damage_healed":0.0,"max_hp_gain":0.0,"max_hp_loss":0.0,"gold_gain":0.0,"event_name":"Golden Idol","player_choice":"Take Damage","floor":2.0,"gold_loss":0.0,"damage_taken":22.0,"relics_obtained":["Golden Idol"]},{"damage_healed":0.0,"max_hp_gain":0.0,"max_hp_loss":0.0,"gold_gain":0.0,"event_name":"WeMeetAgain","player_choice":"Gave Potion","floor":5.0,"gold_loss":0.0,"damage_taken":0.0,"relics_obtained":["Lantern"]},{"damage_healed":0.0,"max_hp_gain":0.0,"max_hp_loss":0.0,"gold_gain":0.0,"cards_transformed":["Strike_R"],"event_name":"Transmorgrifier","player_choice":"Transformed","floor":11.0,"gold_loss":0.0,"damage_taken":0.0,"cards_obtained":["Fiend Fire"]},{"damage_healed":0.0,"max_hp_gain":0.0,"max_hp_loss":0.0,"gold_gain":0.0,"event_name":"Drug Dealer","player_choice":"Inject Mutagens","floor":21.0,"gold_loss":0.0,"damage_taken":0.0,"relics_obtained":["MutagenicStrength"]},{"damage_healed":0,"gold_gain":0,"player_choice":"Obtained Book","damage_taken":16,"max_hp_gain":0,"max_hp_loss":0,"event_name":"Cursed Tome","floor":24,"gold_loss":0}],"is_beta":false,"boss_relics":[{"not_picked":["Pandora\u0027s Box","Empty Cage"],"picked":"Black Blood"}],"items_purged_floors":[],"is_endless":false,"potions_floor_spawned":[1,3,10,27,30],"killed_by":"Collector","ascension_level":6}