{"gold_per_floor":[109,109,36,56,56,97,110,141,223,223],"floor_reached":10,"playtime":534,"items_purged":[],"score":132,"play_id":"3cffb2da-b87c-4c34-86b0-921552967141","local_time":"20180629185947","daily_mods":["Draft","Heirloom","Elite Swarm"],"is_ascension_mode":true,"campfire_choices":[],"neow_cost":"","seed_source_timestamp":0,"circlet_count":0,"master_deck":["Pommel Strike","Iron Wave","Iron Wave","Flex","Thunderclap","Infernal Blade","True Grit","Dual Wield","Dropkick","Seeing Red","Rampage","Sever Soul","Clothesline","Evolve","Uppercut","Injury","Burning Pact","Armaments","Demon Form"],"special_seed":17712,"relics":["Unceasing Top","Dead Branch","Golden Idol","Ice Cream","Lantern","Toolbox"],"potions_floor_usage":[8,10],"damage_taken":[{"damage":4,"enemies":"Cultist","floor":1,"turns":3},{"damage":0,"enemies":"2 Louse","floor":4,"turns":1},{"damage":14,"enemies":"3 Sentries","floor":6,"turns":6},{"damage":8,"enemies":"Jaw Worm","floor":7,"turns":2},{"damage":51,"enemies":"Gremlin Nob","floor":8,"turns":6},{"damage":12,"enemies":"3 Sentries","floor":10,"turns":2}],"seed_played":"-1755974802296634168","potions_obtained":[{"floor":7,"key":"BloodPotion"},{"floor":8,"key":"SkillPotion"}],"is_trial":true,"path_per_floor":["M","?","$","M","$","E","M","E","T"],"character_chosen":"IRONCLAD","items_purchased":["Burning Pact"],"campfire_rested":0,"item_purchase_floors":[3],"current_hp_per_floor":[76,76,76,76,76,62,54,11,11,0],"gold":223,"neow_bonus":"","is_prod":false,"is_daily":false,"chose_seed":false,"campfire_upgraded":0,"win_rate":0,"timestamp":1530323987,"path_taken":["M","?","$","?","?","E","M","E","T","E"],"build_version":"2018-06-28","purchased_purges":0,"victory":false,"max_hp_per_floor":[80,80,80,80,80,80,80,80,80,80],"card_choices":[{"not_picked":["Iron Wave","Intimidate"],"picked":"Pommel Strike","floor":0},{"not_picked":["Fire Breathing","Wild Strike"],"picked":"Iron Wave","floor":0},{"not_picked":["Pummel","Twin Strike"],"picked":"Iron Wave","floor":0},{"not_picked":["Heavy Blade","Clash"],"picked":"Flex","floor":0},{"not_picked":["Cleave","Twin Strike"],"picked":"Thunderclap","floor":0},{"not_picked":["Disarm","Combust"],"picked":"Infernal Blade","floor":0},{"not_picked":["Carnage","Warcry"],"picked":"True Grit","floor":0},{"not_picked":["Evolve","Clash"],"picked":"Dual Wield","floor":0},{"not_picked":["Intimidate","Disarm"],"picked":"Dropkick","floor":0},{"not_picked":["Entrench","Perfected Strike"],"picked":"Seeing Red","floor":0},{"not_picked":["Havoc","Heavy Blade"],"picked":"Rampage","floor":0},{"not_picked":["Dual Wield","Cleave"],"picked":"Sever Soul","floor":0},{"not_picked":["Seeing Red","Perfected Strike"],"picked":"Clothesline","floor":0},{"not_picked":["Flame Barrier","Infernal Blade"],"picked":"Evolve","floor":0},{"not_picked":["Flex","Headbutt"],"picked":"Uppercut","floor":0},{"not_picked":["Cleave","Flex","Anger"],"picked":"SKIP","floor":1},{"not_picked":["Shockwave","Flex"],"picked":"Armaments","floor":4},{"not_picked":["Juggernaut","Reaper"],"picked":"Demon Form","floor":6},{"not_picked":["Intimidate","Battle Trance","Iron Wave"],"picked":"SKIP","floor":7},{"not_picked":["Berserk","Immolate","Brutality"],"picked":"SKIP","floor":8}],"player_experience":39981,"relics_obtained":[{"floor":6,"key":"Ice Cream"},{"floor":8,"key":"Lantern"},{"floor":9,"key":"Toolbox"}],"event_choices":[{"event_name":"Golden Idol","player_choice":"Take Wound","floor":2,"damage_taken":0}],"boss_relics":[],"items_purged_floors":[],"is_endless":true,"potions_floor_spawned":[7,8],"killed_by":"3 Sentries","ascension_level":1}