{"gold_per_floor":[414,589,181,196,196,196,226,226,226,226,241,256,35,65,65,165,165,135],"floor_reached":18,"playtime":734,"items_purged":["Doubt"],"score":170,"play_id":"34c4af1f-84f6-4c79-89af-d5656dd6f831","local_time":"20190121194513","daily_mods":["Heirloom","Flight","DeadlyEvents"],"is_ascension_mode":false,"campfire_choices":[{"data":"Distraction","floor":6,"key":"SMITH"},{"floor":8,"key":"REST"},{"floor":10,"key":"REST"},{"floor":15,"key":"REST"}],"neow_cost":"","seed_source_timestamp":0,"circlet_count":0,"master_deck":["Defend_G","Defend_G","Defend_G","Defend_G","Defend_G","Strike_G","Strike_G","Strike_G","Strike_G","Strike_G","Survivor","Neutralize","Distraction+1","Blind+1","Flying Knee","Backstab","Flying Knee","Caltrops+1","Outmaneuver","Bullet Time","Heel Hook"],"special_seed":17918,"relics":["Ring of the Snake","Old Coin","Dodecahedron","Bottled Lightning","Frozen Egg 2","Regal Pillow","PreservedInsect","White Beast Statue"],"potions_floor_usage":[14,16,18],"damage_taken":[{"damage":0,"enemies":"Small Slimes","floor":1,"turns":5},{"damage":0,"enemies":"Jaw Worm","floor":4,"turns":3},{"damage":37,"enemies":"3 Sentries","floor":7,"turns":18},{"damage":0,"enemies":"2 Louse","floor":11,"turns":2},{"damage":0,"enemies":"2 Fungi Beasts","floor":12,"turns":2},{"damage":1,"enemies":"Gremlin Nob","floor":14,"turns":4},{"damage":44,"enemies":"Hexaghost","floor":16,"turns":13},{"damage":20,"enemies":"2 Thieves","floor":18,"turns":5}],"seed_played":"-6286355576629178474","potions_obtained":[{"floor":1,"key":"GhostInAJar"},{"floor":12,"key":"AttackPotion"},{"floor":14,"key":"AttackPotion"},{"floor":18,"key":"Fire Potion"}],"is_trial":false,"path_per_floor":["M","?","$","M","?","R","E","R","T","R","M","M","$","E","R","B",null,"M"],"character_chosen":"THE_SILENT","items_purchased":["Dodecahedron","Blind","Caltrops+1","Regal Pillow"],"campfire_rested":3,"item_purchase_floors":[3,3,13,13],"current_hp_per_floor":[70,70,70,70,70,70,33,54,54,70,70,70,70,69,70,26,70,50],"gold":135,"neow_bonus":"","is_prod":false,"is_daily":true,"chose_seed":false,"campfire_upgraded":1,"win_rate":0,"timestamp":1548128713,"path_taken":["M","?","$","M","?","R","?","R","T","R","?","M","$","E","R","BOSS","M"],"build_version":"2019-01-17v2","purchased_purges":1,"victory":false,"max_hp_per_floor":[70,70,70,70,70,70,70,70,70,70,70,70,70,70,70,70,70,70],"card_choices":[{"not_picked":["Accuracy","Eviscerate"],"picked":"Distraction","floor":1},{"not_picked":["Sucker Punch","Well Laid Plans","All Out Attack"],"picked":"SKIP","floor":4},{"not_picked":["Noxious Fumes","Dodge and Roll"],"picked":"Flying Knee","floor":7},{"not_picked":["Prepared","Cloak And Dagger"],"picked":"Backstab","floor":11},{"not_picked":["Finisher","Blade Dance"],"picked":"Flying Knee","floor":12},{"not_picked":["Bouncing Flask","Acrobatics"],"picked":"Outmaneuver","floor":14},{"not_picked":["Unload","Envenom+1"],"picked":"Bullet Time","floor":16},{"not_picked":["Underhanded Strike","Blade Dance"],"picked":"Heel Hook","floor":18}],"player_experience":149679,"relics_obtained":[{"floor":7,"key":"Bottled Lightning"},{"floor":9,"key":"Frozen Egg 2"},{"floor":14,"key":"PreservedInsect"}],"event_choices":[{"damage_healed":0,"gold_gain":175,"player_choice":"AGREE","damage_taken":0,"max_hp_gain":0,"max_hp_loss":0,"event_name":"Liars Game","floor":2,"gold_loss":0,"cards_obtained":["Doubt"]},{"damage_healed":0,"gold_gain":0,"player_choice":"Grow","damage_taken":0,"max_hp_gain":0,"max_hp_loss":0,"event_name":"Living Wall","floor":5,"gold_loss":0,"cards_upgraded":["Blind"]}],"is_beta":false,"boss_relics":[{"not_picked":["Calling Bell","Lizard Tail"],"picked":"White Beast Statue"}],"items_purged_floors":[3],"is_endless":false,"potions_floor_spawned":[1,12,14,18],"killed_by":"2 Thieves","ascension_level":0}