{"gold_per_floor":[112,112,127,127,227,255,255,283,283,309,34,52,52,64,64,137,137,150,75,75,25,41,41,61,77,151,131,131],"floor_reached":28,"playtime":817,"items_purged":[],"score":472,"play_id":"377b4f91-2b4f-40d8-b722-ba9718cba282","local_time":"20190708075828","is_ascension_mode":true,"campfire_choices":[{"floor":7.0,"key":"REST"},{"floor":13.0,"key":"REST"},{"data":"Apotheosis","floor":15.0,"key":"SMITH"},{"floor":23.0,"key":"REST"}],"neow_cost":"NONE","seed_source_timestamp":2097607759459300,"circlet_count":0,"master_deck":["AscendersBane","Strike_B","Strike_B","Strike_B","Defend_B","Defend_B","Defend_B","Defend_B","Zap","Dualcast","Electrodynamics+1","Auto Shields","Consume","Leap","Apotheosis+1","Capacitor","Tempest","FTL","Amplify","Turbo","Conserve Battery","Double Energy","Genetic Algorithm+1"],"special_seed":0,"relics":["Cracked Core","Meat on the Bone","Matryoshka","Art of War","Potion Belt","Blue Candle","MawBank","Nuclear Battery","Boot","Shuriken"],"potions_floor_usage":[28,28],"damage_taken":[{"damage":0.0,"enemies":"2 Louse","floor":1.0,"turns":2.0},{"damage":3.0,"enemies":"Small Slimes","floor":3.0,"turns":4.0},{"damage":39.0,"enemies":"Gremlin Nob","floor":6.0,"turns":4.0},{"damage":19.0,"enemies":"Lagavulin","floor":8.0,"turns":6.0},{"damage":39.0,"enemies":"Gremlin Nob","floor":10.0,"turns":4.0},{"damage":1.0,"enemies":"Cultist","floor":12.0,"turns":3.0},{"damage":0.0,"enemies":"3 Louse","floor":14.0,"turns":1.0},{"damage":32.0,"enemies":"Hexaghost","floor":16.0,"turns":8.0},{"damage":3.0,"enemies":"Spheric Guardian","floor":18.0,"turns":3.0},{"damage":15.0,"enemies":"Shell Parasite","floor":22.0,"turns":8.0},{"damage":17.0,"enemies":"Cultist and Chosen","floor":24.0,"turns":5.0},{"damage":23.0,"enemies":"Centurion and Healer","floor":25.0,"turns":6.0},{"damage":37,"enemies":"Book of Stabbing","floor":28,"turns":4}],"seed_played":"8316152078916786367","potions_obtained":[{"floor":6.0,"key":"AttackPotion"},{"floor":8.0,"key":"Swift Potion"},{"floor":10.0,"key":"SpeedPotion"},{"floor":14.0,"key":"EssenceOfSteel"},{"floor":18.0,"key":"Block Potion"},{"floor":22.0,"key":"EssenceOfSteel"},{"floor":27.0,"key":"Energy Potion"}],"is_trial":false,"path_per_floor":["M","?","M","?","?","E","R","E","T","E","$","M","R","M","R","B",null,"M","?","?","?","M","R","M","M","T","?","E"],"character_chosen":"DEFECT","items_purchased":["Apotheosis","Capacitor"],"campfire_rested":3,"item_purchase_floors":[11,11],"current_hp_per_floor":[64,64,61,56,56,29,50,43,43,16,16,27,48,48,48,28,60,57,57,57,57,42,63,46,35,35,35,0],"gold":131,"neow_bonus":"ONE_RANDOM_RARE_CARD","is_prod":false,"is_daily":false,"chose_seed":false,"campfire_upgraded":1,"win_rate":0,"timestamp":1562597908,"path_taken":["M","?","M","?","?","E","R","E","T","E","$","?","R","M","R","BOSS","M","?","?","?","?","R","M","?","T","?","E"],"build_version":"2019-07-05","purchased_purges":0,"victory":false,"max_hp_per_floor":[71,71,71,71,71,71,71,71,71,71,71,71,71,71,71,71,71,71,71,71,71,71,71,71,71,71,71,71],"card_choices":[{"not_picked":["Cold Snap","Coolheaded"],"picked":"Auto Shields","floor":1.0},{"not_picked":["Cold Snap","Turbo"],"picked":"Consume","floor":3.0},{"not_picked":["Coolheaded","Compile Driver","Skim"],"picked":"SKIP","floor":6.0},{"not_picked":["Barrage","Beam Cell"],"picked":"Leap","floor":8.0},{"not_picked":["Reprogram","Consume","Beam Cell"],"picked":"SKIP","floor":10.0},{"not_picked":["Stack","Gash"],"picked":"Tempest","floor":12.0},{"not_picked":["Auto Shields","Genetic Algorithm"],"picked":"FTL","floor":14.0},{"not_picked":["Meteor Strike","Fission"],"picked":"Amplify","floor":16.0},{"not_picked":["Beam Cell","Undo"],"picked":"Turbo","floor":18.0},{"not_picked":["Cold Snap+1","Hologram"],"picked":"Double Energy","floor":22.0},{"not_picked":["Cold Snap","Glacier","Barrage"],"picked":"SKIP","floor":24.0},{"not_picked":["Leap","Rebound"],"picked":"Genetic Algorithm+1","floor":25.0}],"player_experience":1235648,"relics_obtained":[{"floor":6.0,"key":"Matryoshka"},{"floor":8.0,"key":"Art of War"},{"floor":9.0,"key":"Potion Belt"},{"floor":9.0,"key":"Blue Candle"},{"floor":10.0,"key":"MawBank"},{"floor":26.0,"key":"Boot"},{"floor":26.0,"key":"Shuriken"}],"event_choices":[{"damage_healed":0.0,"max_hp_gain":0.0,"max_hp_loss":0.0,"gold_gain":0.0,"event_name":"Living Wall","player_choice":"Grow","floor":2.0,"gold_loss":0.0,"damage_taken":0.0,"cards_upgraded":["Electrodynamics"]},{"damage_healed":0.0,"max_hp_gain":0.0,"max_hp_loss":0.0,"gold_gain":0.0,"event_name":"Scrap Ooze","player_choice":"Success","floor":4.0,"gold_loss":0.0,"damage_taken":5.0,"relics_obtained":["Meat on the Bone"]},{"damage_healed":0.0,"max_hp_gain":0.0,"max_hp_loss":0.0,"gold_gain":100.0,"event_name":"Wheel of Change","player_choice":"Gold","floor":5.0,"gold_loss":0.0,"damage_taken":0.0},{"cards_removed":["Strike_B"],"damage_healed":0.0,"max_hp_gain":0.0,"max_hp_loss":0.0,"gold_gain":0.0,"event_name":"Beggar","player_choice":"Gave Gold","floor":19.0,"gold_loss":75.0,"damage_taken":0.0},{"damage_healed":0.0,"max_hp_gain":0.0,"max_hp_loss":0.0,"gold_gain":0.0,"event_name":"The Library","player_choice":"Read","floor":20.0,"gold_loss":0.0,"damage_taken":0.0,"cards_obtained":["Conserve Battery"]},{"damage_healed":0.0,"max_hp_gain":0.0,"max_hp_loss":0.0,"gold_gain":0.0,"event_name":"The Joust","player_choice":"Bet on Murderer","floor":21.0,"gold_loss":50.0,"damage_taken":0.0},{"damage_healed":0.0,"max_hp_gain":0.0,"max_hp_loss":0.0,"gold_gain":0.0,"event_name":"The Woman in Blue","player_choice":"Bought 1 Potion","floor":27.0,"gold_loss":0.0,"damage_taken":0.0}],"is_beta":false,"boss_relics":[{"not_picked":["Philosopher\u0027s Stone","Empty Cage"],"picked":"Nuclear Battery"}],"items_purged_floors":[],"is_endless":false,"potions_floor_spawned":[6,8,10,14,18,22],"killed_by":"Book of Stabbing","ascension_level":20}