{"gold_per_floor":[111,35,35,35,35,35,69,69,69,69,69,98,112,112,112,214,214,230,76,76,87,100,100,132,132,132,152,172,192,204,19,19,19],"floor_reached":33,"playtime":1050,"items_purged":[],"score":273,"play_id":"65a9b808-8f74-4e14-901d-453691a7a512","local_time":"20190710155341","is_ascension_mode":false,"campfire_choices":[{"data":"Zap","floor":6.0,"key":"SMITH"},{"data":"Cold Snap","floor":8,"key":"SMITH"},{"data":"Dualcast","floor":10,"key":"SMITH"},{"data":"Cold Snap","floor":15,"key":"SMITH"},{"floor":23,"key":"REST"},{"data":"Biased Cognition","floor":25,"key":"SMITH"},{"floor":32,"key":"REST"}],"neow_cost":"NONE","seed_source_timestamp":6405494241367416,"circlet_count":0,"master_deck":["Strike_B","Strike_B","Strike_B","Strike_B","Defend_B","Defend_B","Defend_B","Defend_B","Zap+1","Dualcast+1","Cold Snap+1","All For One","Compile Driver","Cold Snap+1","Biased Cognition+1","Glacier","Ball Lightning","Conserve Battery","Cold Snap","Coolheaded","Capacitor+1","Blizzard","Chaos+1","Apotheosis"],"special_seed":0,"relics":["Busted Crown"],"potions_floor_usage":[16,33,33],"damage_taken":[{"damage":0.0,"enemies":"2 Louse","floor":1.0,"turns":2.0},{"damage":14.0,"enemies":"3 Sentries","floor":7.0,"turns":7.0},{"damage":5,"enemies":"Lagavulin","floor":12,"turns":6},{"damage":4,"enemies":"Jaw Worm","floor":13,"turns":2},{"damage":44,"enemies":"The Guardian","floor":16,"turns":12},{"damage":12,"enemies":"3 Byrds","floor":18,"turns":4},{"damage":5,"enemies":"Shell Parasite","floor":21,"turns":5},{"damage":17,"enemies":"Snecko","floor":22,"turns":7},{"damage":13,"enemies":"Book of Stabbing","floor":24,"turns":6},{"damage":11,"enemies":"Centurion and Healer","floor":27,"turns":8},{"damage":11,"enemies":"Shelled Parasite and Fungi","floor":28,"turns":7},{"damage":0,"enemies":"Snake Plant","floor":29,"turns":6},{"damage":28,"enemies":"Chosen and Byrds","floor":30,"turns":9},{"damage":44,"enemies":"Automaton","floor":33,"turns":12}],"seed_played":"-8156687701651111491","potions_obtained":[{"floor":12,"key":"EssenceOfSteel"},{"floor":13,"key":"AttackPotion"},{"floor":21,"key":"Poison Potion"},{"floor":27,"key":"GamblersBrew"}],"is_trial":false,"path_per_floor":["M","$","?","?","?","R","E","R","T","R","?","E","M","?","R","B",null,"M","$","T","M","M","R","E","R","T","M","M","M","M","$","R","B"],"character_chosen":"DEFECT","items_purchased":["All For One","Ball Lightning","Conserve Battery","Cold Snap","Apotheosis"],"campfire_rested":2,"item_purchase_floors":[2,19,19,19,31],"current_hp_per_floor":[75,75,75,75,75,75,61,61,61,61,66,61,57,80,80,36,80,68,68,68,63,46,70,57,57,57,46,35,35,7,7,31,0],"gold":19,"neow_bonus":"BOSS_RELIC","is_prod":false,"is_daily":false,"chose_seed":false,"campfire_upgraded":5,"win_rate":0,"timestamp":1562788421,"path_taken":["M","$","?","?","?","R","E","R","T","R","?","E","M","?","R","BOSS","M","$","?","M","?","R","E","R","T","M","M","M","M","$","R","BOSS"],"build_version":"2019-07-05","purchased_purges":0,"victory":false,"max_hp_per_floor":[75,75,75,75,75,75,75,75,75,75,80,80,80,80,80,80,80,80,80,80,80,80,80,80,80,80,80,80,80,80,80,80,80],"card_choices":[{"not_picked":[],"picked":"Cold Snap","floor":1.0},{"not_picked":[],"picked":"Compile Driver","floor":7},{"not_picked":[],"picked":"Cold Snap","floor":12},{"not_picked":["Heatsinks"],"picked":"SKIP","floor":13},{"not_picked":[],"picked":"Biased Cognition","floor":16},{"not_picked":[],"picked":"Glacier","floor":18},{"not_picked":["Double Energy"],"picked":"SKIP","floor":21},{"not_picked":["Barrage"],"picked":"SKIP","floor":22},{"not_picked":[],"picked":"Coolheaded","floor":24},{"not_picked":["Coolheaded"],"picked":"SKIP","floor":27},{"not_picked":[],"picked":"Capacitor+1","floor":28},{"not_picked":[],"picked":"Blizzard","floor":29},{"not_picked":[],"picked":"Chaos+1","floor":30}],"player_experience":943940,"relics_obtained":[],"event_choices":[{"damage_healed":0.0,"max_hp_gain":0.0,"max_hp_loss":0.0,"gold_gain":0.0,"event_name":"Golden Idol","player_choice":"Ignored","floor":3.0,"gold_loss":0.0,"damage_taken":0.0},{"damage_healed":0.0,"max_hp_gain":0.0,"max_hp_loss":0.0,"gold_gain":0.0,"event_name":"The Cleric","player_choice":"Leave","floor":4.0,"gold_loss":0.0,"damage_taken":0.0},{"damage_healed":0.0,"max_hp_gain":0.0,"max_hp_loss":0.0,"gold_gain":0.0,"event_name":"Scrap Ooze","player_choice":"Fled","floor":5.0,"gold_loss":0.0,"damage_taken":0.0},{"damage_healed":0,"gold_gain":0,"player_choice":"Donut","damage_taken":0,"max_hp_gain":5,"max_hp_loss":0,"event_name":"Big Fish","floor":11,"gold_loss":0},{"damage_healed":23,"gold_gain":0,"player_choice":"Full Heal","damage_taken":0,"max_hp_gain":0,"max_hp_loss":0,"event_name":"Wheel of Change","floor":14,"gold_loss":0}],"is_beta":false,"boss_relics":[{"not_picked":["Snecko Eye","White Beast Statue","Orrery"]}],"items_purged_floors":[],"is_endless":false,"potions_floor_spawned":[12,13,21,27,28],"killed_by":"Automaton","ascension_level":0}