{"gold_per_floor":[109,109,122,122,122,122,134,134,134,161,92,109,134,147,147,147],"floor_reached":16,"playtime":341,"items_purged":[],"score":297,"play_id":"09664484-cc0d-470b-b8f4-a4e78b5590e1","local_time":"20190120200229","is_ascension_mode":true,"campfire_choices":[{"data":"Apotheosis","floor":6.0,"key":"SMITH"},{"data":"Bash","floor":8.0,"key":"SMITH"},{"data":"Inflame","floor":15.0,"key":"SMITH"}],"neow_cost":"NONE","seed_source_timestamp":2618414840813114,"circlet_count":0,"master_deck":["AscendersBane","Strike_R","Strike_R","Strike_R","Strike_R","Strike_R","Defend_R","Defend_R","Defend_R","Defend_R","Bash+1","Perfected Strike","Apotheosis+1","Perfected Strike","Perfected Strike","Perfected Strike","Bandage Up","Twin Strike","Inflame+1"],"special_seed":0,"relics":["Burning Blood","The Courier","Dodecahedron","Mummified Hand","Turnip"],"potions_floor_usage":[16,16],"damage_taken":[{"damage":9.0,"enemies":"Small Slimes","floor":1.0,"turns":5.0},{"damage":3.0,"enemies":"Cultist","floor":3.0,"turns":4.0},{"damage":7.0,"enemies":"2 Louse","floor":7.0,"turns":2.0},{"damage":16.0,"enemies":"Gremlin Nob","floor":10.0,"turns":3.0},{"damage":18.0,"enemies":"Large Slime","floor":12.0,"turns":3.0},{"damage":12.0,"enemies":"3 Sentries","floor":13.0,"turns":4.0},{"damage":0.0,"enemies":"Exordium Wildlife","floor":14.0,"turns":2.0}],"seed_played":"5927164251550868615","potions_obtained":[{"floor":3.0,"key":"LiquidBronze"},{"floor":12.0,"key":"FearPotion"}],"is_trial":false,"path_per_floor":["M","?","M","?","?","R","M","R","T","E","$","M","E","M","R","B"],"character_chosen":"IRONCLAD","items_purchased":["Bandage Up"],"campfire_rested":0,"item_purchase_floors":[11],"current_hp_per_floor":[65,65,68,50,50,50,49,49,49,39,39,31,31,41,41,0],"gold":147,"neow_bonus":"RANDOM_COLORLESS","is_prod":false,"is_daily":false,"chose_seed":false,"campfire_upgraded":3,"win_rate":0,"timestamp":1548032549,"path_taken":["M","?","?","?","?","R","M","R","T","E","$","M","E","M","R","BOSS"],"build_version":"2019-01-17v2","purchased_purges":0,"victory":false,"max_hp_per_floor":[75,75,75,75,75,75,75,75,75,75,75,75,75,75,75,75],"card_choices":[{"not_picked":["Havoc","Cleave"],"picked":"Perfected Strike","floor":1.0},{"not_picked":["Entrench","Heavy Blade"],"picked":"Perfected Strike","floor":3.0},{"not_picked":["Infernal Blade","Rampage"],"picked":"Perfected Strike","floor":7.0},{"not_picked":["Shrug It Off","Uppercut"],"picked":"Perfected Strike","floor":10.0},{"not_picked":["Corruption","Body Slam","Dark Embrace"],"picked":"SKIP","floor":12.0},{"not_picked":["Fire Breathing","Heavy Blade"],"picked":"Twin Strike","floor":13.0},{"not_picked":["Thunderclap","Rupture"],"picked":"Inflame","floor":14.0}],"player_experience":557984,"relics_obtained":[{"floor":9.0,"key":"Dodecahedron"},{"floor":10.0,"key":"Mummified Hand"},{"floor":13.0,"key":"Turnip"}],"event_choices":[{"damage_healed":0.0,"max_hp_gain":0.0,"max_hp_loss":0.0,"gold_gain":0.0,"cards_transformed":["Deep Breath"],"event_name":"Transmorgrifier","player_choice":"Transformed","floor":2.0,"gold_loss":0.0,"damage_taken":0.0,"cards_obtained":["Apotheosis"]},{"damage_healed":0.0,"max_hp_gain":0.0,"max_hp_loss":0.0,"gold_gain":0.0,"event_name":"Scrap Ooze","player_choice":"Success","floor":4.0,"gold_loss":0.0,"damage_taken":18.0,"relics_obtained":["The Courier"]},{"damage_healed":0.0,"max_hp_gain":0.0,"max_hp_loss":0.0,"gold_gain":0.0,"event_name":"Liars Game","player_choice":"Ignored","floor":5.0,"gold_loss":0.0,"damage_taken":0.0}],"is_beta":false,"boss_relics":[],"items_purged_floors":[],"is_endless":false,"potions_floor_spawned":[3,12],"killed_by":"The Guardian","ascension_level":14}