{"gold_per_floor":[116,135,154,173,98,129,129,155,155,175,185,185,185,23,23,100,100,115,40,90,110,126,126,146,163,210,58,58,92,17,17],"floor_reached":31,"playtime":1059,"items_purged":["Regret","Strike_G"],"score":494,"play_id":"4f059a97-6951-4013-aabb-819714df7d6d","local_time":"20190708184716","is_ascension_mode":true,"campfire_choices":[{"data":"Neutralize","floor":7.0,"key":"SMITH"},{"data":"Well Laid Plans","floor":13.0,"key":"SMITH"},{"data":"Storm of Steel","floor":15.0,"key":"SMITH"},{"data":"Adrenaline","floor":23.0,"key":"SMITH"},{"floor":28.0,"key":"REST"}],"neow_cost":"TEN_PERCENT_HP_LOSS","seed_source_timestamp":0,"circlet_count":0,"master_deck":["AscendersBane","Strike_G","Strike_G","Strike_G","Defend_G","Defend_G","Defend_G","Defend_G","Defend_G","Survivor","Neutralize+1","All Out Attack","Backflip","Sucker Punch","Poisoned Stab","Well Laid Plans","Endless Agony","Deadly Poison","Well Laid Plans+1","Storm of Steel+1","Adrenaline+1","Dodge and Roll","Choke","Blur","All Out Attack+1","Escape Plan","Backflip","Sucker Punch+1","Crippling Poison"],"special_seed":0,"relics":["Ring of the Snake","Bird Faced Urn","Bag of Preparation","Bag of Marbles","Mummified Hand","Tough Bandages","Sozu","Omamori","Red Mask"],"potions_floor_usage":[],"damage_taken":[{"damage":8.0,"enemies":"Cultist","floor":1.0,"turns":5.0},{"damage":3.0,"enemies":"2 Louse","floor":2.0,"turns":2.0},{"damage":3.0,"enemies":"Small Slimes","floor":3.0,"turns":4.0},{"damage":5.0,"enemies":"Blue Slaver","floor":4.0,"turns":5.0},{"damage":6.0,"enemies":"Gremlin Nob","floor":6.0,"turns":3.0},{"damage":7.0,"enemies":"3 Sentries","floor":8.0,"turns":5.0},{"damage":0.0,"enemies":"Lots of Slimes","floor":10.0,"turns":2.0},{"damage":0.0,"enemies":"Looter","floor":11.0,"turns":2.0},{"damage":19.0,"enemies":"Hexaghost","floor":16.0,"turns":11.0},{"damage":1.0,"enemies":"Chosen","floor":18.0,"turns":2.0},{"damage":0.0,"enemies":"3 Byrds","floor":21.0,"turns":4.0},{"damage":17.0,"enemies":"Cultist and Chosen","floor":22.0,"turns":6.0},{"damage":32.0,"enemies":"Chosen and Byrds","floor":24.0,"turns":7.0},{"damage":0.0,"enemies":"3 Cultists","floor":25.0,"turns":4.0},{"damage":22.0,"enemies":"Masked Bandits","floor":29.0,"turns":4.0},{"damage":23,"enemies":"Gremlin Leader","floor":31,"turns":2}],"seed_played":"-2613755776746047401","potions_obtained":[{"floor":2.0,"key":"Explosive Potion"},{"floor":4.0,"key":"FearPotion"},{"floor":6.0,"key":"SpeedPotion"},{"floor":10.0,"key":"SneckoOil"},{"floor":16.0,"key":"Block Potion"}],"is_trial":false,"path_per_floor":["M","M","M","M","?","E","R","E","T","M","M","?","R","$","R","B",null,"M","$","?","M","M","R","M","M","T","$","R","?","$","E"],"character_chosen":"THE_SILENT","items_purchased":["Storm of Steel","Backflip","Crippling Poison"],"campfire_rested":1,"item_purchase_floors":[14,27,30],"current_hp_per_floor":[51,48,45,40,40,34,34,29,29,31,33,33,33,33,33,18,50,53,53,53,57,43,43,15,19,19,19,37,19,19,0],"gold":17,"neow_bonus":"ONE_RARE_RELIC","is_prod":false,"is_daily":false,"chose_seed":false,"campfire_upgraded":4,"win_rate":0,"timestamp":1562608036,"path_taken":["M","M","?","M","?","E","R","E","T","M","M","?","R","$","R","BOSS","M","$","?","M","?","R","M","M","T","$","R","?","$","E"],"build_version":"2019-07-05","purchased_purges":2,"victory":false,"max_hp_per_floor":[60,60,60,60,60,60,60,60,60,60,60,60,60,60,60,60,60,60,60,60,60,60,60,60,60,60,60,60,60,60,60],"card_choices":[{"not_picked":["Deflect","Quick Slash"],"picked":"All Out Attack","floor":1.0},{"not_picked":["Terror","Bane"],"picked":"Backflip","floor":2.0},{"not_picked":["Night Terror","Bane"],"picked":"Sucker Punch","floor":3.0},{"not_picked":["Leg Sweep","Escape Plan"],"picked":"Poisoned Stab","floor":4.0},{"not_picked":["Blade Dance","Terror"],"picked":"Well Laid Plans","floor":6.0},{"not_picked":["Slice","Underhanded Strike"],"picked":"Endless Agony","floor":8.0},{"not_picked":["Quick Slash","Backflip"],"picked":"Deadly Poison","floor":10.0},{"not_picked":["Prepared","Eviscerate"],"picked":"Well Laid Plans","floor":11.0},{"not_picked":["Wraith Form v2","Die Die Die"],"picked":"Adrenaline","floor":16.0},{"not_picked":["Flechettes","PiercingWail"],"picked":"Dodge and Roll","floor":18.0},{"not_picked":["Blur","Acrobatics"],"picked":"Choke","floor":21.0},{"not_picked":["Dagger Throw","Deflect"],"picked":"Blur","floor":22.0},{"not_picked":["Bane","Quick Slash"],"picked":"All Out Attack+1","floor":24.0},{"not_picked":["Tactician","Choke"],"picked":"Escape Plan","floor":25.0},{"not_picked":["Masterful Stab","Outmaneuver"],"picked":"Sucker Punch+1","floor":29.0}],"player_experience":1544621,"relics_obtained":[{"floor":6.0,"key":"Bag of Preparation"},{"floor":8.0,"key":"Bag of Marbles"},{"floor":9.0,"key":"Mummified Hand"},{"floor":26.0,"key":"Omamori"},{"floor":29.0,"key":"Red Mask"}],"event_choices":[{"cards_removed":["Strike_G"],"damage_healed":0.0,"max_hp_gain":0.0,"max_hp_loss":0.0,"gold_gain":0.0,"event_name":"The Cleric","player_choice":"Card Removal","floor":5.0,"gold_loss":75.0,"damage_taken":0.0},{"damage_healed":0.0,"max_hp_gain":0.0,"max_hp_loss":0.0,"gold_gain":0.0,"event_name":"Big Fish","player_choice":"Box","floor":12.0,"gold_loss":0.0,"damage_taken":0.0,"relics_obtained":["Tough Bandages"],"cards_obtained":["Regret"]},{"damage_healed":0.0,"max_hp_gain":0.0,"max_hp_loss":0.0,"gold_gain":50.0,"event_name":"Golden Shrine","player_choice":"Pray","floor":20.0,"gold_loss":0.0,"damage_taken":0.0},{"damage_healed":0.0,"max_hp_gain":0.0,"max_hp_loss":0.0,"gold_gain":0.0,"event_name":"Masked Bandits","player_choice":"Fought Bandits","floor":29.0,"gold_loss":0.0,"damage_taken":0.0}],"is_beta":false,"boss_relics":[{"not_picked":["Cursed Key","Ectoplasm"],"picked":"Sozu"}],"items_purged_floors":[19,27],"is_endless":false,"potions_floor_spawned":[2,4,6,10,16,22,25,29],"killed_by":"Gremlin Leader","ascension_level":20}