{"gold_per_floor":[109,64,239,239,249,249,312,312,388,388,402,402,414,430,430,534,534,546,546,471,139,139,167,167,182,182,215,215,229,249,284,284,387,387,406,406,425,425,439,439],"floor_reached":40,"playtime":1467,"items_purged":[],"score":413,"play_id":"af040adb-8e57-4e5a-9231-c821739f2cf7","local_time":"20190202192829","is_ascension_mode":false,"campfire_choices":[{"data":"Zap","floor":6,"key":"SMITH"},{"floor":8,"key":"REST"},{"floor":10,"key":"REST"},{"floor":15,"key":"REST"},{"floor":24,"key":"REST"},{"floor":32,"key":"REST"}],"neow_cost":"NONE","seed_source_timestamp":434337468124328,"circlet_count":0,"master_deck":["Strike_B","Strike_B","Strike_B","Defend_B","Defend_B","Defend_B","Defend_B","Zap+1","Dualcast","Sweeping Beam","Conserve Battery","Defragment+1","Ball Lightning","Cold Snap","Conserve Battery","Biased Cognition","Auto Shields","Hello World","Force Field+1","Defragment+1","White Noise+1","Tempest","Double Energy","Amplify","Coolheaded","Conserve Battery+1","Trip","Glacier"],"relics":["Cracked Core","Peace Pipe","Meat on the Bone","Spirit Poop","Sozu","Bottled Tornado","Lantern","Turnip","Dodecahedron","Red Mask"],"potions_floor_usage":[],"damage_taken":[{"damage":2,"enemies":"Small Slimes","floor":1,"turns":3},{"damage":5,"enemies":"2 Louse","floor":5,"turns":2},{"damage":51,"enemies":"Gremlin Nob","floor":7,"turns":6},{"damage":6,"enemies":"Cultist","floor":11,"turns":3},{"damage":1,"enemies":"3 Louse","floor":13,"turns":3},{"damage":5,"enemies":"Looter","floor":14,"turns":3},{"damage":34,"enemies":"Slime Boss","floor":16,"turns":11},{"damage":17,"enemies":"2 Thieves","floor":18,"turns":4},{"damage":30,"enemies":"Gremlin Leader","floor":23,"turns":7},{"damage":1,"enemies":"Shell Parasite","floor":25,"turns":5},{"damage":14,"enemies":"Book of Stabbing","floor":27,"turns":5},{"damage":0,"enemies":"Snecko","floor":29,"turns":5},{"damage":15,"enemies":"Centurion and Healer","floor":30,"turns":9},{"damage":19,"enemies":"Masked Bandits","floor":31,"turns":4},{"damage":25,"enemies":"Automaton","floor":33,"turns":11},{"damage":37,"enemies":"3 Darklings","floor":35,"turns":5},{"damage":12,"enemies":"3 Shapes","floor":37,"turns":6},{"damage":26,"enemies":"Transient","floor":39,"turns":5},{"damage":49,"enemies":"Giant Head","floor":40,"turns":8}],"seed_played":"-2275018990269256832","potions_obtained":[{"floor":7,"key":"Dexterity Potion"},{"floor":11,"key":"Strength Potion"},{"floor":16,"key":"Ancient Potion"}],"is_trial":false,"path_per_floor":["M","$","?","?","M","R","?","R","T","R","M","?","M","M","R","B",null,"M","?","?","$","?","E","R","M","T","E","?","M","M","?","R","B",null,"M","?","M","?","M","E"],"character_chosen":"DEFECT","items_purchased":["Conserve Battery","Bottled Tornado","Hello World"],"campfire_rested":5,"item_purchase_floors":[2,21,21],"current_hp_per_floor":[80,80,80,80,75,75,24,48,48,72,66,66,65,60,82,48,82,65,65,65,65,65,47,71,70,70,56,40,52,49,42,68,55,87,50,50,50,50,36,0],"gold":439,"neow_bonus":"TEN_PERCENT_HP_BONUS","is_prod":false,"is_daily":false,"chose_seed":false,"campfire_upgraded":1,"win_rate":0,"timestamp":1549164509,"path_taken":["M","$","?","?","?","R","?","R","T","R","M","?","M","?","R","BOSS","M","?","?","$","?","E","R","?","T","E","?","M","M","?","R","BOSS","M","?","M","?","M","E"],"build_version":"2019-01-23","purchased_purges":0,"victory":false,"max_hp_per_floor":[82,82,82,82,82,82,82,82,82,82,82,82,82,82,82,82,82,82,82,82,82,82,82,82,82,82,82,87,87,87,87,87,87,87,87,87,87,87,87,87],"card_choices":[{"not_picked":["Barrage","Compile Driver"],"picked":"Sweeping Beam","floor":1},{"not_picked":["Coolheaded","Darkness"],"picked":"Defragment","floor":5},{"not_picked":["Skim","Rebound"],"picked":"Ball Lightning","floor":7},{"not_picked":["Streamline","Aggregate"],"picked":"Cold Snap","floor":11},{"not_picked":["Gash","Storm","Steam"],"picked":"SKIP","floor":13},{"not_picked":["Redo","Ball Lightning"],"picked":"Conserve Battery","floor":14},{"not_picked":["Fission","All For One"],"picked":"Biased Cognition","floor":16},{"not_picked":["Beam Cell","Rebound"],"picked":"Auto Shields","floor":18},{"not_picked":["Steam Power","Fusion"],"picked":"Force Field+1","floor":23},{"not_picked":["Sweeping Beam","Rebound+1"],"picked":"Defragment+1","floor":25},{"not_picked":["Static Discharge","Hologram"],"picked":"White Noise+1","floor":27},{"not_picked":["Turbo","Fusion","Fission"],"picked":"SKIP","floor":29},{"not_picked":["Sweeping Beam","Coolheaded"],"picked":"Tempest","floor":30},{"not_picked":["Consume","Recycle"],"picked":"Double Energy","floor":31},{"not_picked":["Buffer","Biased Cognition"],"picked":"Amplify","floor":33},{"not_picked":["Rebound","Barrage+1"],"picked":"Coolheaded","floor":35},{"not_picked":["Gash+1","Beam Cell"],"picked":"Conserve Battery+1","floor":37},{"not_picked":["Deep Breath","Flash of Steel"],"picked":"Trip","floor":38},{"not_picked":["FTL+1","Heatsinks"],"picked":"Glacier","floor":39}],"player_experience":182777,"relics_obtained":[{"floor":7,"key":"Peace Pipe"},{"floor":9,"key":"Meat on the Bone"},{"floor":23,"key":"Lantern"},{"floor":26,"key":"Turnip"},{"floor":27,"key":"Dodecahedron"},{"floor":31,"key":"Red Mask"}],"event_choices":[{"damage_healed":0,"gold_gain":175,"player_choice":"AGREE","damage_taken":0,"max_hp_gain":0,"max_hp_loss":0,"event_name":"Liars Game","floor":3,"gold_loss":0,"cards_obtained":["Doubt"]},{"damage_healed":0,"gold_gain":0,"player_choice":"Ignored","damage_taken":0,"max_hp_gain":0,"max_hp_loss":0,"event_name":"NoteForYourself","floor":4,"gold_loss":0},{"damage_healed":0,"gold_gain":0,"player_choice":"Searched \u00271\u0027 times","damage_taken":0,"max_hp_gain":0,"max_hp_loss":0,"event_name":"Dead Adventurer","floor":7,"gold_loss":0},{"cards_removed":["Doubt"],"damage_healed":0,"gold_gain":0,"player_choice":"Offered Curse","damage_taken":0,"relics_obtained":["Spirit Poop"],"max_hp_gain":0,"max_hp_loss":0,"event_name":"Bonfire Elementals","floor":12,"gold_loss":0},{"damage_healed":0,"gold_gain":0,"player_choice":"Ignored","damage_taken":0,"max_hp_gain":0,"max_hp_loss":0,"event_name":"Vampires","floor":19,"gold_loss":0},{"cards_removed":["Strike_B"],"damage_healed":0,"gold_gain":0,"player_choice":"Gave Gold","damage_taken":0,"max_hp_gain":0,"max_hp_loss":0,"event_name":"Beggar","floor":20,"gold_loss":75},{"damage_healed":0,"gold_gain":0,"player_choice":"Upgraded","damage_taken":0,"max_hp_gain":0,"max_hp_loss":0,"event_name":"Upgrade Shrine","floor":22,"gold_loss":0,"cards_upgraded":["Defragment"]},{"damage_healed":0,"gold_gain":0,"player_choice":"Shed Blood","damage_taken":21,"max_hp_gain":5,"max_hp_loss":0,"event_name":"Forgotten Altar","floor":28,"gold_loss":0},{"damage_healed":0,"gold_gain":0,"player_choice":"Fought Bandits","damage_taken":0,"max_hp_gain":0,"max_hp_loss":0,"event_name":"Masked Bandits","floor":31,"gold_loss":0},{"damage_healed":0,"gold_gain":0,"player_choice":"Ignored","damage_taken":0,"max_hp_gain":0,"max_hp_loss":0,"event_name":"Mysterious Sphere","floor":36,"gold_loss":0},{"damage_healed":0,"gold_gain":0,"player_choice":"Memory 1","damage_taken":0,"max_hp_gain":0,"max_hp_loss":0,"event_name":"SensoryStone","floor":38,"gold_loss":0}],"is_beta":false,"boss_relics":[{"not_picked":["Ectoplasm","Tiny House"],"picked":"Sozu"},{"not_picked":["Coffee Dripper","Velvet Choker","Snecko Eye"]}],"items_purged_floors":[],"is_endless":false,"potions_floor_spawned":[7,11,16,25,30,33,37],"killed_by":"Giant Head","ascension_level":0}