{"gold_per_floor":[113,123,138,153,153,153,153,153,153,153,167,187,70,83,83,83],"floor_reached":16,"playtime":410,"items_purged":[],"score":174,"play_id":"7929c8f1-ded9-4b00-96c3-ef6e38006a4f","local_time":"20180828203444","is_ascension_mode":true,"campfire_choices":[{"data":"Zap","floor":6,"key":"SMITH"},{"data":"1","floor":10,"key":"LIFT"},{"data":"2","floor":15,"key":"LIFT"}],"neow_cost":"NONE","seed_source_timestamp":4492134970013930,"circlet_count":0,"master_deck":["Strike_B","Strike_B","Strike_B","Defend_B","Defend_B","Defend_B","Zap+1","Dualcast","AscendersBane","Ball Lightning","Leap","Go for the Eyes","Sweeping Beam","Stack","Coolheaded","Conserve Battery","Self Repair","Leap"],"relics":["Cracked Core","Girya"],"potions_floor_usage":[16],"damage_taken":[{"damage":0,"enemies":"Cultist","floor":1,"turns":3},{"damage":3,"enemies":"Small Slimes","floor":2,"turns":3},{"damage":2,"enemies":"Jaw Worm","floor":3,"turns":4},{"damage":1,"enemies":"2 Fungi Beasts","floor":4,"turns":3},{"damage":8,"enemies":"Large Slime","floor":11,"turns":4},{"damage":6,"enemies":"Blue Slaver","floor":12,"turns":3},{"damage":16,"enemies":"Exordium Thugs","floor":14,"turns":4},{"damage":27,"enemies":"Hexaghost","floor":16,"turns":9}],"seed_played":"-2113583741842016670","potions_obtained":[{"floor":0,"key":"SmokeBomb"},{"floor":0,"key":"AttackPotion"}],"is_trial":false,"path_per_floor":["M","M","M","M","?","R","?","?","T","R","M","M","$","M","R"],"character_chosen":"DEFECT","items_purchased":["Conserve Battery","Self Repair"],"campfire_rested":0,"item_purchase_floors":[13,13],"current_hp_per_floor":[64,61,59,58,51,51,47,47,47,47,39,33,33,24,24,0],"gold":83,"neow_bonus":"THREE_SMALL_POTIONS","is_prod":false,"is_daily":false,"chose_seed":false,"campfire_upgraded":1,"win_rate":0,"timestamp":1535502884,"path_taken":["M","?","M","M","?","R","?","?","T","R","M","M","$","M","R","BOSS"],"build_version":"2018-08-23v2","purchased_purges":0,"victory":false,"max_hp_per_floor":[71,71,71,71,71,71,71,71,71,71,71,71,71,71,71,71],"card_choices":[{"not_picked":["Beam Cell","Conserve Battery"],"picked":"Ball Lightning","floor":1},{"not_picked":["Coolheaded","Lockon"],"picked":"Leap","floor":2},{"not_picked":["Darkness","Compile Driver"],"picked":"Go for the Eyes","floor":3},{"not_picked":["Redo","Genetic Algorithm"],"picked":"Sweeping Beam","floor":4},{"not_picked":["Redo","Thunder Strike"],"picked":"Coolheaded","floor":11},{"not_picked":["Fusion","Lockon","Heatsinks"],"picked":"SKIP","floor":12},{"not_picked":["Coolheaded","Stack"],"picked":"Leap","floor":14}],"player_experience":287692,"relics_obtained":[{"floor":9,"key":"Girya"}],"event_choices":[{"event_name":"Golden Wing","player_choice":"Card Removal","floor":5,"damage_taken":0},{"event_name":"The Woman in Blue","player_choice":"Bought 0 Potions","floor":7,"damage_taken":0},{"event_name":"Transmorgrifier","player_choice":"Transform","floor":8,"damage_taken":0}],"is_beta":false,"boss_relics":[],"items_purged_floors":[],"is_endless":false,"potions_floor_spawned":[4,14],"killed_by":"Hexaghost","ascension_level":17}