{"gold_per_floor":[117,117,130,52,52,86,103,129,129,129,129,129],"floor_reached":12,"playtime":270,"items_purged":[],"score":222,"play_id":"5eb616c8-91d5-4e7a-a6a6-905c13942907","local_time":"20190611202753","is_ascension_mode":true,"campfire_choices":[{"floor":10.0,"key":"REST"}],"neow_cost":"NONE","seed_source_timestamp":181036851056800,"circlet_count":0,"master_deck":["AscendersBane","Strike_B","Strike_B","Strike_B","Defend_B","Defend_B","Defend_B+1","Defend_B+1","Zap","Dualcast","Chill","Hologram","Genetic Algorithm","Cold Snap","Leap","Coolheaded"],"special_seed":0,"relics":["Cracked Core","NeowsBlessing","Shuriken","The Courier","Molten Egg 2"],"potions_floor_usage":[12,12],"damage_taken":[{"damage":0.0,"enemies":"2 Louse","floor":1.0,"turns":1.0},{"damage":0.0,"enemies":"Small Slimes","floor":3.0,"turns":1.0},{"damage":0.0,"enemies":"Lagavulin","floor":6.0,"turns":1.0},{"damage":0.0,"enemies":"Jaw Worm","floor":7.0,"turns":6.0},{"damage":14.0,"enemies":"3 Sentries","floor":8.0,"turns":11.0},{"damage":53,"enemies":"Gremlin Nob","floor":12,"turns":4}],"seed_played":"4593221901240885850","potions_obtained":[{"floor":3.0,"key":"AttackPotion"},{"floor":6.0,"key":"Dexterity Potion"},{"floor":8.0,"key":"SteroidPotion"}],"is_trial":false,"path_per_floor":["M","?","M","$","?","E","M","E","T","R","?","E"],"character_chosen":"DEFECT","items_purchased":["Genetic Algorithm"],"campfire_rested":1,"item_purchase_floors":[4],"current_hp_per_floor":[64,43,43,43,36,36,36,22,22,43,48,0],"gold":129,"neow_bonus":"THREE_ENEMY_KILL","is_prod":false,"is_daily":false,"chose_seed":false,"campfire_upgraded":0,"win_rate":0,"timestamp":1560281273,"path_taken":["M","?","M","$","?","E","M","E","T","R","?","E"],"build_version":"2019-01-23","purchased_purges":0,"victory":false,"max_hp_per_floor":[71,71,71,71,71,71,71,71,71,71,76,76],"card_choices":[{"not_picked":["Compile Driver","Skim"],"picked":"Chill","floor":1.0},{"not_picked":["Auto Shields","Beam Cell"],"picked":"Hologram","floor":3.0},{"not_picked":["Rebound","Reboot"],"picked":"Cold Snap","floor":6.0},{"not_picked":["Force Field","Compile Driver"],"picked":"Leap","floor":7.0},{"not_picked":["Stack","Melter"],"picked":"Coolheaded","floor":8.0}],"player_experience":1449093,"relics_obtained":[{"floor":6.0,"key":"Shuriken"},{"floor":8.0,"key":"The Courier"},{"floor":9.0,"key":"Molten Egg 2"}],"event_choices":[{"damage_healed":0.0,"max_hp_gain":0.0,"max_hp_loss":0.0,"gold_gain":0.0,"event_name":"Shining Light","player_choice":"Entered Light","floor":2.0,"gold_loss":0.0,"damage_taken":21.0,"cards_upgraded":["Defend_B","Defend_B"]},{"cards_removed":["Strike_B"],"damage_healed":0.0,"max_hp_gain":0.0,"max_hp_loss":0.0,"gold_gain":0.0,"event_name":"Golden Wing","player_choice":"Card Removal","floor":5.0,"gold_loss":0.0,"damage_taken":7.0},{"damage_healed":0.0,"max_hp_gain":5.0,"max_hp_loss":0.0,"gold_gain":0.0,"event_name":"Big Fish","player_choice":"Donut","floor":11.0,"gold_loss":0.0,"damage_taken":0.0}],"is_beta":false,"boss_relics":[],"items_purged_floors":[],"is_endless":false,"potions_floor_spawned":[3,6,8],"killed_by":"Gremlin Nob","ascension_level":20}