{"gold_per_floor":[117,117,117,117,134,164,164,164,164,221,233,265,265,300,300,373,373,392,392,107,32,82,112,112,56,56,56,68,68,31,58,58,58],"floor_reached":33,"playtime":846,"items_purged":[],"score":640,"play_id":"38376d21-ad19-4dea-83ad-72621a451006","local_time":"20190627175146","is_ascension_mode":true,"campfire_choices":[{"data":"Bash","floor":7.0,"key":"SMITH"},{"floor":13.0,"key":"REST"},{"floor":15.0,"key":"REST"},{"data":"Combust","floor":27,"key":"SMITH"},{"data":"True Grit","floor":29,"key":"SMITH"},{"data":"Spot Weakness","floor":32,"key":"SMITH"}],"neow_cost":"NONE","seed_source_timestamp":5289481069619784,"circlet_count":0,"master_deck":["AscendersBane","Strike_R","Strike_R","Strike_R","Defend_R","Defend_R","Defend_R","Defend_R","Bash+1","True Grit+1","Headbutt","Anger","Spot Weakness+1","Sword Boomerang","Reaper","Combust+1","True Grit+1","Armaments+1","Shrug It Off+1","Disarm+1","Burning Pact+1","Headbutt+1"],"special_seed":0,"relics":["Burning Blood","NeowsBlessing","Ginger","CultistMask","Bronze Scales","Charon\u0027s Ashes","Du-Vu Doll","Bag of Preparation","Philosopher\u0027s Stone","Vajra","Toxic Egg 2","Oddly Smooth Stone","Strawberry","Dodecahedron"],"potions_floor_usage":[33],"damage_taken":[{"damage":0.0,"enemies":"Jaw Worm","floor":1.0,"turns":1.0},{"damage":0.0,"enemies":"Cultist","floor":5.0,"turns":1.0},{"damage":0.0,"enemies":"3 Sentries","floor":6.0,"turns":2.0},{"damage":3.0,"enemies":"Small Slimes","floor":11.0,"turns":3.0},{"damage":59.0,"enemies":"Lagavulin","floor":12.0,"turns":9.0},{"damage":25.0,"enemies":"3 Sentries","floor":14.0,"turns":5.0},{"damage":27.0,"enemies":"Slime Boss","floor":16.0,"turns":7.0},{"damage":24,"enemies":"2 Thieves","floor":18,"turns":3},{"damage":54,"enemies":"Slavers","floor":23,"turns":4},{"damage":9,"enemies":"Chosen","floor":28,"turns":3},{"damage":6,"enemies":"Book of Stabbing","floor":31,"turns":5},{"damage":79,"enemies":"Collector","floor":33,"turns":9}],"seed_played":"7583103289982382018","potions_obtained":[{"floor":1.0,"key":"Dexterity Potion"},{"floor":14.0,"key":"Fire Potion"},{"floor":16.0,"key":"GamblersBrew"},{"floor":28,"key":"Fire Potion"}],"is_trial":false,"path_per_floor":["M","$","?","?","M","E","R","?","T","?","M","E","R","E","R","B",null,"M","?","$","?","?","E","?","$","T","R","M","R","$","E","R","B"],"character_chosen":"IRONCLAD","items_purchased":["Toxic Egg 2","Shrug It Off+1","Burning Pact+1"],"campfire_rested":2,"item_purchase_floors":[20,25,30],"current_hp_per_floor":[74,74,63,63,69,75,75,75,75,75,75,22,44,25,47,26,63,65,65,65,65,65,44,44,44,51,51,57,57,57,57,57,0],"gold":58,"neow_bonus":"THREE_ENEMY_KILL","is_prod":false,"is_daily":false,"chose_seed":false,"campfire_upgraded":4,"win_rate":0,"timestamp":1561672306,"path_taken":["M","$","?","?","?","E","R","?","T","?","M","E","R","E","R","BOSS","M","?","?","?","?","E","?","$","T","R","?","R","$","E","R","BOSS"],"build_version":"2019-01-23","purchased_purges":0,"victory":false,"max_hp_per_floor":[75,75,75,75,75,75,75,75,75,75,75,75,75,75,75,75,75,75,75,75,75,75,75,75,75,82,82,82,82,82,82,82,82],"card_choices":[{"not_picked":["Thunderclap","Anger"],"picked":"True Grit","floor":1.0},{"not_picked":["Corruption","Iron Wave"],"picked":"Headbutt","floor":5.0},{"not_picked":["Wild Strike","Corruption","Anger"],"picked":"SKIP","floor":6.0},{"not_picked":["Armaments","Iron Wave"],"picked":"Anger","floor":11.0},{"not_picked":["Cleave","Intimidate"],"picked":"Spot Weakness","floor":12.0},{"not_picked":["Flex","Flame Barrier"],"picked":"Sword Boomerang","floor":14.0},{"not_picked":["Bludgeon","Brutality"],"picked":"Reaper","floor":16.0},{"not_picked":["Rage","Shrug It Off"],"picked":"Combust","floor":18},{"not_picked":["Carnage","Body Slam"],"picked":"True Grit+1","floor":23},{"not_picked":["Thunderclap","Shrug It Off+1"],"picked":"Disarm+1","floor":28},{"not_picked":["Body Slam","Pommel Strike"],"picked":"Headbutt+1","floor":31}],"player_experience":796956,"relics_obtained":[{"floor":6.0,"key":"Bronze Scales"},{"floor":9.0,"key":"Charon\u0027s Ashes"},{"floor":12.0,"key":"Du-Vu Doll"},{"floor":14.0,"key":"Bag of Preparation"},{"floor":23,"key":"Oddly Smooth Stone"},{"floor":26,"key":"Strawberry"},{"floor":31,"key":"Dodecahedron"}],"event_choices":[{"damage_healed":0.0,"max_hp_gain":0.0,"max_hp_loss":0.0,"gold_gain":0.0,"event_name":"Scrap Ooze","player_choice":"Success","floor":3.0,"gold_loss":0.0,"damage_taken":11.0,"relics_obtained":["Ginger"]},{"damage_healed":0.0,"max_hp_gain":0.0,"max_hp_loss":0.0,"gold_gain":0.0,"event_name":"FaceTrader","player_choice":"Trade","floor":4.0,"gold_loss":0.0,"damage_taken":0.0,"relics_obtained":["CultistMask"]},{"damage_healed":0.0,"max_hp_gain":0.0,"max_hp_loss":0.0,"gold_gain":0.0,"event_name":"Liars Game","player_choice":"Ignored","floor":8.0,"gold_loss":0.0,"damage_taken":0.0},{"damage_healed":0.0,"max_hp_gain":0.0,"max_hp_loss":0.0,"gold_gain":57.0,"event_name":"Golden Wing","player_choice":"Gained Gold","floor":10.0,"gold_loss":0.0,"damage_taken":0.0},{"damage_healed":0,"gold_gain":0,"player_choice":"Gave Potion","damage_taken":0,"relics_obtained":["Vajra"],"max_hp_gain":0,"max_hp_loss":0,"event_name":"WeMeetAgain","floor":19,"gold_loss":0},{"cards_removed":["Strike_R"],"damage_healed":0,"gold_gain":0,"player_choice":"Gave Gold","damage_taken":0,"max_hp_gain":0,"max_hp_loss":0,"event_name":"Beggar","floor":21,"gold_loss":75},{"damage_healed":0,"gold_gain":50,"player_choice":"Stole From Cult","damage_taken":0,"max_hp_gain":0,"max_hp_loss":0,"event_name":"Nest","floor":22,"gold_loss":0},{"damage_healed":0,"gold_gain":0,"cards_transformed":["Strike_R"],"player_choice":"Transformed","damage_taken":0,"max_hp_gain":0,"max_hp_loss":0,"event_name":"Transmorgrifier","floor":24,"gold_loss":0,"cards_obtained":["Armaments"]}],"is_beta":false,"boss_relics":[{"not_picked":["Pandora\u0027s Box","Lizard Tail"],"picked":"Philosopher\u0027s Stone"}],"items_purged_floors":[],"is_endless":false,"potions_floor_spawned":[1,14,16,28],"killed_by":"Collector","ascension_level":20}