{"gold_per_floor":[109,109,109,121,138,138,84,114,137,137,137],"floor_reached":11,"playtime":250,"items_purged":[],"score":142,"play_id":"91bbb6ef-5ad2-4645-a4d3-587f6e36b29e","local_time":"20190413204623","is_ascension_mode":true,"campfire_choices":[{"data":"Neutralize","floor":6.0,"key":"SMITH"},{"floor":10.0,"key":"REST"}],"neow_cost":"NONE","seed_source_timestamp":9786796403071042,"circlet_count":0,"master_deck":["AscendersBane","Defend_G","Defend_G+1","Defend_G","Defend_G","Defend_G","Strike_G","Strike_G","Strike_G","Strike_G","Strike_G","Survivor+1","Neutralize+1","Cloak And Dagger","Caltrops","Cloak And Dagger","Dagger Spray","Leg Sweep"],"special_seed":0,"relics":["Ring of the Snake","NeowsBlessing","Omamori","Strawberry"],"potions_floor_usage":[],"damage_taken":[{"damage":0.0,"enemies":"Jaw Worm","floor":1.0,"turns":1.0},{"damage":0.0,"enemies":"2 Louse","floor":4.0,"turns":1.0},{"damage":0.0,"enemies":"Small Slimes","floor":5.0,"turns":1.0},{"damage":26.0,"enemies":"3 Sentries","floor":8.0,"turns":10.0},{"damage":55,"enemies":"Lagavulin","floor":11,"turns":13}],"seed_played":"4859376576460873989","potions_obtained":[{"floor":5.0,"key":"Fire Potion"}],"is_trial":false,"path_per_floor":["M","?","?","M","M","R","$","E","T","R","E"],"character_chosen":"THE_SILENT","items_purchased":["Dagger Spray"],"campfire_rested":1,"item_purchase_floors":[7],"current_hp_per_floor":[59,64,43,43,43,43,43,17,24,47,0],"gold":137,"neow_bonus":"THREE_ENEMY_KILL","is_prod":false,"is_daily":false,"chose_seed":false,"campfire_upgraded":1,"win_rate":0,"timestamp":1555202783,"path_taken":["M","?","?","M","M","R","$","E","T","R","E"],"build_version":"2019-01-23","purchased_purges":0,"victory":false,"max_hp_per_floor":[66,71,71,71,71,71,71,71,78,78,78],"card_choices":[{"not_picked":["Choke","Slice"],"picked":"Cloak And Dagger","floor":1.0},{"not_picked":["Blade Dance","Underhanded Strike"],"picked":"Caltrops","floor":4.0},{"not_picked":["Poisoned Stab","Dodge and Roll"],"picked":"Cloak And Dagger","floor":5.0},{"not_picked":["Finisher","Doppelganger"],"picked":"Leg Sweep","floor":8.0}],"player_experience":637486,"relics_obtained":[{"floor":8.0,"key":"Omamori"},{"floor":9.0,"key":"Strawberry"}],"event_choices":[{"damage_healed":0.0,"max_hp_gain":5.0,"max_hp_loss":0.0,"gold_gain":0.0,"event_name":"Big Fish","player_choice":"Donut","floor":2.0,"gold_loss":0.0,"damage_taken":0.0},{"damage_healed":0.0,"max_hp_gain":0.0,"max_hp_loss":0.0,"gold_gain":0.0,"event_name":"Shining Light","player_choice":"Entered Light","floor":3.0,"gold_loss":0.0,"damage_taken":21.0,"cards_upgraded":["Survivor","Defend_G"]}],"is_beta":false,"boss_relics":[],"items_purged_floors":[],"is_endless":false,"potions_floor_spawned":[5],"killed_by":"Lagavulin","ascension_level":20}