{"gold_per_floor":[112,75,75,75,150,188,188,168,168,199,217,217,257,270,270,361,361,382,185,110,123,393,393,408,408],"floor_reached":25,"playtime":669,"items_purged":[],"score":534,"play_id":"90b3e690-d534-40a8-8a07-1097b4435888","local_time":"20190708171017","is_ascension_mode":true,"campfire_choices":[{"data":"Zap","floor":7,"key":"SMITH"},{"data":"Ball Lightning","floor":15,"key":"SMITH"},{"floor":23,"key":"REST"}],"neow_cost":"NONE","seed_source_timestamp":2130929698520199,"circlet_count":0,"master_deck":["AscendersBane","Strike_B","Strike_B","Strike_B+1","Defend_B","Defend_B","Defend_B","Defend_B","Zap+1","Dualcast","Leap","Loop+1","Ball Lightning+1","Leap+1","Beam Cell+1","All For One+1","Beam Cell+1","Magnetism","Ball Lightning+1","Beam Cell+1"],"relics":["Cracked Core","NeowsBlessing","Golden Idol","Meat on the Bone","Bottled Flame","Molten Egg 2","Anchor","Runic Pyramid"],"potions_floor_usage":[16,24,25],"damage_taken":[{"damage":0,"enemies":"Small Slimes","floor":1,"turns":1},{"damage":0,"enemies":"Gremlin Nob","floor":6,"turns":1},{"damage":0,"enemies":"3 Sentries","floor":10,"turns":1},{"damage":3,"enemies":"2 Louse","floor":11,"turns":4},{"damage":21,"enemies":"Lagavulin","floor":13,"turns":7},{"damage":0,"enemies":"Cultist","floor":14,"turns":3},{"damage":19,"enemies":"Slime Boss","floor":16,"turns":7},{"damage":0,"enemies":"Chosen","floor":18,"turns":4},{"damage":24,"enemies":"Shell Parasite","floor":21,"turns":4},{"damage":17,"enemies":"3 Cultists","floor":24,"turns":5},{"damage":38,"enemies":"Gremlin Leader","floor":25,"turns":7}],"seed_played":"5403740213369258604","potions_obtained":[{"floor":1,"key":"Explosive Potion"},{"floor":6,"key":"EssenceOfSteel"},{"floor":16,"key":"GamblersBrew"}],"is_trial":false,"path_per_floor":["M","$","?","?","?","E","R","?","T","E","M","?","E","M","R","B",null,"M","$","?","M","?","R","M","E"],"character_chosen":"DEFECT","items_purchased":["Loop","Magnetism"],"campfire_rested":1,"item_purchase_floors":[2,19],"current_hp_per_floor":[64,64,64,64,53,53,53,53,53,53,50,31,22,34,34,27,55,55,55,55,43,19,38,33,0],"gold":408,"neow_bonus":"THREE_ENEMY_KILL","is_prod":false,"is_daily":false,"chose_seed":false,"campfire_upgraded":2,"win_rate":0,"timestamp":1562631017,"path_taken":["M","$","?","?","?","E","R","?","T","E","?","?","E","M","R","BOSS","M","$","?","M","?","R","M","E"],"build_version":"2019-07-05","purchased_purges":0,"victory":false,"max_hp_per_floor":[71,71,64,64,64,64,64,64,64,64,64,64,64,64,64,64,64,64,64,64,64,64,64,64,64],"card_choices":[{"not_picked":["Skim","Melter"],"picked":"Leap","floor":1},{"not_picked":["Go for the Eyes","Conserve Battery"],"picked":"Ball Lightning","floor":6},{"not_picked":["Stack","Steam"],"picked":"Leap","floor":10},{"not_picked":["Streamline+1","Rebound+1"],"picked":"Beam Cell+1","floor":11},{"not_picked":["Rebound+1","Steam","Hologram"],"picked":"SKIP","floor":13},{"not_picked":["Rebound+1","Genetic Algorithm","Coolheaded"],"picked":"SKIP","floor":14},{"not_picked":["Core Surge+1","Rainbow"],"picked":"All For One+1","floor":16},{"not_picked":["Leap","Aggregate"],"picked":"Beam Cell+1","floor":18},{"not_picked":["Stack","Lockon+1"],"picked":"Ball Lightning+1","floor":21},{"not_picked":["Redo","Lockon+1"],"picked":"Beam Cell+1","floor":24}],"player_experience":1242643,"relics_obtained":[{"floor":6,"key":"Meat on the Bone"},{"floor":9,"key":"Bottled Flame"},{"floor":10,"key":"Molten Egg 2"},{"floor":13,"key":"Anchor"}],"event_choices":[{"damage_healed":0,"gold_gain":0,"player_choice":"Lose Max HP","damage_taken":0,"relics_obtained":["Golden Idol"],"max_hp_gain":0,"max_hp_loss":7,"event_name":"Golden Idol","floor":3,"gold_loss":0},{"damage_healed":0,"gold_gain":0,"player_choice":"Grow","damage_taken":0,"max_hp_gain":0,"max_hp_loss":0,"event_name":"Living Wall","floor":4,"gold_loss":0,"cards_upgraded":["Loop"]},{"damage_healed":0,"gold_gain":75,"player_choice":"Gather Gold","damage_taken":11,"max_hp_gain":0,"max_hp_loss":0,"event_name":"World of Goop","floor":5,"gold_loss":0},{"damage_healed":0,"gold_gain":0,"player_choice":"Bought 1 Potion","damage_taken":0,"max_hp_gain":0,"max_hp_loss":0,"event_name":"The Woman in Blue","floor":8,"gold_loss":0},{"damage_healed":0,"gold_gain":0,"player_choice":"Entered Light","damage_taken":19,"max_hp_gain":0,"max_hp_loss":0,"event_name":"Shining Light","floor":12,"gold_loss":0,"cards_upgraded":["Leap","Strike_B"]},{"cards_removed":["Strike_B"],"damage_healed":0,"gold_gain":0,"player_choice":"Gave Gold","damage_taken":0,"max_hp_gain":0,"max_hp_loss":0,"event_name":"Beggar","floor":20,"gold_loss":75},{"damage_healed":0,"gold_gain":270,"player_choice":"GOLD GOLD GOLD ","damage_taken":24,"max_hp_gain":0,"max_hp_loss":0,"event_name":"Knowing Skull","floor":22,"potions_obtained":[],"gold_loss":0,"cards_obtained":[]}],"is_beta":false,"boss_relics":[{"not_picked":["Inserter","Ectoplasm"],"picked":"Runic Pyramid"}],"items_purged_floors":[],"is_endless":false,"potions_floor_spawned":[1,6,16,21],"killed_by":"Gremlin Leader","ascension_level":20}