{"gold_per_floor":[409,424,424,58,58,58,58,58,81,101,111,130,130,142,142,216,216,235,235,52,52,52,52,82,82,129,181,181,181,181,195,195,195],"floor_reached":33,"playtime":842,"items_purged":["Strike_G","Strike_G"],"score":502,"play_id":"b006479e-7b4b-429f-88ba-3014c7e17f62","local_time":"20190502193343","is_ascension_mode":true,"campfire_choices":[{"data":"Noxious Fumes","floor":6,"key":"SMITH"},{"data":"Sadistic Nature","floor":8,"key":"SMITH"},{"data":"Neutralize","floor":13,"key":"SMITH"},{"data":"Caltrops","floor":15,"key":"SMITH"},{"floor":23,"key":"REST"},{"floor":25,"key":"REST"},{"floor":30,"key":"REST"},{"floor":32,"key":"REST"}],"neow_cost":"PERCENT_DAMAGE","seed_source_timestamp":458480539353979,"circlet_count":0,"master_deck":["AscendersBane","Defend_G+1","Defend_G+1","Defend_G+1","Defend_G+1","Defend_G+1","Strike_G+1","Strike_G+1","Survivor","Neutralize+1","Crippling Poison","Cloak And Dagger","Noxious Fumes+1","Sadistic Nature+1","Catalyst","Cloak And Dagger","Backflip","Caltrops+1","After Image","Blade Dance","Decay","Infinite Blades","Writhe","PiercingWail","Necronomicurse","Poisoned Stab+1"],"relics":["Ring of the Serpent","Old Coin","Du-Vu Doll","Potion Belt","PreservedInsect","Molten Egg 2","Boot","Art of War","Necronomicon"],"potions_floor_usage":[16,33],"damage_taken":[{"damage":3,"enemies":"Cultist","floor":1,"turns":4},{"damage":1,"enemies":"Small Slimes","floor":2,"turns":4},{"damage":4,"enemies":"2 Louse","floor":10,"turns":3},{"damage":3,"enemies":"2 Fungi Beasts","floor":11,"turns":4},{"damage":4,"enemies":"Gremlin Gang","floor":12,"turns":5},{"damage":3,"enemies":"3 Louse","floor":14,"turns":2},{"damage":2,"enemies":"Hexaghost","floor":16,"turns":8},{"damage":12,"enemies":"3 Byrds","floor":18,"turns":4},{"damage":36,"enemies":"Book of Stabbing","floor":24,"turns":6},{"damage":10,"enemies":"Spheric Guardian","floor":31,"turns":5},{"damage":66,"enemies":"Champ","floor":33,"turns":12}],"seed_played":"7532781185387081790","potions_obtained":[{"floor":10,"key":"SteroidPotion"},{"floor":12,"key":"Regen Potion"},{"floor":14,"key":"Energy Potion"},{"floor":31,"key":"Ancient Potion"}],"is_trial":false,"path_per_floor":["M","M","?","$","?","R","?","R","T","M","M","M","R","M","R","B",null,"M","?","$","?","?","R","E","R","T","T","$","?","R","M","R","B"],"character_chosen":"THE_SILENT","items_purchased":["Noxious Fumes","Sadistic Nature","Infinite Blades"],"campfire_rested":4,"item_purchase_floors":[4,4,20],"current_hp_per_floor":[41,40,62,62,36,36,36,36,36,32,29,25,25,22,22,35,58,46,46,46,46,46,65,29,48,48,48,48,27,46,36,55,0],"gold":195,"neow_bonus":"ONE_RARE_RELIC","is_prod":false,"is_daily":false,"chose_seed":false,"campfire_upgraded":4,"win_rate":0,"timestamp":1556840023,"path_taken":["M","?","?","$","?","R","?","R","T","M","M","?","R","M","R","BOSS","M","?","$","?","?","R","E","R","T","?","$","?","R","M","R","BOSS"],"build_version":"2019-01-23","purchased_purges":2,"victory":false,"max_hp_per_floor":[66,66,66,66,66,66,66,66,66,66,66,66,66,66,66,66,66,66,66,66,66,66,66,66,66,66,66,66,66,66,66,66,66],"card_choices":[{"not_picked":["Acrobatics","PiercingWail"],"picked":"Crippling Poison","floor":1},{"not_picked":["Deflect","Prepared"],"picked":"Cloak And Dagger","floor":2},{"not_picked":["Noxious Fumes","PiercingWail"],"picked":"Catalyst","floor":10},{"not_picked":["Dagger Throw","Reflex"],"picked":"Cloak And Dagger","floor":11},{"not_picked":["Distraction","Finisher"],"picked":"Backflip","floor":12},{"not_picked":["Sucker Punch","PiercingWail"],"picked":"Caltrops","floor":14},{"not_picked":["Unload","Burst"],"picked":"After Image","floor":16},{"not_picked":["Masterful Stab+1","Dagger Throw"],"picked":"Blade Dance","floor":18},{"not_picked":["Skewer","Deadly Poison"],"picked":"PiercingWail","floor":24},{"not_picked":["Setup","Deflect"],"picked":"Poisoned Stab+1","floor":31}],"player_experience":669919,"relics_obtained":[{"floor":9,"key":"Potion Belt"},{"floor":24,"key":"Molten Egg 2"},{"floor":26,"key":"Boot"},{"floor":27,"key":"Art of War"},{"floor":29,"key":"Necronomicon"}],"event_choices":[{"damage_healed":22,"gold_gain":0,"player_choice":"Banana","damage_taken":0,"max_hp_gain":0,"max_hp_loss":0,"event_name":"Big Fish","floor":3,"gold_loss":0},{"damage_healed":0,"gold_gain":0,"player_choice":"Success","damage_taken":26,"relics_obtained":["Du-Vu Doll"],"max_hp_gain":0,"max_hp_loss":0,"event_name":"Scrap Ooze","floor":5,"gold_loss":0},{"cards_removed":["Strike_G"],"damage_healed":0,"gold_gain":0,"player_choice":"Offered Basic","damage_taken":0,"max_hp_gain":0,"max_hp_loss":0,"event_name":"Bonfire Elementals","floor":7,"gold_loss":0},{"damage_healed":0,"gold_gain":0,"player_choice":"Smashed Altar","damage_taken":0,"max_hp_gain":0,"max_hp_loss":0,"event_name":"Forgotten Altar","floor":19,"gold_loss":0,"cards_obtained":["Decay"]},{"damage_healed":0,"gold_gain":0,"player_choice":"Simplicity","damage_taken":0,"max_hp_gain":0,"max_hp_loss":0,"event_name":"Back to Basics","floor":21,"gold_loss":0,"cards_upgraded":["Defend_G","Defend_G","Defend_G","Defend_G","Defend_G","Strike_G","Strike_G"]},{"damage_healed":0,"gold_gain":0,"player_choice":"Opened","damage_taken":0,"relics_obtained":["PreservedInsect"],"max_hp_gain":0,"max_hp_loss":0,"event_name":"The Mausoleum","floor":22,"gold_loss":0,"cards_obtained":["Writhe"]},{"damage_healed":0,"gold_gain":0,"player_choice":"Obtained Book","damage_taken":21,"max_hp_gain":0,"max_hp_loss":0,"event_name":"Cursed Tome","floor":29,"gold_loss":0}],"is_beta":false,"boss_relics":[{"not_picked":["Busted Crown","Snecko Eye"],"picked":"Ring of the Serpent"}],"items_purged_floors":[4,20],"is_endless":false,"potions_floor_spawned":[10,12,14,31],"killed_by":"Champ","ascension_level":20}