{"gold_per_floor":[112,112,126,126,126,156,156,170,194,194,213,231,248,278,278,383,383,401,68,68,87,87,99,139,151,186,210,222,283,21,55,55,55],"floor_reached":33,"playtime":1402,"items_purged":["Strike_G"],"score":370,"play_id":"17aab408-131c-4d99-ab52-50a1058bfaf9","local_time":"20180804004029","is_ascension_mode":true,"campfire_choices":[{"data":"Dash","floor":7,"key":"SMITH"},{"data":"Dodge and Roll","floor":10,"key":"SMITH"},{"floor":15,"key":"REST"},{"floor":23,"key":"REST"},{"data":"Cloak And Dagger","floor":25,"key":"SMITH"},{"floor":28,"key":"REST"},{"floor":32,"key":"REST"}],"neow_cost":"NONE","seed_source_timestamp":2346420422177491,"circlet_count":0,"master_deck":["Defend_G+1","Defend_G","Defend_G","Defend_G+1","Defend_G","Strike_G","Strike_G","Strike_G","Strike_G","Survivor","Neutralize+1","Dodge and Roll+1","Dash+1","Dodge and Roll+1","Riddle With Holes","Dagger Spray","Skewer","Corpse Explosion","Cloak And Dagger+1","Quick Slash+1","Backflip","Blade Dance+1","Footwork","Dagger Spray"],"special_seed":0,"relics":["Ring of the Serpent","Bronze Scales","Snake Skull","Tiny Chest","Shuriken","MawBank","Centennial Puzzle","War Paint","Oddly Smooth Stone","TwistedFunnel","Blood Vial"],"potions_floor_usage":[6,16,16,16,31,31],"damage_taken":[{"damage":13.0,"enemies":"Small Slimes","floor":1.0,"turns":4.0},{"damage":0.0,"enemies":"2 Louse","floor":3.0,"turns":4.0},{"damage":17,"enemies":"Gremlin Nob","floor":6,"turns":5},{"damage":1,"enemies":"Cultist","floor":8,"turns":3},{"damage":0,"enemies":"Looter","floor":11,"turns":3},{"damage":13,"enemies":"Large Slime","floor":12,"turns":8},{"damage":0,"enemies":"Gremlin Gang","floor":13,"turns":5},{"damage":43,"enemies":"Slime Boss","floor":16,"turns":15},{"damage":30,"enemies":"Spheric Guardian","floor":18,"turns":7},{"damage":0,"enemies":"Shell Parasite","floor":21,"turns":7},{"damage":0,"enemies":"Gremlin Leader","floor":24,"turns":8},{"damage":14,"enemies":"Snake Plant","floor":27,"turns":5},{"damage":20,"enemies":"Slavers","floor":31,"turns":2},{"damage":75,"enemies":"Automaton","floor":33,"turns":10}],"seed_played":"5256150503955719977","potions_obtained":[{"floor":1.0,"key":"AttackPotion"},{"floor":3.0,"key":"PowerPotion"},{"floor":11,"key":"SteroidPotion"},{"floor":12,"key":"GhostInAJar"},{"floor":21,"key":"PowerPotion"},{"floor":27,"key":"Fire Potion"},{"floor":31,"key":"SneckoOil"}],"is_trial":false,"path_per_floor":["M","?","M","?","$","E","R","M","T","R","M","M","M","T","R","B",null,"M","$","?","M","?","R","E","R","T","M","R","T","$","E","R"],"character_chosen":"THE_SILENT","items_purchased":["Shuriken","Footwork","TwistedFunnel"],"campfire_rested":4,"item_purchase_floors":[19,30,30],"current_hp_per_floor":[57,57,57,57,57,40,40,39,39,39,39,26,26,26,47,4,70,40,40,40,40,40,61,61,61,61,47,68,68,68,48,69,0],"gold":55,"neow_bonus":"UPGRADE_CARD","is_prod":false,"is_daily":false,"chose_seed":false,"campfire_upgraded":3,"win_rate":0,"timestamp":1533357629,"path_taken":["M","?","M","?","$","E","R","M","T","R","M","M","?","?","R","BOSS","M","$","?","M","?","R","E","R","T","M","R","?","$","E","R","BOSS"],"build_version":"2018-08-02","purchased_purges":1,"victory":false,"max_hp_per_floor":[70,70,70,70,70,70,70,70,70,70,70,70,70,70,70,70,70,70,70,70,70,70,70,70,70,70,70,70,70,70,70,70,70],"card_choices":[{"not_picked":["Quick Slash","Dash"],"picked":"Dodge and Roll","floor":1.0},{"not_picked":["Tactician","All Out Attack","Calculated Gamble"],"picked":"SKIP","floor":3.0},{"not_picked":["Escape Plan","Masterful Stab"],"picked":"Dash","floor":6},{"not_picked":["Catalyst","Slice"],"picked":"Dodge and Roll","floor":8},{"not_picked":["Masterful Stab","Expertise"],"picked":"Riddle With Holes","floor":11},{"not_picked":["Acrobatics","Prepared"],"picked":"Dagger Spray","floor":12},{"not_picked":["Slice","Flechettes"],"picked":"Skewer","floor":13},{"not_picked":["Wraith Form v2","Night Terror"],"picked":"Corpse Explosion","floor":16},{"not_picked":["Quick Slash","Masterful Stab"],"picked":"Cloak And Dagger","floor":18},{"not_picked":["Skewer","Eviscerate"],"picked":"Quick Slash+1","floor":21},{"not_picked":["Catalyst","Poisoned Stab"],"picked":"Backflip","floor":24},{"not_picked":["Dodge and Roll","Deadly Poison+1"],"picked":"Blade Dance+1","floor":27},{"not_picked":["Quick Slash","Heel Hook"],"picked":"Dagger Spray","floor":31}],"player_experience":207148,"relics_obtained":[{"floor":6,"key":"Bronze Scales"},{"floor":9,"key":"Snake Skull"},{"floor":14,"key":"Tiny Chest"},{"floor":24,"key":"Centennial Puzzle"},{"floor":26,"key":"War Paint"},{"floor":29,"key":"Oddly Smooth Stone"},{"floor":31,"key":"Blood Vial"}],"event_choices":[{"event_name":"Liars Game","player_choice":"disagreed","floor":2.0,"damage_taken":0.0},{"event_name":"Living Wall","player_choice":"Grow","floor":4.0,"damage_taken":0.0},{"event_name":"Ghosts","player_choice":"Ignored","floor":20,"damage_taken":0},{"event_name":"The Mausoleum","player_choice":"Yes","floor":22,"damage_taken":0}],"is_beta":false,"boss_relics":[{"not_picked":["Orrery","WristBlade"],"picked":"Ring of the Serpent"}],"items_purged_floors":[19],"is_endless":false,"potions_floor_spawned":[1,3,11,12,21,27,31],"killed_by":"Automaton","ascension_level":4}