{"gold_per_floor":[119,119,119,138,138,163,182,213,250,277,318,330,342,369,381,393],"floor_reached":16,"playtime":370,"items_purged":[],"score":340,"play_id":"cbf8e5d8-4ef2-4da0-a746-c3b0650a8390","local_time":"20190515192555","is_ascension_mode":true,"campfire_choices":[{"floor":15,"key":"REST"}],"neow_cost":"NONE","seed_source_timestamp":1581430623540635,"circlet_count":0,"master_deck":["AscendersBane","Defend_G","Defend_G","Defend_G","Defend_G","Defend_G","Strike_G","Strike_G","Strike_G","Strike_G","Strike_G","Survivor","Neutralize","Dagger Throw","Skewer","Caltrops","Dodge and Roll","Flying Knee","Footwork","After Image","Riddle With Holes"],"special_seed":0,"relics":["Ring of the Snake","NeowsBlessing","Regal Pillow","CultistMask","PreservedInsect","MawBank","Bag of Marbles","Singing Bowl","The Courier"],"potions_floor_usage":[14],"damage_taken":[{"damage":0.0,"enemies":"2 Louse","floor":1.0,"turns":1.0},{"damage":0.0,"enemies":"Jaw Worm","floor":4.0,"turns":1.0},{"damage":0.0,"enemies":"Lagavulin","floor":6.0,"turns":1.0},{"damage":0.0,"enemies":"Cultist","floor":7.0,"turns":3.0},{"damage":0.0,"enemies":"Gremlin Nob","floor":8.0,"turns":2.0},{"damage":17,"enemies":"3 Louse","floor":10,"turns":3},{"damage":17,"enemies":"3 Sentries","floor":11,"turns":9},{"damage":5,"enemies":"Exordium Thugs","floor":14,"turns":6},{"damage":0,"enemies":"Slime Boss","floor":16,"turns":3}],"seed_played":"-6195357696651285804","potions_obtained":[{"floor":4.0,"key":"SteroidPotion"},{"floor":7.0,"key":"SteroidPotion"},{"floor":11,"key":"Block Potion"}],"is_trial":false,"path_per_floor":["M","?","?","M","?","E","M","E","T","M","E","T","?","M","R","B"],"character_chosen":"THE_SILENT","items_purchased":[],"campfire_rested":1,"item_purchase_floors":[],"current_hp_per_floor":[59,41,41,41,41,41,41,41,41,24,7,7,7,2,36,36],"gold":393,"neow_bonus":"THREE_ENEMY_KILL","is_prod":false,"is_daily":false,"chose_seed":false,"campfire_upgraded":0,"win_rate":0,"timestamp":1557962755,"path_taken":["M","?","?","?","?","E","M","E","T","M","E","?","?","M","R","BOSS"],"build_version":"2019-01-23","purchased_purges":0,"victory":false,"max_hp_per_floor":[66,66,66,66,66,66,66,66,66,66,66,66,66,66,66,66],"card_choices":[{"not_picked":["Acrobatics","Blade Dance"],"picked":"Dagger Throw","floor":1.0},{"not_picked":["Deflect","Crippling Poison"],"picked":"Skewer","floor":4.0},{"not_picked":["Prepared","Reflex"],"picked":"Caltrops","floor":6.0},{"not_picked":["Storm of Steel","Flechettes"],"picked":"Dodge and Roll","floor":7.0},{"not_picked":["Prepared","Backstab"],"picked":"Flying Knee","floor":8},{"not_picked":["Quick Slash","Dagger Spray"],"picked":"Footwork","floor":10},{"not_picked":["Cloak And Dagger","Sucker Punch"],"picked":"After Image","floor":11},{"not_picked":["Skewer","Flying Knee"],"picked":"Riddle With Holes","floor":14}],"player_experience":686735,"relics_obtained":[{"floor":6.0,"key":"PreservedInsect"},{"floor":8,"key":"MawBank"},{"floor":9,"key":"Bag of Marbles"},{"floor":11,"key":"Singing Bowl"},{"floor":12,"key":"The Courier"}],"event_choices":[{"damage_healed":0.0,"max_hp_gain":0.0,"max_hp_loss":0.0,"gold_gain":0.0,"event_name":"Scrap Ooze","player_choice":"Success","floor":2.0,"gold_loss":0.0,"damage_taken":18.0,"relics_obtained":["Regal Pillow"]},{"damage_healed":0.0,"max_hp_gain":0.0,"max_hp_loss":0.0,"gold_gain":0.0,"event_name":"FaceTrader","player_choice":"Trade","floor":3.0,"gold_loss":0.0,"damage_taken":0.0,"relics_obtained":["CultistMask"]},{"damage_healed":0.0,"max_hp_gain":0.0,"max_hp_loss":0.0,"gold_gain":0.0,"event_name":"Liars Game","player_choice":"Ignored","floor":5.0,"gold_loss":0.0,"damage_taken":0.0},{"damage_healed":0,"gold_gain":0,"player_choice":"0 cards matched","damage_taken":0,"max_hp_gain":0,"max_hp_loss":0,"event_name":"Match and Keep!","floor":13,"gold_loss":0,"cards_obtained":[]}],"is_beta":false,"boss_relics":[],"items_purged_floors":[],"is_endless":false,"potions_floor_spawned":[4,7,11],"killed_by":"Slime Boss","ascension_level":20}