{"gold_per_floor":[117,134,147,222,239,239,250,250,250,250,276,276,294],"floor_reached":13,"playtime":416,"items_purged":[],"score":87,"play_id":"1366349b-7d7b-4ab9-98a1-0b40ab795126","local_time":"20190705192814","is_ascension_mode":false,"campfire_choices":[{"data":"Bash","floor":6,"key":"SMITH"},{"floor":12,"key":"REST"}],"neow_cost":"NONE","seed_source_timestamp":5987107745558767,"circlet_count":0,"master_deck":["Strike_R","Strike_R","Strike_R","Strike_R","Defend_R","Defend_R","Defend_R","Defend_R","Bash+1","Twin Strike"],"relics":["Burning Blood","Bottled Flame","Dream Catcher"],"potions_floor_usage":[11],"damage_taken":[{"damage":3,"enemies":"Jaw Worm","floor":1,"turns":4},{"damage":7,"enemies":"2 Louse","floor":2,"turns":3},{"damage":1,"enemies":"Cultist","floor":3,"turns":3},{"damage":30,"enemies":"Exordium Thugs","floor":5,"turns":7},{"damage":18,"enemies":"Exordium Wildlife","floor":7,"turns":6},{"damage":26,"enemies":"Lagavulin","floor":11,"turns":5},{"damage":14,"enemies":"Blue Slaver","floor":13,"turns":4}],"seed_played":"7730765293941893803","potions_obtained":[{"floor":1,"key":"AttackPotion"},{"floor":2,"key":"PowerPotion"},{"floor":3,"key":"Strength Potion"},{"floor":13,"key":"Poison Potion"}],"is_trial":false,"path_per_floor":["M","M","M","?","M","R","M","?","T","$","E","R","M"],"character_chosen":"IRONCLAD","items_purchased":[],"campfire_rested":1,"item_purchase_floors":[],"current_hp_per_floor":[80,79,80,69,45,45,33,33,33,33,13,37,29],"gold":294,"neow_bonus":"TRANSFORM_CARD","is_prod":false,"is_daily":false,"chose_seed":false,"campfire_upgraded":1,"win_rate":0,"timestamp":1562369294,"path_taken":["M","M","M","?","M","R","M","?","T","$","E","R","M"],"build_version":"2019-07-05","purchased_purges":0,"victory":false,"max_hp_per_floor":[80,80,80,80,80,80,80,80,80,80,80,80,80],"card_choices":[{"not_picked":["Pummel","Flame Barrier","Flex"],"picked":"SKIP","floor":1},{"not_picked":["Wild Strike","Ghostly Armor","Disarm"],"picked":"SKIP","floor":2},{"not_picked":["Clash","Warcry","Cleave"],"picked":"SKIP","floor":3},{"not_picked":["Body Slam","Flex","Rupture"],"picked":"SKIP","floor":5},{"not_picked":["Wild Strike","Rampage","Iron Wave"],"picked":"SKIP","floor":7},{"not_picked":["Warcry","Infernal Blade","Rage"],"picked":"SKIP","floor":11}],"player_experience":882535,"relics_obtained":[{"floor":9,"key":"Bottled Flame"},{"floor":11,"key":"Dream Catcher"}],"event_choices":[{"damage_healed":0,"gold_gain":75,"player_choice":"Gather Gold","damage_taken":11,"max_hp_gain":0,"max_hp_loss":0,"event_name":"World of Goop","floor":4,"gold_loss":0},{"damage_healed":0,"gold_gain":0,"player_choice":"Bought 0 Potions","damage_taken":0,"max_hp_gain":0,"max_hp_loss":0,"event_name":"The Woman in Blue","floor":8,"gold_loss":0}],"is_beta":false,"boss_relics":[],"items_purged_floors":[],"is_endless":false,"potions_floor_spawned":[1,2,3,13],"killed_by":"Blue Slaver","ascension_level":0}