{"gold_per_floor":[109,184,184,204,270,300,300,331,331,381,381],"floor_reached":11,"playtime":261,"items_purged":[],"score":105,"play_id":"95022ec2-906a-4d3b-9648-1e8bae7a18e1","local_time":"20180811122022","is_ascension_mode":true,"campfire_choices":[{"data":"Neutralize","floor":7,"key":"SMITH"}],"neow_cost":"NONE","seed_source_timestamp":2994188620210220,"circlet_count":0,"master_deck":["Defend_G","Defend_G","Defend_G","Defend_G","Defend_G","Strike_G","Strike_G+1","Strike_G","Strike_G+1","Strike_G","Survivor","Neutralize+1","Predator","Poisoned Stab","Dagger Throw","Blade Dance","Cloak And Dagger"],"special_seed":0,"relics":["Ring of the Snake","Snake Skull","SsserpentHead","Vajra","Smiling Mask","Whetstone"],"potions_floor_usage":[6,6,8],"damage_taken":[{"damage":4.0,"enemies":"2 Louse","floor":1.0,"turns":5.0},{"damage":1.0,"enemies":"Jaw Worm","floor":4.0,"turns":3.0},{"damage":0.0,"enemies":"Small Slimes","floor":5.0,"turns":3.0},{"damage":16,"enemies":"Lagavulin","floor":6,"turns":5},{"damage":16,"enemies":"Gremlin Nob","floor":8,"turns":3},{"damage":15,"enemies":"Exordium Thugs","floor":11,"turns":2}],"seed_played":"-1018488932867368760","potions_obtained":[{"floor":1.0,"key":"Dexterity Potion"},{"floor":5.0,"key":"AttackPotion"},{"floor":6,"key":"AttackPotion"}],"is_trial":false,"path_per_floor":["M","?","?","M","M","E","R","E","T","?"],"character_chosen":"THE_SILENT","items_purchased":[],"campfire_rested":0,"item_purchase_floors":[],"current_hp_per_floor":[59,48,48,47,47,31,31,15,15,15,0],"gold":381,"neow_bonus":"RANDOM_COMMON_RELIC","is_prod":false,"is_daily":false,"chose_seed":false,"campfire_upgraded":1,"win_rate":0,"timestamp":1534004422,"path_taken":["M","?","?","M","?","E","R","E","T","?","M"],"build_version":"2018-08-09","purchased_purges":0,"victory":false,"max_hp_per_floor":[70,70,70,70,70,70,70,70,70,70,70],"card_choices":[{"not_picked":["Backflip","Accuracy"],"picked":"Predator","floor":1.0},{"not_picked":["Concentrate","Underhanded Strike"],"picked":"Poisoned Stab","floor":4.0},{"not_picked":["Sucker Punch","Heel Hook"],"picked":"Dagger Throw","floor":5.0},{"not_picked":["Outmaneuver","Deadly Poison"],"picked":"Blade Dance","floor":6},{"not_picked":["Riddle With Holes","Sucker Punch"],"picked":"Cloak And Dagger","floor":8}],"player_experience":249894,"relics_obtained":[{"floor":6,"key":"Vajra"},{"floor":8,"key":"Smiling Mask"},{"floor":9,"key":"Whetstone"}],"event_choices":[{"event_name":"World of Goop","player_choice":"Gather Gold","floor":2.0,"damage_taken":0.0},{"event_name":"FaceTrader","player_choice":"Trade","floor":3.0,"damage_taken":0.0},{"event_name":"Shining Light","player_choice":"Ignored","floor":10,"damage_taken":0}],"is_beta":false,"boss_relics":[],"items_purged_floors":[],"is_endless":false,"potions_floor_spawned":[1,5,6],"killed_by":"Exordium Thugs","ascension_level":6}