{"gold_per_floor":[119,119,44,55,55,55,55,72,72,72,90,104,119,19,19,124,124,113,113,563,581,594,594,622,622,622,622,632,642,642,653,653,757,757,774,774,794,813,827,827,827],"floor_reached":41,"playtime":5216,"items_purged":["Defend_B","Strike_B"],"score":407,"play_id":"97c03920-f768-4484-90b3-c126473015c6","local_time":"20190709171324","is_ascension_mode":false,"campfire_choices":[{"data":"Zap","floor":6,"key":"SMITH"},{"data":"1","floor":15,"key":"LIFT"},{"floor":23,"key":"REST"},{"floor":25,"key":"REST"},{"floor":27,"key":"REST"},{"floor":30,"key":"REST"},{"data":"2","floor":32,"key":"LIFT"},{"data":"3","floor":40,"key":"LIFT"}],"neow_cost":"NONE","seed_source_timestamp":337235284802285,"circlet_count":0,"master_deck":["Strike_B","Strike_B","Defend_B","Defend_B","Defend_B","Zap+1","Dualcast","Reinforced Body+1","Auto Shields","Chill","Rainbow","Redo","Defragment","Rainbow","Streamline","Cold Snap","Skim","Lockon","Steam","Compile Driver+1","Ball Lightning","Streamline+1","Hello World","Coolheaded+1","Redo+1","Chill","Amplify","Auto Shields+1","Madness","Madness","Static Discharge+1","White Noise+1","Darkness+1"],"relics":["Cracked Core","Girya","Orrery","Anchor","Nunchaku","Philosopher\u0027s Stone"],"potions_floor_usage":[],"damage_taken":[{"damage":1,"enemies":"Jaw Worm","floor":1,"turns":3},{"damage":1,"enemies":"Cultist","floor":4,"turns":3},{"damage":0,"enemies":"2 Louse","floor":8,"turns":2},{"damage":0,"enemies":"Blue Slaver","floor":11,"turns":4},{"damage":0,"enemies":"Gremlin Gang","floor":12,"turns":6},{"damage":2,"enemies":"2 Fungi Beasts","floor":13,"turns":3},{"damage":5,"enemies":"Slime Boss","floor":16,"turns":7},{"damage":3,"enemies":"2 Thieves","floor":18,"turns":4},{"damage":2,"enemies":"Chosen","floor":21,"turns":4},{"damage":17,"enemies":"Sentry and Sphere","floor":22,"turns":5},{"damage":39,"enemies":"Book of Stabbing","floor":24,"turns":6},{"damage":4,"enemies":"Snecko","floor":28,"turns":5},{"damage":14,"enemies":"Snake Plant","floor":29,"turns":4},{"damage":0,"enemies":"Cultist and Chosen","floor":31,"turns":5},{"damage":69,"enemies":"Collector","floor":33,"turns":14},{"damage":8,"enemies":"3 Shapes","floor":35,"turns":5},{"damage":6,"enemies":"3 Darklings","floor":37,"turns":5},{"damage":14,"enemies":"Sphere and 2 Shapes","floor":38,"turns":5},{"damage":25,"enemies":"Maw","floor":39,"turns":9},{"damage":31,"enemies":"3 Darklings","floor":41,"turns":2}],"seed_played":"2144094040116849121","potions_obtained":[{"floor":1,"key":"Strength Potion"},{"floor":8,"key":"SteroidPotion"},{"floor":13,"key":"Swift Potion"},{"floor":22,"key":"FairyPotion"},{"floor":33,"key":"FocusPotion"}],"is_trial":false,"path_per_floor":["M","?","$","M","$","R","?","M","T","?","M","M","M","$","R","B",null,"M","$","?","M","M","R","E","R","T","R","M","M","R","M","R","B",null,"M","?","M","M","M","R","M"],"character_chosen":"DEFECT","items_purchased":[],"campfire_rested":4,"item_purchase_floors":[],"current_hp_per_floor":[81,81,81,80,80,80,73,73,73,78,78,78,76,76,76,71,87,84,84,36,34,17,43,4,30,30,56,52,38,64,64,64,8,87,79,68,62,48,23,23,0],"gold":827,"neow_bonus":"TEN_PERCENT_HP_BONUS","is_prod":false,"is_daily":false,"chose_seed":false,"campfire_upgraded":1,"win_rate":0.0,"timestamp":1562706804,"path_taken":["M","?","$","M","?","R","?","M","T","?","M","?","?","$","R","BOSS","M","$","?","M","M","R","E","R","T","R","?","M","R","M","R","BOSS","M","?","M","M","M","R","M"],"build_version":"2019-07-05","purchased_purges":2,"victory":false,"max_hp_per_floor":[82,82,82,82,82,82,82,82,82,87,87,87,87,87,87,87,87,87,87,87,87,87,87,87,87,87,87,87,87,87,87,87,87,87,87,87,87,87,87,87,87],"card_choices":[{"not_picked":["Streamline","Compile Driver"],"picked":"Reinforced Body","floor":1},{"not_picked":["Hologram","Scrape"],"picked":"Auto Shields","floor":4},{"not_picked":["Hologram","Leap"],"picked":"Chill","floor":8},{"not_picked":["Rip and Tear","Force Field"],"picked":"Rainbow","floor":11},{"not_picked":["Blizzard","Hologram"],"picked":"Redo","floor":12},{"not_picked":["Barrage","Leap"],"picked":"Defragment","floor":13},{"not_picked":["Thunder Strike","Buffer"],"picked":"Rainbow","floor":16},{"not_picked":["Leap","Gash"],"picked":"Streamline","floor":17},{"not_picked":["Steam","Gash"],"picked":"Cold Snap","floor":17},{"not_picked":["Leap","Consume"],"picked":"Skim","floor":17},{"not_picked":["Hologram","Coolheaded"],"picked":"Lockon","floor":17},{"not_picked":["Reinforced Body","Buffer"],"picked":"Steam","floor":17},{"not_picked":["Steam","Barrage"],"picked":"Compile Driver+1","floor":18},{"not_picked":["Steam","Stack"],"picked":"Ball Lightning","floor":21},{"not_picked":["Barrage","Hologram+1"],"picked":"Streamline+1","floor":22},{"not_picked":["Amplify","Gash"],"picked":"Hello World","floor":24},{"not_picked":["Skim","Darkness"],"picked":"Coolheaded+1","floor":28},{"not_picked":["Compile Driver","Sweeping Beam+1"],"picked":"Redo+1","floor":29},{"not_picked":["Compile Driver","Gash"],"picked":"Chill","floor":31},{"not_picked":["Multi-Cast","Creative AI"],"picked":"Amplify","floor":33},{"not_picked":["Conserve Battery","Double Energy"],"picked":"Auto Shields+1","floor":35},{"not_picked":["Scrape+1","Streamline+1"],"picked":"Static Discharge+1","floor":37},{"not_picked":["Chaos+1","Coolheaded"],"picked":"White Noise+1","floor":38},{"not_picked":["Hologram+1","Cold Snap+1"],"picked":"Darkness+1","floor":39}],"player_experience":17660,"relics_obtained":[{"floor":9,"key":"Girya"},{"floor":24,"key":"Anchor"},{"floor":26,"key":"Nunchaku"}],"event_choices":[{"damage_healed":0,"gold_gain":0,"player_choice":"Forge","damage_taken":0,"max_hp_gain":0,"max_hp_loss":0,"event_name":"Accursed Blacksmith","floor":2,"gold_loss":0,"cards_upgraded":["Reinforced Body"]},{"cards_removed":["Strike_B"],"damage_healed":0,"gold_gain":0,"player_choice":"Card Removal","damage_taken":7,"max_hp_gain":0,"max_hp_loss":0,"event_name":"Golden Wing","floor":7,"gold_loss":0},{"damage_healed":0,"gold_gain":0,"player_choice":"Donut","damage_taken":0,"max_hp_gain":5,"max_hp_loss":0,"event_name":"Big Fish","floor":10,"gold_loss":0},{"damage_healed":0,"gold_gain":450,"player_choice":"GOLD GOLD GOLD GOLD GOLD ","damage_taken":48,"max_hp_gain":0,"max_hp_loss":0,"event_name":"Knowing Skull","floor":20,"potions_obtained":[],"gold_loss":0,"cards_obtained":[]},{"damage_healed":0,"gold_gain":0,"player_choice":"Embrace Madness","damage_taken":11,"max_hp_gain":0,"max_hp_loss":0,"event_name":"Winding Halls","floor":36,"gold_loss":0,"cards_obtained":["Madness","Madness"]}],"is_beta":false,"boss_relics":[{"not_picked":["Sozu","Busted Crown"],"picked":"Orrery"},{"not_picked":["Runic Dome","Black Star"],"picked":"Philosopher\u0027s Stone"}],"items_purged_floors":[3,14],"is_endless":false,"potions_floor_spawned":[1,8,13,16,22,24,33,37],"killed_by":"3 Darklings","ascension_level":0}