{"gold_per_floor":[119,194,2,2,17,44,44,44,44,60,60,95,95,108,108,185,185,204,74,74,94,94,94,119,119,119,150,75,102,102,120,120,194,194,208,208,227,152,152,186,161,161,161,161,196,44,79,97,97,97],"floor_reached":51,"playtime":1638,"items_purged":["Writhe"],"score":1402,"play_id":"6a48665e-1934-444d-ad7d-445bda1d1c58","local_time":"20190126163554","is_ascension_mode":true,"campfire_choices":[{"data":"Uppercut","floor":8.0,"key":"SMITH"},{"data":"Bash","floor":11.0,"key":"SMITH"},{"data":"Metallicize","floor":13.0,"key":"SMITH"},{"data":"Pommel Strike","floor":15.0,"key":"SMITH"},{"data":"Demon Form","floor":23.0,"key":"SMITH"},{"floor":25.0,"key":"REST"},{"floor":32.0,"key":"REST"},{"data":"Shrug It Off","floor":42.0,"key":"SMITH"},{"data":"Impervious","floor":49,"key":"SMITH"}],"neow_cost":"NONE","seed_source_timestamp":3122891889801451,"circlet_count":0,"master_deck":["AscendersBane","Strike_R","Strike_R","Strike_R","Strike_R","Defend_R","Defend_R","Defend_R","Defend_R","Bash+1","Uppercut+1","Pommel Strike+1","Shrug It Off+1","Clothesline+1","Metallicize+1","Perfected Strike+1","Demon Form+1","Cleave+1","Uppercut+1","Shrug It Off","Heavy Blade+1","Shrug It Off","Uppercut+1","Whirlwind+1","Barricade","Body Slam+1","Perfected Strike+1","Sword Boomerang+1","Mind Blast+1","Impervious+1"],"special_seed":0,"relics":["Burning Blood","NeowsBlessing","Bag of Marbles","Molten Egg 2","Question Card","Ornamental Fan","Meat on the Bone","Snecko Eye","Bottled Tornado","Singing Bowl","Red Skull","Pen Nib","Thread and Needle","Eternal Feather","Orichalcum","Bottled Flame","Bag of Preparation","Bronze Scales","Mummified Hand"],"potions_floor_usage":[45,50],"damage_taken":[{"damage":0.0,"enemies":"Jaw Worm","floor":1.0,"turns":1.0},{"damage":0.0,"enemies":"Small Slimes","floor":5.0,"turns":1.0},{"damage":0.0,"enemies":"Lagavulin","floor":6.0,"turns":1.0},{"damage":0.0,"enemies":"Cultist","floor":10.0,"turns":2.0},{"damage":30.0,"enemies":"3 Sentries","floor":12.0,"turns":9.0},{"damage":12.0,"enemies":"Lots of Slimes","floor":14.0,"turns":3.0},{"damage":22.0,"enemies":"The Guardian","floor":16.0,"turns":10.0},{"damage":3.0,"enemies":"Chosen","floor":18.0,"turns":4.0},{"damage":2.0,"enemies":"2 Thieves","floor":21.0,"turns":2.0},{"damage":44.0,"enemies":"Slavers","floor":24.0,"turns":4.0},{"damage":7.0,"enemies":"Book of Stabbing","floor":27.0,"turns":3.0},{"damage":33.0,"enemies":"Slavers","floor":29.0,"turns":4.0},{"damage":3.0,"enemies":"Cultist and Chosen","floor":31.0,"turns":3.0},{"damage":8.0,"enemies":"Collector","floor":33.0,"turns":5.0},{"damage":0.0,"enemies":"3 Shapes","floor":35.0,"turns":6.0},{"damage":7.0,"enemies":"3 Darklings","floor":37.0,"turns":4.0},{"damage":20.0,"enemies":"Nemesis","floor":40.0,"turns":5.0},{"damage":59,"enemies":"Reptomancer","floor":45,"turns":7},{"damage":3,"enemies":"Nemesis","floor":47,"turns":3},{"damage":10,"enemies":"Sphere and 2 Shapes","floor":48,"turns":4},{"damage":60,"enemies":"Donu and Deca","floor":50,"turns":7}],"seed_played":"3034160525115862045","potions_obtained":[{"floor":6.0,"key":"Dexterity Potion"},{"floor":10.0,"key":"AttackPotion"},{"floor":16.0,"key":"AttackPotion"}],"is_trial":false,"path_per_floor":["M","?","$","?","M","E","T","R","T","M","R","E","R","M","R","B",null,"M","$","?","M","$","R","E","R","T","E","?","E","?","M","R","B",null,"M","?","M","$","?","E","$","R","T","?","E","$","E","M","R","B",null],"character_chosen":"IRONCLAD","items_purchased":["Bag of Marbles","Uppercut","Uppercut+1","Shrug It Off","Sword Boomerang+1","Bronze Scales"],"campfire_rested":2,"item_purchase_floors":[3,3,19,19,41,46],"current_hp_per_floor":[74,63,63,68,74,80,80,80,80,80,80,56,56,50,50,46,72,75,75,75,79,79,79,53,77,77,76,76,49,49,54,78,76,81,82,78,77,77,77,65,65,80,80,80,41,41,56,54,72,30],"gold":97,"neow_bonus":"THREE_ENEMY_KILL","is_prod":false,"is_daily":false,"chose_seed":false,"campfire_upgraded":7,"win_rate":0,"timestamp":1548538554,"path_taken":["M","?","$","?","M","E","?","R","T","M","R","E","R","?","R","BOSS","M","?","?","?","$","R","E","R","T","E","?","E","?","M","R","BOSS","M","?","M","$","?","E","?","R","T","?","E","$","E","M","R","BOSS"],"build_version":"2019-01-23","purchased_purges":1,"victory":true,"max_hp_per_floor":[75,75,75,80,80,80,80,80,80,80,80,80,80,80,80,80,80,80,80,80,80,80,80,80,80,80,80,80,80,80,82,82,82,82,82,78,78,78,78,80,80,80,80,80,82,82,82,84,84,84],"card_choices":[{"not_picked":["Thunderclap","Heavy Blade"],"picked":"Wild Strike","floor":1.0},{"not_picked":["Havoc","Carnage"],"picked":"Pommel Strike","floor":5.0},{"not_picked":["Impervious","Twin Strike"],"picked":"Shrug It Off","floor":6.0},{"not_picked":["Armaments","Wild Strike+1","Clash+1"],"picked":"Clothesline+1","floor":10.0},{"not_picked":["Fire Breathing","Sever Soul+1","Dark Embrace"],"picked":"Metallicize","floor":12.0},{"not_picked":["Inflame","Warcry","Thunderclap+1"],"picked":"Perfected Strike+1","floor":14.0},{"not_picked":["Immolate+1","Brutality","Exhume"],"picked":"Demon Form","floor":16.0},{"not_picked":["Combust","Rampage+1","Iron Wave+1"],"picked":"Cleave+1","floor":18.0},{"not_picked":["Seeing Red","Iron Wave+1","Havoc"],"picked":"Heavy Blade+1","floor":21.0},{"not_picked":["Offering","Power Through","Twin Strike+1"],"picked":"Shrug It Off","floor":24.0},{"not_picked":["Immolate+1","Heavy Blade+1","Intimidate"],"picked":"Uppercut+1","floor":27.0},{"not_picked":["Searing Blow+1","Cleave+1","Blood for Blood+1"],"picked":"Whirlwind+1","floor":29.0},{"not_picked":["Combust","Twin Strike+1","Cleave+1","Reckless Charge+1"],"picked":"Singing Bowl","floor":31.0},{"not_picked":["Berserk","Demon Form","Offering"],"picked":"Barricade","floor":33.0},{"not_picked":["Clothesline+1","Warcry+1","Disarm+1"],"picked":"Body Slam+1","floor":35.0},{"not_picked":["Sword Boomerang+1","Iron Wave+1","Anger+1"],"picked":"Perfected Strike+1","floor":37.0},{"not_picked":["Twin Strike+1","Blood for Blood+1","Anger+1","Shrug It Off"],"picked":"Singing Bowl","floor":40.0},{"not_picked":["Dark Shackles","Thinking Ahead","PanicButton"],"picked":"Mind Blast+1","floor":44},{"not_picked":["Warcry","Iron Wave+1","Seeing Red+1","Burning Pact"],"picked":"Singing Bowl","floor":45},{"not_picked":["Ghostly Armor+1","Feel No Pain","True Grit"],"picked":"Impervious","floor":47},{"not_picked":["Evolve","Anger+1","Flex","Hemokinesis+1"],"picked":"Singing Bowl","floor":48}],"player_experience":562090,"relics_obtained":[{"floor":6.0,"key":"Molten Egg 2"},{"floor":7.0,"key":"Question Card"},{"floor":9.0,"key":"Ornamental Fan"},{"floor":12.0,"key":"Meat on the Bone"},{"floor":24.0,"key":"Bottled Tornado"},{"floor":26.0,"key":"Singing Bowl"},{"floor":27.0,"key":"Red Skull"},{"floor":29.0,"key":"Pen Nib"},{"floor":40.0,"key":"Orichalcum"},{"floor":43,"key":"Bottled Flame"},{"floor":45,"key":"Bag of Preparation"},{"floor":47,"key":"Mummified Hand"}],"event_choices":[{"damage_healed":0.0,"max_hp_gain":0.0,"max_hp_loss":0.0,"gold_gain":75.0,"event_name":"World of Goop","player_choice":"Gather Gold","floor":2.0,"gold_loss":0.0,"damage_taken":11.0},{"damage_healed":0.0,"max_hp_gain":5.0,"max_hp_loss":0.0,"gold_gain":0.0,"event_name":"Big Fish","player_choice":"Donut","floor":4.0,"gold_loss":0.0,"damage_taken":0.0},{"damage_healed":0.0,"max_hp_gain":0.0,"max_hp_loss":0.0,"gold_gain":0.0,"event_name":"The Woman in Blue","player_choice":"Bought 0 Potions","floor":20.0,"gold_loss":0.0,"damage_taken":0.0},{"cards_removed":["Wild Strike"],"damage_healed":0.0,"max_hp_gain":0.0,"max_hp_loss":0.0,"gold_gain":0.0,"event_name":"Beggar","player_choice":"Gave Gold","floor":28.0,"gold_loss":75.0,"damage_taken":0.0},{"damage_healed":0.0,"max_hp_gain":0.0,"max_hp_loss":0.0,"gold_gain":0.0,"event_name":"The Mausoleum","player_choice":"Opened","floor":30.0,"gold_loss":0.0,"damage_taken":0.0,"relics_obtained":["Thread and Needle"],"cards_obtained":["Writhe"]},{"damage_healed":0.0,"max_hp_gain":0.0,"max_hp_loss":4.0,"gold_gain":0.0,"event_name":"Winding Halls","player_choice":"Max HP","floor":36.0,"gold_loss":0.0,"damage_taken":0.0},{"cards_removed":["Strike_R"],"damage_healed":0.0,"max_hp_gain":0.0,"max_hp_loss":0.0,"gold_gain":0.0,"event_name":"Falling","player_choice":"Removed Attack","floor":39.0,"gold_loss":0.0,"damage_taken":0.0},{"damage_healed":0,"gold_gain":0,"player_choice":"Memory 1","damage_taken":0,"max_hp_gain":0,"max_hp_loss":0,"event_name":"SensoryStone","floor":44,"gold_loss":0}],"is_beta":false,"boss_relics":[{"not_picked":["Black Star","Calling Bell"],"picked":"Snecko Eye"},{"not_picked":["Empty Cage","Philosopher\u0027s Stone"],"picked":"Eternal Feather"}],"items_purged_floors":[38],"is_endless":false,"potions_floor_spawned":[6,10,16,18,21,31,35],"ascension_level":14}