{"gold_per_floor":[218,218,175,225,244,244,256,312,312,312,329,345,46,66,66,142,142,154,169,169],"floor_reached":20,"playtime":728,"items_purged":[],"score":352,"play_id":"a71f235c-8e10-4ad9-907e-117c4000d830","local_time":"20190426230953","is_ascension_mode":true,"campfire_choices":[{"data":"Neutralize","floor":6.0,"key":"SMITH"},{"floor":10.0,"key":"REST"},{"data":"Bouncing Flask","floor":15.0,"key":"SMITH"}],"neow_cost":"NONE","seed_source_timestamp":10917831159236864,"circlet_count":0,"master_deck":["AscendersBane","Defend_G","Defend_G","Defend_G","Defend_G","Defend_G","Strike_G","Strike_G","Strike_G","Strike_G","Strike_G","Survivor","Neutralize+1","Backstab","Infinite Blades","Sucker Punch","Skewer","Quick Slash","Bouncing Flask+1","Heel Hook","Envenom","Accuracy","Predator"],"special_seed":0,"relics":["Ring of the Snake","Tiny Chest","The Courier","MealTicket","Orichalcum","Eternal Feather"],"potions_floor_usage":[19],"damage_taken":[{"damage":10.0,"enemies":"Cultist","floor":1.0,"turns":7.0},{"damage":0.0,"enemies":"Jaw Worm","floor":5.0,"turns":4.0},{"damage":0.0,"enemies":"2 Louse","floor":7.0,"turns":2.0},{"damage":32.0,"enemies":"Lagavulin","floor":8.0,"turns":10.0},{"damage":3.0,"enemies":"Red Slaver","floor":11.0,"turns":4.0},{"damage":0.0,"enemies":"3 Louse","floor":12.0,"turns":3.0},{"damage":4.0,"enemies":"Blue Slaver","floor":14.0,"turns":3.0},{"damage":21.0,"enemies":"Hexaghost","floor":16.0,"turns":9.0},{"damage":19,"enemies":"Shell Parasite","floor":18,"turns":5},{"damage":17,"enemies":"3 Byrds","floor":19,"turns":6},{"damage":25,"enemies":"Shelled Parasite and Fungi","floor":20,"turns":3}],"seed_played":"-7557256637545172235","potions_obtained":[{"floor":1.0,"key":"GhostInAJar"},{"floor":7.0,"key":"Dexterity Potion"},{"floor":16.0,"key":"GamblersBrew"}],"is_trial":false,"path_per_floor":["M","$","$","?","M","R","M","E","T","R","M","M","$","M","R","B",null,"M","M","M"],"character_chosen":"THE_SILENT","items_purchased":["Infinite Blades","MealTicket","Orichalcum"],"campfire_rested":1,"item_purchase_floors":[3,13,13],"current_hp_per_floor":[49,49,49,43,43,43,43,11,11,30,27,27,27,23,23,2,50,31,14,0],"gold":169,"neow_bonus":"HUNDRED_GOLD","is_prod":false,"is_daily":false,"chose_seed":false,"campfire_upgraded":2,"win_rate":0,"timestamp":1556334593,"path_taken":["M","?","$","?","?","R","M","E","T","R","M","M","$","M","R","BOSS","M","M","M"],"build_version":"2019-01-23","purchased_purges":0,"victory":false,"max_hp_per_floor":[66,66,66,66,66,66,66,66,66,66,66,66,66,66,66,66,66,66,66,66],"card_choices":[{"not_picked":["Reflex","Backflip"],"picked":"Backstab","floor":1.0},{"not_picked":["PiercingWail","Setup"],"picked":"Sucker Punch","floor":5.0},{"not_picked":["Acrobatics","Endless Agony","Outmaneuver"],"picked":"SKIP","floor":7.0},{"not_picked":["Outmaneuver","Finisher"],"picked":"Skewer","floor":8.0},{"not_picked":["Grand Finale","Acrobatics"],"picked":"Quick Slash","floor":11.0},{"not_picked":["Well Laid Plans","Blade Dance"],"picked":"Bouncing Flask","floor":12.0},{"not_picked":["Prepared","Outmaneuver"],"picked":"Heel Hook","floor":14.0},{"not_picked":["Doppelganger","Night Terror"],"picked":"Envenom","floor":16.0},{"not_picked":["Expertise","Quick Slash"],"picked":"Accuracy","floor":18},{"not_picked":["Bouncing Flask","Slice"],"picked":"Predator","floor":19}],"player_experience":660550,"relics_obtained":[{"floor":8.0,"key":"Tiny Chest"},{"floor":9.0,"key":"The Courier"}],"event_choices":[{"damage_healed":0.0,"max_hp_gain":0.0,"max_hp_loss":0.0,"gold_gain":50.0,"event_name":"FaceTrader","player_choice":"Touch","floor":4.0,"gold_loss":0.0,"damage_taken":6.0}],"is_beta":false,"boss_relics":[{"not_picked":["White Beast Statue","Fusion Hammer"],"picked":"Eternal Feather"}],"items_purged_floors":[],"is_endless":false,"potions_floor_spawned":[1,7,16,18],"killed_by":"Shelled Parasite and Fungi","ascension_level":20}