{"gold_per_floor":[114,189,189,189,203,203,233,249,249,274,285,285,312,326,326,424,424,441,455,474,491,116,116,130,130,130,144,244,264,264,278,278,373,373,389,50,65,78,96,96,48,48,48,48,98,122,122,132,132,132],"floor_reached":51,"playtime":2015,"items_purged":["Strike_B","Strike_B+1"],"score":752,"play_id":"06740acd-b41b-4944-bf76-e64be98b4083","local_time":"20181212170308","is_ascension_mode":true,"campfire_choices":[{"data":"Zap","floor":6.0,"key":"SMITH"},{"floor":12.0,"key":"REST"},{"data":"Hello World","floor":15.0,"key":"SMITH"},{"floor":23.0,"key":"REST"},{"data":"Coolheaded","floor":25.0,"key":"SMITH"},{"floor":32,"key":"REST"},{"floor":40,"key":"REST"},{"data":"Static Discharge","floor":42,"key":"SMITH"},{"data":"Creative AI","floor":47,"key":"SMITH"},{"floor":49,"key":"REST"}],"neow_cost":"NONE","seed_source_timestamp":958800072361977,"circlet_count":0,"master_deck":["Defend_B","Defend_B","Zap+1","Dualcast","Steam","Leap+1","Compile Driver","Go for the Eyes+1","Hello World+1","Sweeping Beam+1","Coolheaded+1","Ball Lightning+1","Meteor Strike+1","Cold Snap+1","Hologram+1","Ball Lightning+1","Melter+1","Cold Snap+1","Leap+1","Ball Lightning+1","Cold Snap+1","Creative AI+1","Chill+1","Gash+1","Heatsinks+1","Stack+1","Flash of Steel+1","Sunder+1","Static Discharge+1","Self Repair","Ball Lightning+1","Madness+1","Madness+1","Gash+1","FTL+1"],"special_seed":0,"relics":["Cracked Core","Molten Egg 2","Darkstone Periapt","Nunchaku","Bag of Marbles","Inserter","Torii","Mummified Hand","StoneCalendar","Toxic Egg 2","Astrolabe","DataDisk","Bottled Lightning","Calipers","Vajra"],"potions_floor_usage":[33,50,50,50],"damage_taken":[{"damage":3.0,"enemies":"Small Slimes","floor":1.0,"turns":3.0},{"damage":0.0,"enemies":"Cultist","floor":5.0,"turns":3.0},{"damage":4.0,"enemies":"3 Sentries","floor":7.0,"turns":9.0},{"damage":0.0,"enemies":"Jaw Worm","floor":8.0,"turns":3.0},{"damage":6.0,"enemies":"Lagavulin","floor":10.0,"turns":8.0},{"damage":0.0,"enemies":"Blue Slaver","floor":11.0,"turns":2.0},{"damage":13.0,"enemies":"Gremlin Nob","floor":13.0,"turns":4.0},{"damage":6.0,"enemies":"Red Slaver","floor":14.0,"turns":3.0},{"damage":12.0,"enemies":"The Guardian","floor":16.0,"turns":11.0},{"damage":0.0,"enemies":"Chosen","floor":18.0,"turns":4.0},{"damage":8.0,"enemies":"3 Byrds","floor":19.0,"turns":5.0},{"damage":25.0,"enemies":"Centurion and Healer","floor":20.0,"turns":8.0},{"damage":10.0,"enemies":"Chosen and Byrds","floor":21.0,"turns":4.0},{"damage":1.0,"enemies":"3 Cultists","floor":24.0,"turns":5.0},{"damage":1.0,"enemies":"Snecko","floor":27.0,"turns":3.0},{"damage":7.0,"enemies":"Colosseum Slavers","floor":28.0,"turns":3.0},{"damage":35.0,"enemies":"Colosseum Nobs","floor":28.0,"turns":4.0},{"damage":0,"enemies":"Chosen and Byrds","floor":29,"turns":3},{"damage":0,"enemies":"Cultist and Chosen","floor":31,"turns":6},{"damage":29,"enemies":"Champ","floor":33,"turns":11},{"damage":11,"enemies":"Orb Walker","floor":35,"turns":4},{"damage":10,"enemies":"3 Darklings","floor":37,"turns":5},{"damage":6,"enemies":"Spire Growth","floor":38,"turns":5},{"damage":9,"enemies":"Jaw Worm Horde","floor":39,"turns":4},{"damage":3,"enemies":"2 Orb Walkers","floor":45,"turns":4},{"damage":0,"enemies":"Sphere and 2 Shapes","floor":48,"turns":3},{"damage":54,"enemies":"Donu and Deca","floor":50,"turns":9}],"seed_played":"5780740604651573502","potions_obtained":[{"floor":4.0,"key":"Ancient Potion"},{"floor":4.0,"key":"LiquidBronze"},{"floor":4.0,"key":"Block Potion"},{"floor":13.0,"key":"Energy Potion"},{"floor":16.0,"key":"AttackPotion"},{"floor":20.0,"key":"PowerPotion"},{"floor":29,"key":"LiquidBronze"},{"floor":33,"key":"LiquidBronze"}],"is_trial":false,"path_per_floor":["M","?","?","?","M","R","E","M","T","E","M","R","E","M","R","B",null,"M","M","M","M","$","R","M","R","T","M","?","M","?","M","R","B",null,"M","$","M","M","M","R","$","R","T","?","?","T","R","M","R","B",null],"character_chosen":"DEFECT","items_purchased":["Torii","DataDisk","Flash of Steel+1","Ball Lightning+1"],"campfire_rested":5,"item_purchase_floors":[22,36,36,41],"current_hp_per_floor":[72,61,46,46,46,46,42,42,42,36,36,58,45,39,39,27,75,75,67,42,32,32,54,53,53,53,52,10,10,10,10,32,3,75,64,64,54,48,39,61,61,61,61,52,56,56,56,56,75,28],"gold":132,"neow_bonus":"THREE_CARDS","is_prod":false,"is_daily":false,"chose_seed":false,"campfire_upgraded":5,"win_rate":0,"timestamp":1544652188,"path_taken":["M","?","?","?","M","R","E","M","T","E","M","R","E","M","R","BOSS","M","M","?","M","$","R","M","R","T","M","?","M","?","M","R","BOSS","M","?","?","M","M","R","$","R","T","?","?","?","R","M","R","BOSS"],"build_version":"2018-12-06","purchased_purges":2,"victory":true,"max_hp_per_floor":[75,75,75,75,75,75,75,75,75,75,75,75,75,75,75,75,75,75,75,75,75,75,75,75,75,75,75,75,75,75,75,75,75,75,75,75,75,75,75,75,75,75,75,75,75,75,75,75,75,75],"card_choices":[{"not_picked":["Sweeping Beam","Fusion"],"picked":"Steam","floor":0.0},{"not_picked":["Steam","Scrape"],"picked":"Leap","floor":1.0},{"not_picked":["Steam","Rebound"],"picked":"Compile Driver","floor":5.0},{"not_picked":["Tempest","Conserve Battery"],"picked":"Go for the Eyes","floor":7.0},{"not_picked":["Steam Power","Hyperbeam+1","Reprogram"],"picked":"SKIP","floor":8.0},{"not_picked":["Streamline+1","Recycle"],"picked":"Hello World","floor":10.0},{"not_picked":["Storm","Heatsinks"],"picked":"Sweeping Beam+1","floor":11.0},{"not_picked":["Stack","Amplify"],"picked":"Coolheaded","floor":13.0},{"not_picked":["Scrape+1","White Noise"],"picked":"Ball Lightning+1","floor":14.0},{"not_picked":["Seek","All For One+1"],"picked":"Meteor Strike+1","floor":16.0},{"not_picked":["Rip and Tear+1","Go for the Eyes+1"],"picked":"Cold Snap+1","floor":18.0},{"not_picked":["Undo+1","Scrape+1"],"picked":"Hologram+1","floor":19.0},{"not_picked":["Hologram","Aggregate"],"picked":"Ball Lightning+1","floor":20.0},{"not_picked":["Barrage+1","Go for the Eyes+1"],"picked":"Melter+1","floor":21.0},{"not_picked":["Rip and Tear+1","Hello World+1","Leap"],"picked":"SKIP","floor":24.0},{"not_picked":["Streamline+1","Darkness"],"picked":"Cold Snap+1","floor":27.0},{"not_picked":["Fusion+1","Doom and Gloom+1"],"picked":"Leap","floor":28.0},{"not_picked":["Doom and Gloom+1","Coolheaded+1"],"picked":"Ball Lightning+1","floor":29},{"not_picked":["Undo+1","Sweeping Beam+1"],"picked":"Cold Snap+1","floor":31},{"not_picked":["Machine Learning","Meteor Strike+1"],"picked":"Creative AI","floor":33},{"not_picked":["Consume+1","Sweeping Beam+1"],"picked":"Stack+1","floor":35},{"not_picked":["Reprogram+1","Force Field+1"],"picked":"Sunder+1","floor":37},{"not_picked":["Steam+1","Melter+1"],"picked":"Static Discharge","floor":38},{"not_picked":["Cold Snap+1","Stack+1"],"picked":"Self Repair","floor":39},{"not_picked":["Stack+1","Beam Cell+1"],"picked":"Gash+1","floor":45},{"not_picked":["Cold Snap+1","Beam Cell+1"],"picked":"FTL+1","floor":48}],"player_experience":497865,"relics_obtained":[{"floor":7.0,"key":"Molten Egg 2"},{"floor":9.0,"key":"Darkstone Periapt"},{"floor":10.0,"key":"Nunchaku"},{"floor":13.0,"key":"Bag of Marbles"},{"floor":26.0,"key":"Mummified Hand"},{"floor":28.0,"key":"StoneCalendar"},{"floor":28.0,"key":"Toxic Egg 2"},{"floor":43,"key":"Bottled Lightning"},{"floor":45,"key":"Calipers"},{"floor":46,"key":"Vajra"}],"event_choices":[{"damage_healed":0.0,"max_hp_gain":0.0,"max_hp_loss":0.0,"gold_gain":75.0,"event_name":"World of Goop","player_choice":"Gather Gold","floor":2.0,"gold_loss":0.0,"damage_taken":11.0},{"damage_healed":0.0,"max_hp_gain":0.0,"max_hp_loss":0.0,"gold_gain":0.0,"event_name":"Shining Light","player_choice":"Entered Light","floor":3.0,"gold_loss":0.0,"damage_taken":15.0,"cards_upgraded":["Strike_B","Leap"]},{"damage_healed":0.0,"max_hp_gain":0.0,"max_hp_loss":0.0,"gold_gain":0.0,"event_name":"Lab","player_choice":"Got Potions","floor":4.0,"gold_loss":0.0,"damage_taken":0.0},{"damage_healed":0.0,"max_hp_gain":0.0,"max_hp_loss":0.0,"gold_gain":0.0,"event_name":"Colosseum","player_choice":"Fight","floor":28.0,"gold_loss":0.0,"damage_taken":0.0},{"damage_healed":0.0,"max_hp_gain":0.0,"max_hp_loss":0.0,"gold_gain":0.0,"event_name":"Colosseum","player_choice":"Fought Nobs","floor":28.0,"gold_loss":0.0,"damage_taken":0.0},{"cards_removed":["Strike_B"],"damage_healed":0,"gold_gain":0,"player_choice":"Purged","damage_taken":0,"max_hp_gain":0,"max_hp_loss":0,"event_name":"Purifier","floor":30,"gold_loss":0},{"damage_healed":0,"gold_gain":0,"player_choice":"Embrace Madness","damage_taken":9,"max_hp_gain":0,"max_hp_loss":0,"event_name":"Winding Halls","floor":44,"gold_loss":0,"cards_obtained":["Madness","Madness"]},{"damage_healed":0,"gold_gain":0,"player_choice":"Fight","damage_taken":0,"max_hp_gain":0,"max_hp_loss":0,"event_name":"Mysterious Sphere","floor":45,"gold_loss":0}],"is_beta":false,"boss_relics":[{"not_picked":["Ectoplasm","Cursed Key"],"picked":"Inserter"},{"not_picked":["Runic Dome","Philosopher\u0027s Stone"],"picked":"Astrolabe"}],"items_purged_floors":[22,36],"is_endless":false,"potions_floor_spawned":[5,7,13,14,16,19,20,21,28,29,33,35,37,38],"ascension_level":1}