{"gold_per_floor":[116,116,116,166,181,206,206,219,219,234,309,137,202,212,212,285,285,300,310,310,329,245,245,273,287,333,347,347],"floor_reached":28,"playtime":1015,"items_purged":[],"score":530,"play_id":"711cdb18-de21-4b4c-b48d-ca9de829a480","local_time":"20190423202253","is_ascension_mode":true,"campfire_choices":[{"data":"Bouncing Flask","floor":7.0,"key":"SMITH"},{"floor":15.0,"key":"REST"},{"floor":23,"key":"REST"}],"neow_cost":"NONE","seed_source_timestamp":0,"circlet_count":0,"master_deck":["AscendersBane","Defend_G+1","Defend_G+1","Defend_G+1","Defend_G+1","Defend_G+1","Strike_G+1","Strike_G+1","Strike_G+1","Strike_G+1","Strike_G+1","Survivor","Neutralize+1","Bouncing Flask+1","Cloak And Dagger","Blur","Predator","Malaise","Blade Dance","Cloak And Dagger","Corpse Explosion","Heel Hook","Dodge and Roll","Backflip","Burst","Sucker Punch","Dagger Spray","Flying Knee","Escape Plan+1"],"special_seed":0,"relics":["Ring of the Snake","NeowsBlessing","Kunai","Bronze Scales","Juzu Bracelet","Orrery","Boot","Regal Pillow"],"potions_floor_usage":[19,21,24],"damage_taken":[{"damage":0.0,"enemies":"Small Slimes","floor":1.0,"turns":1.0},{"damage":0.0,"enemies":"2 Louse","floor":5.0,"turns":1.0},{"damage":0.0,"enemies":"3 Sentries","floor":6.0,"turns":1.0},{"damage":1.0,"enemies":"Cultist","floor":8.0,"turns":4.0},{"damage":8.0,"enemies":"Large Slime","floor":10.0,"turns":5.0},{"damage":21.0,"enemies":"Lagavulin Event","floor":13.0,"turns":5.0},{"damage":10.0,"enemies":"3 Louse","floor":14.0,"turns":3.0},{"damage":7.0,"enemies":"The Guardian","floor":16.0,"turns":12.0},{"damage":18.0,"enemies":"Chosen","floor":18.0,"turns":8.0},{"damage":33,"enemies":"2 Thieves","floor":19,"turns":3},{"damage":6,"enemies":"Snecko","floor":21,"turns":9},{"damage":33,"enemies":"Slavers","floor":24,"turns":4},{"damage":7,"enemies":"3 Cultists","floor":25,"turns":3},{"damage":7,"enemies":"Centurion and Healer","floor":27,"turns":9},{"damage":9,"enemies":"Sentry and Sphere","floor":28,"turns":2}],"seed_played":"-9021397020460148420","potions_obtained":[{"floor":5.0,"key":"PowerPotion"},{"floor":6.0,"key":"Dexterity Potion"},{"floor":16.0,"key":"Regen Potion"},{"floor":18.0,"key":"AttackPotion"},{"floor":21,"key":"FairyPotion"},{"floor":27,"key":"FearPotion"}],"is_trial":false,"path_per_floor":["M","?","?","?","M","E","R","M","T","M","?","$","?","M","R","B",null,"M","M","?","M","$","R","E","M","T","M","M"],"character_chosen":"THE_SILENT","items_purchased":["Malaise","Regen Potion"],"campfire_rested":2,"item_purchase_floors":[12,22],"current_hp_per_floor":[59,59,59,59,59,59,59,58,58,50,39,39,18,8,27,20,55,37,4,4,13,13,32,11,4,4,3,0],"gold":347,"neow_bonus":"THREE_ENEMY_KILL","is_prod":false,"is_daily":false,"chose_seed":false,"campfire_upgraded":1,"win_rate":0,"timestamp":1556065373,"path_taken":["M","?","?","?","?","E","R","M","T","M","?","$","?","M","R","BOSS","M","M","?","M","$","R","E","M","T","M","M"],"build_version":"2019-01-23","purchased_purges":0,"victory":false,"max_hp_per_floor":[66,66,66,66,66,66,66,66,66,66,66,66,66,66,66,66,66,66,66,66,66,66,66,66,66,66,66,66],"card_choices":[{"not_picked":["Deflect","Finisher"],"picked":"Bouncing Flask","floor":1.0},{"not_picked":["Flechettes","Dagger Throw"],"picked":"Cloak And Dagger","floor":5.0},{"not_picked":["Escape Plan","Bane"],"picked":"Blur","floor":6.0},{"not_picked":["Endless Agony","Deflect","Bouncing Flask"],"picked":"SKIP","floor":8.0},{"not_picked":["Quick Slash","Underhanded Strike"],"picked":"Predator","floor":10.0},{"not_picked":["Escape Plan","Dagger Throw"],"picked":"Blade Dance","floor":13.0},{"not_picked":["Masterful Stab","Tools of the Trade"],"picked":"Cloak And Dagger","floor":14.0},{"not_picked":["Adrenaline","Phantasmal Killer"],"picked":"Corpse Explosion","floor":16.0},{"not_picked":["Flechettes","Sucker Punch"],"picked":"Heel Hook","floor":17.0},{"not_picked":["Underhanded Strike","Dagger Throw"],"picked":"Dodge and Roll","floor":17.0},{"not_picked":["Poisoned Stab","Slice"],"picked":"Backflip","floor":17.0},{"not_picked":["Dagger Throw","Flechettes"],"picked":"Burst","floor":17.0},{"not_picked":["Calculated Gamble","Skewer"],"picked":"Sucker Punch","floor":17.0},{"not_picked":["Masterful Stab","Heel Hook"],"picked":"Dagger Spray","floor":18.0},{"not_picked":["Slice","Deflect"],"picked":"Flying Knee","floor":19},{"not_picked":["Predator","Flechettes","Calculated Gamble"],"picked":"SKIP","floor":21},{"not_picked":["All Out Attack","Flying Knee"],"picked":"Escape Plan+1","floor":24},{"not_picked":["Dagger Spray","Flying Knee","Tactician"],"picked":"SKIP","floor":25},{"not_picked":["Bouncing Flask","Bane","Tools of the Trade"],"picked":"SKIP","floor":27}],"player_experience":658178,"relics_obtained":[{"floor":6.0,"key":"Kunai"},{"floor":9.0,"key":"Bronze Scales"},{"floor":24,"key":"Boot"},{"floor":26,"key":"Regal Pillow"}],"event_choices":[{"damage_healed":0.0,"max_hp_gain":0.0,"max_hp_loss":0.0,"gold_gain":0.0,"event_name":"Living Wall","player_choice":"Grow","floor":2.0,"gold_loss":0.0,"damage_taken":0.0,"cards_upgraded":["Neutralize"]},{"damage_healed":0.0,"max_hp_gain":0.0,"max_hp_loss":0.0,"gold_gain":0.0,"event_name":"Liars Game","player_choice":"Ignored","floor":3.0,"gold_loss":0.0,"damage_taken":0.0},{"damage_healed":0.0,"max_hp_gain":0.0,"max_hp_loss":0.0,"gold_gain":50.0,"event_name":"Golden Shrine","player_choice":"Pray","floor":4.0,"gold_loss":0.0,"damage_taken":0.0},{"damage_healed":0.0,"max_hp_gain":0.0,"max_hp_loss":0.0,"gold_gain":75.0,"event_name":"World of Goop","player_choice":"Gather Gold","floor":11.0,"gold_loss":0.0,"damage_taken":11.0},{"damage_healed":0.0,"max_hp_gain":0.0,"max_hp_loss":0.0,"gold_gain":0.0,"event_name":"Dead Adventurer","player_choice":"Searched \u00273\u0027 times","floor":13.0,"gold_loss":0.0,"damage_taken":0.0,"relics_obtained":["Juzu Bracelet"]},{"damage_healed":0,"gold_gain":0,"player_choice":"Simplicity","damage_taken":0,"max_hp_gain":0,"max_hp_loss":0,"event_name":"Back to Basics","floor":20,"gold_loss":0,"cards_upgraded":["Defend_G","Defend_G","Defend_G","Defend_G","Defend_G","Strike_G","Strike_G","Strike_G","Strike_G","Strike_G"]}],"is_beta":false,"boss_relics":[{"not_picked":["Coffee Dripper","Busted Crown"],"picked":"Orrery"}],"items_purged_floors":[],"is_endless":false,"potions_floor_spawned":[5,6,10,16,18,21,27],"killed_by":"Sentry and Sphere","ascension_level":20}