{"gold_per_floor":[110,130,141,158,158,158,189,189,267,292,26,44,74,51,51,156,156,156,81,36,36,36,36,36,36,36,36,36,36,36,36,36,36,36,36,36,36,0,0,0,0,0,0,0,0,0,0,0,0,0],"floor_reached":51,"playtime":1861,"items_purged":[],"score":1036,"play_id":"79dd81ce-ca7d-47a9-a543-27b0411567f6","local_time":"20180721120624","is_ascension_mode":true,"campfire_choices":[{"floor":6.0,"key":"REST"},{"data":"Zap","floor":15.0,"key":"SMITH"},{"data":"Loop","floor":23.0,"key":"SMITH"},{"data":"Conserve Battery","floor":27.0,"key":"SMITH"},{"data":"Capacitor","floor":30.0,"key":"SMITH"},{"data":"Go for the Eyes","floor":32.0,"key":"SMITH"},{"floor":40,"key":"REST"},{"data":"Madness","floor":42,"key":"SMITH"},{"data":"Madness","floor":45,"key":"SMITH"},{"data":"Conserve Battery","floor":49,"key":"SMITH"}],"neow_cost":"NONE","seed_source_timestamp":1177699911982826,"circlet_count":0,"master_deck":["Strike_B","Strike_B","Strike_B","Defend_B","Defend_B","Zap+1","Dualcast","Loop+1","Gash","Darkness","Capacitor+1","Conserve Battery+1","Defragment+1","Auto Shields","Go for the Eyes+1","Cold Snap","Buffer+1","Hologram","Ball Lightning","Conserve Battery+1","Glacier","Echo Form+1","Gash+1","Hologram","Ball Lightning+1","Madness+1","Madness+1","Stack","Defragment+1"],"special_seed":0,"relics":["Cracked Core","DataDisk","Du-Vu Doll","Vajra","Cables","Frozen Egg 2","Lee\u0027s Waffle","Potion Belt","Ectoplasm","CultistMask","Juzu Bracelet","Blood Vial","Nuclear Battery","Red Mask","Mummified Hand"],"potions_floor_usage":[33,50,50],"damage_taken":[{"damage":9.0,"enemies":"Small Slimes","floor":1.0,"turns":5.0},{"damage":11.0,"enemies":"Jaw Worm","floor":2.0,"turns":4.0},{"damage":0.0,"enemies":"2 Louse","floor":3.0,"turns":1.0},{"damage":6.0,"enemies":"Blue Slaver","floor":4.0,"turns":4.0},{"damage":15.0,"enemies":"Gremlin Nob","floor":7.0,"turns":3.0},{"damage":28.0,"enemies":"3 Sentries","floor":10.0,"turns":7.0},{"damage":0.0,"enemies":"Large Slime","floor":12.0,"turns":4.0},{"damage":17.0,"enemies":"Lagavulin","floor":13.0,"turns":5.0},{"damage":0.0,"enemies":"Slime Boss","floor":16.0,"turns":5.0},{"damage":2.0,"enemies":"3 Byrds","floor":18.0,"turns":2.0},{"damage":0.0,"enemies":"Spheric Guardian","floor":21.0,"turns":4.0},{"damage":14.0,"enemies":"3 Cultists","floor":24.0,"turns":5.0},{"damage":0.0,"enemies":"Gremlin Leader","floor":25.0,"turns":5.0},{"damage":51,"enemies":"Collector","floor":33,"turns":7},{"damage":0,"enemies":"Flame Bruiser 1 Orb","floor":35,"turns":7},{"damage":5,"enemies":"3 Darklings","floor":37,"turns":9},{"damage":9,"enemies":"4 Shapes","floor":41,"turns":6},{"damage":0,"enemies":"Flame Bruiser 2 Orb","floor":48,"turns":6},{"damage":35,"enemies":"Awakened One","floor":50,"turns":13}],"seed_played":"-3782980109975160939","potions_obtained":[{"floor":2.0,"key":"Ancient Potion"},{"floor":4.0,"key":"Fire Potion"},{"floor":10.0,"key":"LiquidBronze"},{"floor":13.0,"key":"SpeedPotion"},{"floor":18.0,"key":"PowerPotion"},{"floor":24.0,"key":"PowerPotion"},{"floor":35,"key":"Regen Potion"},{"floor":48,"key":"AttackPotion"}],"is_trial":false,"path_per_floor":["M","M","M","M","?","R","E","?","T","E","$","M","E","$","R","B",null,"M","?","$","M","?","R","M","E","T","R","?","$","R","?","R","B",null,"M","?","M","?","?","R","M","R","T","?","R","$","?","M","R","B"],"character_chosen":"DEFECT","items_purchased":["Lee\u0027s Waffle","Defragment+1","Cold Snap","Ball Lightning"],"campfire_rested":2,"item_purchase_floors":[11,11,14,20],"current_hp_per_floor":[59,48,48,42,24,46,31,31,31,3,82,82,65,65,65,65,78,76,76,76,76,76,76,62,62,62,62,82,82,82,66,66,17,70,72,72,69,69,58,84,77,77,77,77,77,77,77,79,79,61],"gold":0,"neow_bonus":"RANDOM_COMMON_RELIC","is_prod":false,"is_daily":false,"chose_seed":false,"campfire_upgraded":8,"win_rate":0,"timestamp":1532189184,"path_taken":["M","M","M","M","?","R","E","?","T","E","$","M","E","?","R","BOSS","M","?","$","M","?","R","M","E","T","R","?","?","R","?","R","BOSS","M","?","M","?","?","R","M","R","T","?","R","$","?","M","R","BOSS"],"build_version":"2018-07-19v2","purchased_purges":0,"victory":true,"max_hp_per_floor":[75,75,75,75,75,75,75,75,75,75,82,82,82,82,82,82,82,82,82,82,82,82,82,82,82,82,82,82,82,82,87,87,87,87,87,87,87,87,87,87,87,87,87,87,87,87,87,87,87,87],"card_choices":[{"not_picked":["Rebound","Compile Driver"],"picked":"Loop","floor":1.0},{"not_picked":["Chaos","Stack","Heatsinks"],"picked":"SKIP","floor":2.0},{"not_picked":["Static Discharge","Redo"],"picked":"Gash","floor":3.0},{"not_picked":["Stack","Compile Driver"],"picked":"Darkness","floor":4.0},{"not_picked":["Conserve Battery","Streamline"],"picked":"Capacitor","floor":7.0},{"not_picked":["Rip and Tear","Multi-Cast"],"picked":"Conserve Battery","floor":10.0},{"not_picked":["Heatsinks+1","Hologram"],"picked":"Auto Shields","floor":12.0},{"not_picked":["Scrape","Hello World+1"],"picked":"Go for the Eyes","floor":13.0},{"not_picked":["Fission","Thunder Strike"],"picked":"Buffer+1","floor":16.0},{"not_picked":["Turbo","Streamline"],"picked":"Hologram","floor":18.0},{"not_picked":["Undo","Turbo+1","Genetic Algorithm"],"picked":"SKIP","floor":21.0},{"not_picked":["Steam","Hologram"],"picked":"Conserve Battery","floor":24.0},{"not_picked":["Thunder Strike","Leap"],"picked":"Glacier","floor":25.0},{"not_picked":["Meteor Strike","Machine Learning+1"],"picked":"Echo Form+1","floor":33},{"not_picked":["Turbo","Go for the Eyes"],"picked":"Gash+1","floor":35},{"not_picked":["Chill+1","Go for the Eyes+1"],"picked":"Ball Lightning+1","floor":37},{"not_picked":["Skim+1","Genetic Algorithm+1"],"picked":"Stack","floor":41},{"not_picked":["Hologram+1","Electrodynamics+1"],"picked":"Defragment+1","floor":48}],"player_experience":144236,"relics_obtained":[{"floor":7.0,"key":"Vajra"},{"floor":9.0,"key":"Cables"},{"floor":10.0,"key":"Frozen Egg 2"},{"floor":13.0,"key":"Potion Belt"},{"floor":25.0,"key":"Juzu Bracelet"},{"floor":26.0,"key":"Blood Vial"},{"floor":43,"key":"Mummified Hand"}],"event_choices":[{"event_name":"Scrap Ooze","player_choice":"success","floor":5.0,"damage_taken":18.0},{"event_name":"Shining Light","player_choice":"Ignored","floor":8.0,"damage_taken":0.0},{"event_name":"Beggar","player_choice":"Gave Gold","floor":19.0,"damage_taken":0.0},{"event_name":"FaceTrader","player_choice":"Trade","floor":22.0,"damage_taken":0.0},{"event_name":"The Library","player_choice":"Heal","floor":28.0,"damage_taken":0.0},{"event_name":"Forgotten Altar","player_choice":"Shed Blood","floor":31.0,"damage_taken":0.0},{"event_name":"Transmorgrifier","player_choice":"Transform","floor":36,"damage_taken":0},{"event_name":"Tomb of Lord Red Mask","player_choice":"Paid","floor":38,"damage_taken":0},{"event_name":"Winding Halls","player_choice":"Embrace Madness","floor":39,"damage_taken":0},{"event_name":"Mysterious Sphere","player_choice":"Ignore","floor":44,"damage_taken":0},{"event_name":"Bonfire Elementals","player_choice":"BASIC","floor":47,"damage_taken":0}],"is_beta":false,"boss_relics":[{"not_picked":["Orrery","Lizard Tail"],"picked":"Ectoplasm"},{"not_picked":["Sozu","Fusion Hammer"],"picked":"Nuclear Battery"}],"items_purged_floors":[],"is_endless":false,"potions_floor_spawned":[2,4,10,13,18,24,35,48],"ascension_level":8}