{"gold_per_floor":[112,112,112,164,139,139,178,178,178,191,231,254,295,295,295,391,391,367,48,64,64,64,64,64,163,216,231,245,245,258,308,308,308],"floor_reached":33,"playtime":1285,"items_purged":["Strike_B"],"score":486,"play_id":"a57a3f67-248a-49ae-92fe-19779b2779b1","local_time":"20180728163448","is_ascension_mode":true,"campfire_choices":[{"data":"Leap","floor":6,"key":"SMITH"},{"data":"Echo Form","floor":8,"key":"SMITH"},{"floor":15,"key":"REST"},{"floor":23,"key":"REST"},{"floor":29,"key":"REST"},{"floor":32,"key":"REST"}],"neow_cost":"NONE","seed_source_timestamp":1799149426542809,"circlet_count":0,"master_deck":["Strike_B","Strike_B","Strike_B","Defend_B","Defend_B","Defend_B","Defend_B","Zap+1","Dualcast","AscendersBane","Compile Driver","Leap+1","Echo Form+1","Coolheaded","Ball Lightning","Conserve Battery","Biased Cognition","Glacier","Leap","Auto Shields","Barrage","Go for the Eyes","Self Repair","Conserve Battery","Leap","Seek","Steam"],"relics":["Cracked Core","NeowsBlessing","Golden Idol","Bag of Marbles","Lantern","Omamori","Mummified Hand","Pen Nib","Orrery","ClockworkSouvenir","Bronze Scales"],"potions_floor_usage":[13,18,20,33],"damage_taken":[{"damage":0,"enemies":"2 Louse","floor":1,"turns":1},{"damage":0,"enemies":"Lagavulin","floor":7,"turns":1},{"damage":0,"enemies":"Cultist","floor":10,"turns":1},{"damage":14,"enemies":"3 Sentries","floor":11,"turns":9},{"damage":0,"enemies":"Jaw Worm","floor":12,"turns":3},{"damage":24,"enemies":"Gremlin Nob","floor":13,"turns":4},{"damage":35,"enemies":"Slime Boss","floor":16,"turns":8},{"damage":37,"enemies":"2 Thieves","floor":18,"turns":5},{"damage":0,"enemies":"3 Byrds","floor":20,"turns":2},{"damage":18,"enemies":"Snecko","floor":27,"turns":5},{"damage":21,"enemies":"Centurion and Healer","floor":28,"turns":13},{"damage":2,"enemies":"3 Cultists","floor":30,"turns":6},{"damage":84,"enemies":"Champ","floor":33,"turns":14}],"seed_played":"-8279536921539393157","potions_obtained":[{"floor":7,"key":"Dexterity Potion"},{"floor":12,"key":"Dexterity Potion"},{"floor":16,"key":"Fruit Juice"},{"floor":18,"key":"Explosive Potion"},{"floor":27,"key":"SteroidPotion"},{"floor":30,"key":"Regen Potion"}],"is_trial":false,"path_per_floor":["M","?","?","T","$","R","E","R","T","M","E","M","E","?","R","B",null,"M","$","M","?","?","R","$","?","T","M","M","R","M","?","R"],"character_chosen":"DEFECT","items_purchased":["Leap","ClockworkSouvenir","Self Repair"],"campfire_rested":4,"item_purchase_floors":[5,19,19],"current_hp_per_floor":[64,47,47,47,47,47,47,47,47,47,33,33,9,26,47,12,56,24,24,24,24,24,46,46,46,46,35,21,43,41,41,63,0],"gold":308,"neow_bonus":"THREE_ENEMY_KILL","is_prod":false,"is_daily":false,"chose_seed":false,"campfire_upgraded":2,"win_rate":0,"timestamp":1532810088,"path_taken":["M","?","?","?","$","R","E","R","T","M","E","?","E","?","R","BOSS","M","$","M","?","?","R","$","?","T","M","M","R","M","?","R","BOSS"],"build_version":"2018-07-26","purchased_purges":1,"victory":false,"max_hp_per_floor":[71,71,71,71,71,71,71,71,71,71,71,71,71,71,71,71,71,76,76,76,76,76,76,76,76,76,76,76,76,76,76,76,76],"card_choices":[{"not_picked":["Turbo","Chill"],"picked":"Compile Driver","floor":1},{"not_picked":["Conserve Battery","Coolheaded"],"picked":"Echo Form","floor":7},{"not_picked":["Rebound","Streamline"],"picked":"Coolheaded","floor":10},{"not_picked":["Lockon","Fusion","Streamline"],"picked":"SKIP","floor":11},{"not_picked":["Go for the Eyes","Rebound"],"picked":"Ball Lightning","floor":12},{"not_picked":["Recycle","Sweeping Beam"],"picked":"Conserve Battery","floor":13},{"not_picked":["Reboot","Machine Learning"],"picked":"Biased Cognition","floor":16},{"not_picked":["Coolheaded","Turbo"],"picked":"Glacier","floor":17},{"not_picked":["Lockon","Redo"],"picked":"Leap","floor":17},{"not_picked":["Beam Cell","Leap"],"picked":"Auto Shields","floor":17},{"not_picked":["BootSequence","Beam Cell"],"picked":"Barrage","floor":17},{"not_picked":["Blizzard","Barrage"],"picked":"Go for the Eyes","floor":18},{"not_picked":["Barrage","Chaos"],"picked":"Conserve Battery","floor":20},{"not_picked":["Hello World","Static Discharge"],"picked":"Leap","floor":27},{"not_picked":["Leap","Darkness"],"picked":"Seek","floor":28},{"not_picked":["Consume","Gash"],"picked":"Steam","floor":30}],"player_experience":175127,"relics_obtained":[{"floor":4,"key":"Bag of Marbles"},{"floor":7,"key":"Lantern"},{"floor":9,"key":"Omamori"},{"floor":11,"key":"Mummified Hand"},{"floor":13,"key":"Pen Nib"},{"floor":26,"key":"Bronze Scales"}],"event_choices":[{"event_name":"Golden Idol","player_choice":"Take Damage","floor":2,"damage_taken":0},{"event_name":"Upgrade Shrine","player_choice":"Upgraded","floor":3,"damage_taken":0},{"event_name":"Mushrooms","player_choice":"Healed and dodged fight","floor":14,"damage_taken":0},{"event_name":"Addict","player_choice":"Ignored","floor":21,"damage_taken":0},{"event_name":"Cursed Tome","player_choice":"Ignored","floor":22,"damage_taken":0},{"event_name":"Nest","player_choice":"Stole From Cult","floor":25,"damage_taken":0},{"event_name":"The Joust","player_choice":"Bet on Murderer","floor":31,"damage_taken":0}],"is_beta":false,"boss_relics":[{"not_picked":["Snecko Eye","Coffee Dripper"],"picked":"Orrery"}],"items_purged_floors":[19],"is_endless":false,"potions_floor_spawned":[7,12,16,18,27,30],"killed_by":"Champ","ascension_level":14}