{"gold_per_floor":[117,117,133,149,163,221,221,254,301,301,328,348,363,374,374,472,472,485,435,145,161,179,179,204,204,204,231,231,243,256,256,256,256],"floor_reached":33,"playtime":1478,"items_purged":["Strike_G"],"score":456,"play_id":"4b253652-da82-490b-bbab-82d2c3b519b2","local_time":"20180804134409","is_ascension_mode":true,"campfire_choices":[{"data":"Footwork","floor":7,"key":"SMITH"},{"floor":10,"key":"REST"},{"data":"Footwork","floor":15,"key":"SMITH"},{"data":"Dash","floor":23,"key":"SMITH"},{"data":"Dodge and Roll","floor":25,"key":"SMITH"},{"floor":28,"key":"REST"},{"data":"Bouncing Flask","floor":32,"key":"SMITH"}],"neow_cost":"NONE","seed_source_timestamp":2393380312681330,"circlet_count":0,"master_deck":["Defend_G","Defend_G","Defend_G","Defend_G","Defend_G","Strike_G+1","Strike_G+1","Strike_G","Strike_G","Survivor","Neutralize+1","Poisoned Stab+1","Dagger Spray","Blade Dance","Dagger Spray","Footwork+1","Cloak And Dagger","Quick Slash","Footwork+1","Dodge and Roll+1","Bouncing Flask+1","Sucker Punch","Dash+1","Bouncing Flask+1","Poisoned Stab","Acrobatics"],"relics":["Velvet Choker","Tiny Chest","Smiling Mask","Orichalcum","Whetstone","Lizard Tail","Pear","Bottled Tornado","Peace Pipe","Vajra"],"potions_floor_usage":[24,27,27,27,27,27],"damage_taken":[{"damage":1,"enemies":"2 Louse","floor":1,"turns":2},{"damage":0,"enemies":"Jaw Worm","floor":3,"turns":3},{"damage":0,"enemies":"Cultist","floor":4,"turns":3},{"damage":0,"enemies":"Lots of Slimes","floor":5,"turns":3},{"damage":13,"enemies":"3 Sentries","floor":6,"turns":6},{"damage":5,"enemies":"Gremlin Nob","floor":8,"turns":5},{"damage":3,"enemies":"3 Sentries","floor":11,"turns":5},{"damage":0,"enemies":"Exordium Wildlife","floor":12,"turns":2},{"damage":0,"enemies":"Gremlin Gang","floor":13,"turns":3},{"damage":3,"enemies":"Exordium Thugs","floor":14,"turns":4},{"damage":0,"enemies":"The Guardian","floor":16,"turns":9},{"damage":12,"enemies":"Spheric Guardian","floor":18,"turns":6},{"damage":3,"enemies":"Shell Parasite","floor":21,"turns":4},{"damage":10,"enemies":"Chosen and Byrds","floor":22,"turns":7},{"damage":15,"enemies":"Book of Stabbing","floor":24,"turns":6},{"damage":51,"enemies":"Slavers","floor":27,"turns":9},{"damage":15,"enemies":"3 Cultists","floor":29,"turns":6},{"damage":6,"enemies":"Snake Plant","floor":30,"turns":3},{"damage":98,"enemies":"Collector","floor":33,"turns":10}],"seed_played":"-7277694113539529529","potions_obtained":[{"floor":1,"key":"Block Potion"},{"floor":5,"key":"SteroidPotion"},{"floor":8,"key":"LiquidBronze"},{"floor":24,"key":"EntropicBrew"},{"floor":27,"key":"Swift Potion"}],"is_trial":false,"path_per_floor":["M","?","M","M","M","E","R","E","T","R","E","M","M","M","R","B",null,"M","?","$","M","M","R","E","R","T","E","R","M","M","?","R"],"character_chosen":"THE_SILENT","items_purchased":["Pear"],"campfire_rested":2,"item_purchase_floors":[20],"current_hp_per_floor":[69,55,55,55,55,42,42,37,37,58,55,55,55,52,52,52,70,58,58,68,65,55,55,40,40,40,37,61,46,40,90,90,0],"gold":256,"neow_bonus":"BOSS_RELIC","is_prod":false,"is_daily":false,"chose_seed":false,"campfire_upgraded":5,"win_rate":0,"timestamp":1533404649,"path_taken":["M","?","?","M","M","E","R","E","T","R","E","?","?","M","R","BOSS","M","?","$","M","?","R","E","R","T","E","R","M","M","?","R","BOSS"],"build_version":"2018-08-02","purchased_purges":1,"victory":false,"max_hp_per_floor":[70,70,70,70,70,70,70,70,70,70,70,70,70,70,70,70,70,70,70,80,80,80,80,80,80,80,80,80,80,80,90,90,90],"card_choices":[{"not_picked":["Deadly Poison","Cloak And Dagger"],"picked":"Poisoned Stab","floor":1},{"not_picked":["Riddle With Holes","Acrobatics"],"picked":"Dagger Spray","floor":3},{"not_picked":["PiercingWail","Tactician"],"picked":"Blade Dance","floor":4},{"not_picked":["Deflect","Quick Slash"],"picked":"Dagger Spray","floor":5},{"not_picked":["Glass Knife","Backstab"],"picked":"Footwork","floor":6},{"not_picked":["Dagger Throw","Flying Knee"],"picked":"Cloak And Dagger","floor":8},{"not_picked":["Outmaneuver","Blade Dance"],"picked":"Quick Slash","floor":11},{"not_picked":["Expertise","Sucker Punch"],"picked":"Footwork","floor":12},{"not_picked":["Outmaneuver","Glass Knife"],"picked":"Dodge and Roll","floor":13},{"not_picked":["Calculated Gamble","Crippling Poison"],"picked":"Bouncing Flask","floor":14},{"not_picked":["Bullet Time","Storm of Steel"],"picked":"Phantasmal Killer","floor":16},{"not_picked":["Accuracy","PiercingWail+1"],"picked":"Sucker Punch","floor":18},{"not_picked":["Acrobatics","PiercingWail","Reflex"],"picked":"SKIP","floor":21},{"not_picked":["PiercingWail","Eviscerate+1"],"picked":"Dash","floor":22},{"not_picked":["Die Die Die","Reflex"],"picked":"Bouncing Flask+1","floor":24},{"not_picked":["Deadly Poison","Flechettes+1"],"picked":"Poisoned Stab","floor":27},{"not_picked":["Predator","Quick Slash","Prepared"],"picked":"SKIP","floor":29},{"not_picked":["Flechettes","Dagger Throw"],"picked":"Acrobatics","floor":30}],"player_experience":208550,"relics_obtained":[{"floor":6,"key":"Tiny Chest"},{"floor":8,"key":"Smiling Mask"},{"floor":9,"key":"Orichalcum"},{"floor":11,"key":"Whetstone"},{"floor":24,"key":"Bottled Tornado"},{"floor":26,"key":"Peace Pipe"},{"floor":27,"key":"Vajra"}],"event_choices":[{"event_name":"Shining Light","player_choice":"Entered Light","floor":2,"damage_taken":0},{"event_name":"The Joust","player_choice":"Bet on Owner","floor":19,"damage_taken":0},{"event_name":"Bonfire Elementals","player_choice":"RARE","floor":31,"damage_taken":0}],"is_beta":false,"boss_relics":[{"not_picked":["Runic Dome","Fusion Hammer"],"picked":"Lizard Tail"}],"items_purged_floors":[20],"is_endless":false,"potions_floor_spawned":[1,5,8,11,12,16,22,24,27],"killed_by":"Collector","ascension_level":4}