{"gold_per_floor":[116,133,143,158,221,247,247,275,350,350,381,393,404,404],"floor_reached":14,"playtime":657,"items_purged":[],"score":112,"play_id":"039d2a74-dab2-4526-9d3b-c569b42a91e6","local_time":"20180702161846","is_ascension_mode":false,"campfire_choices":[{"floor":10,"key":"REST"}],"neow_cost":"","seed_source_timestamp":5460682824783302,"circlet_count":0,"master_deck":["Strike_B","Strike_B","Strike_B","Strike_B","Defend_B","Defend_B","Defend_B","Defend_B","Zap","Dualcast","Sweeping Beam","Sunder","Genetic Algorithm","White Noise","Cold Snap","Compile Driver","Leap","Auto Shields","FTL"],"relics":["Cracked Core","Bag of Preparation","Lantern","Bottled Lightning","Shuriken","Bottled Flame"],"potions_floor_usage":[],"damage_taken":[{"damage":1,"enemies":"Cultist","floor":1,"turns":3},{"damage":0,"enemies":"Small Slimes","floor":2,"turns":3},{"damage":2,"enemies":"2 Louse","floor":3,"turns":2},{"damage":23,"enemies":"Large Slime","floor":4,"turns":7},{"damage":38,"enemies":"Lagavulin","floor":6,"turns":8},{"damage":8,"enemies":"3 Sentries","floor":8,"turns":5},{"damage":14,"enemies":"Gremlin Nob","floor":11,"turns":5},{"damage":7,"enemies":"Exordium Wildlife","floor":12,"turns":4},{"damage":0,"enemies":"Red Slaver","floor":13,"turns":3},{"damage":13,"enemies":"Large Slime","floor":14,"turns":1}],"seed_played":"-8686498793450211551","potions_obtained":[{"floor":3,"key":"SteroidPotion"},{"floor":8,"key":"EssenceOfSteel"},{"floor":12,"key":"Poison Potion"}],"is_trial":false,"path_per_floor":["M","M","M","M","?","E","T","E","T","R","E","M","M"],"character_chosen":"DEFECT","items_purchased":[],"campfire_rested":1,"item_purchase_floors":[],"current_hp_per_floor":[74,74,72,49,49,11,11,3,3,25,11,4,4,0],"gold":404,"neow_bonus":"","is_prod":false,"is_daily":false,"chose_seed":false,"campfire_upgraded":0,"win_rate":0,"timestamp":1530562726,"path_taken":["M","?","M","M","?","E","?","E","T","R","E","?","M","M"],"build_version":"2018-06-28","purchased_purges":0,"victory":false,"max_hp_per_floor":[75,75,75,75,75,75,75,75,75,75,75,75,75,75],"card_choices":[{"not_picked":["Hello World","Recycle"],"picked":"Sweeping Beam","floor":1},{"not_picked":["Rebound","Turbo"],"picked":"Sunder","floor":2},{"not_picked":["Gash","Hologram"],"picked":"Genetic Algorithm","floor":3},{"not_picked":["Sweeping Beam","Steam"],"picked":"White Noise","floor":4},{"not_picked":["Hologram","White Noise"],"picked":"Cold Snap","floor":6},{"not_picked":["Thunder Strike","Fission"],"picked":"Compile Driver","floor":8},{"not_picked":["Steam Power","BootSequence"],"picked":"Leap","floor":11},{"not_picked":["Force Field","Turbo"],"picked":"Auto Shields","floor":12},{"not_picked":["Lockon","Sweeping Beam"],"picked":"FTL","floor":13}],"player_experience":44161,"relics_obtained":[{"floor":6,"key":"Bag of Preparation"},{"floor":7,"key":"Lantern"},{"floor":8,"key":"Bottled Lightning"},{"floor":9,"key":"Shuriken"},{"floor":11,"key":"Bottled Flame"}],"event_choices":[{"event_name":"Golden Wing","player_choice":"Gained Gold","floor":5,"damage_taken":0}],"boss_relics":[],"items_purged_floors":[],"is_endless":false,"potions_floor_spawned":[3,8,12,13],"killed_by":"Large Slime","ascension_level":0}