{"gold_per_floor":[114,114,132,149,39,39,67,94,133,69,69,69,85,85,85,160,160,160,160,44,44,44],"floor_reached":22,"playtime":629,"items_purged":["Pain"],"score":368,"play_id":"2a32419f-3555-4ea8-a6c7-0eb767d60a92","local_time":"20190419192505","is_ascension_mode":true,"campfire_choices":[{"data":"Noxious Fumes","floor":6.0,"key":"SMITH"},{"data":"Caltrops","floor":11.0,"key":"SMITH"},{"floor":15,"key":"REST"}],"neow_cost":"NONE","seed_source_timestamp":10299767882263514,"circlet_count":0,"master_deck":["AscendersBane","Defend_G","Defend_G","Defend_G","Defend_G","Defend_G","Strike_G","Strike_G","Strike_G","Strike_G","Survivor","Neutralize","Dagger Spray","Burst","Blur","Flying Knee","Noxious Fumes+1","Dash","Quick Slash","Poisoned Stab","Caltrops+1","Bane","Envenom","Cloak And Dagger","Backstab","Footwork"],"special_seed":0,"relics":["Ring of the Snake","NeowsBlessing","MawBank","Happy Flower","WarpedTongs","Ectoplasm"],"potions_floor_usage":[16,19],"damage_taken":[{"damage":0.0,"enemies":"Small Slimes","floor":1.0,"turns":1.0},{"damage":0.0,"enemies":"Cultist","floor":3.0,"turns":1.0},{"damage":0.0,"enemies":"2 Louse","floor":4.0,"turns":1.0},{"damage":32.0,"enemies":"Lagavulin","floor":7.0,"turns":11.0},{"damage":13.0,"enemies":"Gremlin Gang","floor":8.0,"turns":4.0},{"damage":1.0,"enemies":"Exordium Thugs","floor":13.0,"turns":4.0},{"damage":31,"enemies":"Slime Boss","floor":16,"turns":9},{"damage":16,"enemies":"3 Byrds","floor":18,"turns":5},{"damage":28,"enemies":"Shell Parasite","floor":19,"turns":6},{"damage":14,"enemies":"Centurion and Healer","floor":22,"turns":4}],"seed_played":"4843579959711929841","potions_obtained":[{"floor":4.0,"key":"EssenceOfSteel"},{"floor":7.0,"key":"GamblersBrew"},{"floor":16,"key":"Ancient Potion"},{"floor":19,"key":"Ancient Potion"}],"is_trial":false,"path_per_floor":["M","?","M","M","$","R","E","M","T","$","R","$","M","?","R","B",null,"M","M","$","?","M"],"character_chosen":"THE_SILENT","items_purchased":["Noxious Fumes","Dash","Caltrops","Footwork"],"campfire_rested":1,"item_purchase_floors":[5,5,10,20],"current_hp_per_floor":[59,59,59,59,59,59,27,14,14,14,14,14,13,13,32,1,50,34,6,6,6,0],"gold":44,"neow_bonus":"THREE_ENEMY_KILL","is_prod":false,"is_daily":false,"chose_seed":false,"campfire_upgraded":2,"win_rate":0,"timestamp":1555716305,"path_taken":["M","?","?","M","?","R","E","M","T","$","R","$","M","?","R","BOSS","M","?","$","?","M"],"build_version":"2019-01-23","purchased_purges":1,"victory":false,"max_hp_per_floor":[66,66,66,66,66,66,66,66,66,66,66,66,66,66,66,66,66,66,66,66,66,66],"card_choices":[{"not_picked":["Blade Dance","Quick Slash"],"picked":"Dagger Spray","floor":1.0},{"not_picked":["Tactician","Slice"],"picked":"Blur","floor":3.0},{"not_picked":["Underhanded Strike","Dagger Throw"],"picked":"Flying Knee","floor":4.0},{"not_picked":["Underhanded Strike","Dagger Throw"],"picked":"Quick Slash","floor":7.0},{"not_picked":["Choke","Acrobatics"],"picked":"Poisoned Stab","floor":8.0},{"not_picked":["Underhanded Strike","Quick Slash"],"picked":"Bane","floor":13.0},{"not_picked":["Doppelganger","Storm of Steel"],"picked":"Envenom","floor":16},{"not_picked":["Heel Hook","Dash"],"picked":"Cloak And Dagger","floor":18},{"not_picked":["Outmaneuver","All Out Attack"],"picked":"Backstab","floor":19}],"player_experience":648520,"relics_obtained":[{"floor":7.0,"key":"MawBank"},{"floor":9.0,"key":"Happy Flower"}],"event_choices":[{"damage_healed":0.0,"max_hp_gain":0.0,"max_hp_loss":0.0,"gold_gain":0.0,"cards_transformed":["Strike_G"],"event_name":"Transmorgrifier","player_choice":"Transformed","floor":2.0,"gold_loss":0.0,"damage_taken":0.0,"cards_obtained":["Burst"]},{"damage_healed":0,"gold_gain":0,"player_choice":"Rummage","damage_taken":0,"relics_obtained":["WarpedTongs"],"max_hp_gain":0,"max_hp_loss":0,"event_name":"Accursed Blacksmith","floor":14,"gold_loss":0,"cards_obtained":["Pain"]},{"damage_healed":0,"gold_gain":0,"player_choice":"Ignored","damage_taken":0,"max_hp_gain":0,"max_hp_loss":0,"event_name":"Beggar","floor":21,"gold_loss":0}],"is_beta":false,"boss_relics":[{"not_picked":["Tiny House","Cursed Key"],"picked":"Ectoplasm"}],"items_purged_floors":[20],"is_endless":false,"potions_floor_spawned":[4,7,8,16,19],"killed_by":"Centurion and Healer","ascension_level":20}