{"gold_per_floor":[115,115,115,25,35,35,66,66,66,97,112,112,162,174,174,250,250,263,278,193,118,118,118,143,162,208,208],"floor_reached":27,"playtime":677,"items_purged":[],"score":528,"play_id":"10db9ac1-1e7d-48e4-a8d6-7515e172311a","local_time":"20190617134925","is_ascension_mode":true,"campfire_choices":[{"data":"Footwork","floor":6.0,"key":"SMITH"},{"data":"Catalyst","floor":8.0,"key":"SMITH"},{"floor":12.0,"key":"REST"},{"data":"Distraction","floor":15.0,"key":"SMITH"},{"floor":23.0,"key":"DIG"}],"neow_cost":"NONE","seed_source_timestamp":277641909439700,"circlet_count":0,"master_deck":["AscendersBane","Defend_G+1","Defend_G","Defend_G","Defend_G","Defend_G","Strike_G+1","Strike_G","Survivor","Neutralize+1","Catalyst+1","Footwork+1","Distraction+1","Bouncing Flask","Deadly Poison","Cloak And Dagger","Backflip","Die Die Die","Dodge and Roll","Dodge and Roll","Catalyst","Setup","Predator"],"special_seed":0,"relics":["Ring of the Snake","NeowsBlessing","Art of War","Gremlin Horn","Potion Belt","Philosopher\u0027s Stone","Shovel","Kunai","Torii"],"potions_floor_usage":[],"damage_taken":[{"damage":0.0,"enemies":"Cultist","floor":1.0,"turns":1.0},{"damage":0.0,"enemies":"Small Slimes","floor":5.0,"turns":2.0},{"damage":0.0,"enemies":"Lagavulin","floor":7.0,"turns":1.0},{"damage":21.0,"enemies":"3 Sentries","floor":10.0,"turns":9.0},{"damage":0.0,"enemies":"2 Louse","floor":11.0,"turns":3.0},{"damage":1.0,"enemies":"Looter","floor":14.0,"turns":4.0},{"damage":3.0,"enemies":"Hexaghost","floor":16.0,"turns":8.0},{"damage":13.0,"enemies":"Shell Parasite","floor":18.0,"turns":5.0},{"damage":13.0,"enemies":"Chosen","floor":19.0,"turns":4.0},{"damage":14.0,"enemies":"Gremlin Leader","floor":24.0,"turns":4.0},{"damage":14.0,"enemies":"Snecko","floor":25.0,"turns":5.0},{"damage":20,"enemies":"3 Cultists","floor":27,"turns":3}],"seed_played":"8852220291549183814","potions_obtained":[{"floor":7.0,"key":"Poison Potion"},{"floor":10.0,"key":"Swift Potion"},{"floor":14.0,"key":"Strength Potion"},{"floor":16.0,"key":"Regen Potion"},{"floor":19.0,"key":"GamblersBrew"}],"is_trial":false,"path_per_floor":["M","?","?","$","M","R","E","R","T","E","M","R","?","M","R","B",null,"M","M","?","?","?","R","E","M","T","M"],"character_chosen":"THE_SILENT","items_purchased":["Footwork"],"campfire_rested":1,"item_purchase_floors":[4],"current_hp_per_floor":[59,59,39,39,39,39,39,39,39,18,18,37,37,36,36,33,58,45,32,32,32,32,32,18,16,16,0],"gold":208,"neow_bonus":"THREE_ENEMY_KILL","is_prod":false,"is_daily":false,"chose_seed":false,"campfire_upgraded":3,"win_rate":0,"timestamp":1560775765,"path_taken":["M","?","?","$","M","R","E","R","T","E","M","R","?","M","R","BOSS","M","?","?","?","?","R","E","M","T","M"],"build_version":"2019-01-23","purchased_purges":0,"victory":false,"max_hp_per_floor":[66,66,66,66,66,66,66,66,66,66,66,66,66,66,66,66,66,66,66,66,66,66,66,66,66,66,66],"card_choices":[{"not_picked":["Underhanded Strike","Dodge and Roll"],"picked":"Catalyst","floor":1.0},{"not_picked":["Dagger Throw","Accuracy"],"picked":"Distraction","floor":5.0},{"not_picked":["Acrobatics","Sucker Punch"],"picked":"Bouncing Flask","floor":7.0},{"not_picked":["After Image","Heel Hook"],"picked":"Deadly Poison","floor":10.0},{"not_picked":["Concentrate","Deflect"],"picked":"Cloak And Dagger","floor":11.0},{"not_picked":["Skewer","Slice"],"picked":"Backflip","floor":14.0},{"not_picked":["Doppelganger","Venomology"],"picked":"Die Die Die","floor":16.0},{"not_picked":["Cloak And Dagger","Bane+1"],"picked":"Dodge and Roll","floor":18.0},{"not_picked":["Blade Dance","Caltrops"],"picked":"Dodge and Roll","floor":19.0},{"not_picked":["Heel Hook","Poisoned Stab"],"picked":"Predator","floor":24.0},{"not_picked":["Heel Hook","Infinite Blades","Poisoned Stab"],"picked":"SKIP","floor":25.0}],"player_experience":1472802,"relics_obtained":[{"floor":7.0,"key":"Art of War"},{"floor":9.0,"key":"Gremlin Horn"},{"floor":10.0,"key":"Potion Belt"},{"floor":23.0,"key":"Kunai"},{"floor":24.0,"key":"Torii"}],"event_choices":[{"damage_healed":0.0,"max_hp_gain":0.0,"max_hp_loss":0.0,"gold_gain":0.0,"event_name":"Living Wall","player_choice":"Grow","floor":2.0,"gold_loss":0.0,"damage_taken":0.0,"cards_upgraded":["Neutralize"]},{"damage_healed":0.0,"max_hp_gain":0.0,"max_hp_loss":0.0,"gold_gain":0.0,"event_name":"Shining Light","player_choice":"Entered Light","floor":3.0,"gold_loss":0.0,"damage_taken":20.0,"cards_upgraded":["Defend_G","Strike_G"]},{"damage_healed":0.0,"max_hp_gain":0.0,"max_hp_loss":0.0,"gold_gain":50.0,"event_name":"Golden Shrine","player_choice":"Pray","floor":13.0,"gold_loss":0.0,"damage_taken":0.0},{"damage_healed":0.0,"max_hp_gain":0.0,"max_hp_loss":0.0,"gold_gain":0.0,"event_name":"Addict","player_choice":"Obtained Relic","floor":20.0,"gold_loss":85.0,"damage_taken":0.0,"relics_obtained":["Shovel"]},{"cards_removed":["Strike_G"],"damage_healed":0.0,"max_hp_gain":0.0,"max_hp_loss":0.0,"gold_gain":0.0,"event_name":"Beggar","player_choice":"Gave Gold","floor":21.0,"gold_loss":75.0,"damage_taken":0.0},{"damage_healed":0.0,"max_hp_gain":0.0,"max_hp_loss":0.0,"gold_gain":0.0,"cards_transformed":["Strike_G","Strike_G"],"event_name":"Drug Dealer","player_choice":"Became Test Subject","floor":22.0,"gold_loss":0.0,"damage_taken":0.0,"cards_obtained":["Catalyst","Setup"]}],"is_beta":false,"boss_relics":[{"not_picked":["Tiny House","Astrolabe"],"picked":"Philosopher\u0027s Stone"}],"items_purged_floors":[],"is_endless":false,"potions_floor_spawned":[7,10,14,16,19],"killed_by":"3 Cultists","ascension_level":20}