{"path_per_floor":["M","$","M","?","?","R","E","M","T","R","M","M","E","M","R","B",null,"M","?","?","M","?","E","?","M","T","R","M","M","R","M","R","B",null,"M","?","M","?","M","T","R","?","T","R","$","?","$","M","R"],"character_chosen":"IRONCLAD","items_purchased":[],"gold_per_floor":[99,24,24,24,24,24,24,24,24,24,24,24,24,9,9,9,9,9,9,9,0,0,0,0,0,0,0,0,0,0,0,0,0,0,0,0,0,0,0,0,0,0,0,0,0,0,0,0,0],"floor_reached":50,"campfire_rested":7,"playtime":2907,"current_hp_per_floor":[80,80,80,80,80,80,49,49,56,82,77,77,67,60,86,67,87,83,83,83,70,70,55,55,28,28,55,49,33,61,60,89,46,104,101,101,74,74,61,61,93,93,93,93,93,93,93,66,98],"items_purged":["Strike_R"],"gold":0,"play_id":"e068ff5a-b92a-47c9-a422-45ebc995613b","is_prod":false,"is_daily":false,"is_ascension_mode":false,"campfire_upgraded":2,"path_taken":["M","$","M","?","?","R","E","M","T","R","M","M","E","M","R","BOSS","M","?","?","M","?","E","?","M","T","R","M","M","R","M","R","BOSS","M","?","M","?","M","?","R","?","T","R","$","?","$","M","R","BOSS"],"build_version":"2018-01-25-PROD3","purchased_purges":1,"victory":false,"master_deck":["Strike_R+1","Strike_R","Defend_R","Defend_R","Bash","Spot Weakness","Shockwave+1","Heavy Blade+1","Seeing Red","Body Slam+1","Brutality+1","Second Wind+1","Twin Strike+1","Feed","Pommel Strike+1","Inflame","Bloodletting","Fire Breathing+1","Combust+1","Flex+1","Double Tap+1","Anger+1","Infernal Blade","Inflame+1"],"max_hp_per_floor":[80,80,80,80,80,80,80,80,87,87,87,87,87,87,87,87,87,87,87,87,90,90,93,93,93,93,93,93,96,96,99,99,99,104,107,107,107,107,107,107,107,107,107,107,107,107,107,107,107],"relics":["Ectoplasm","Ornamental Fan","Strawberry","Dream Catcher","Astrolabe","Juzu Bracelet","Vajra","Tiny Chest","Tiny House","Whetstone","Bronze Scales","Red Mask"],"card_choices":[{"not_picked":["Clothesline","Combust"],"picked":"Spot Weakness"},{"not_picked":["Twin Strike","Cleave"],"picked":"Shockwave"},{"not_picked":["Iron Wave","Evolve"],"picked":"Battle Trance"},{"not_picked":["Seeing Red","Wild Strike"],"picked":"Heavy Blade"},{"not_picked":["Corruption","Pommel Strike"],"picked":"Seeing Red"},{"not_picked":["Clash","Cleave"],"picked":"Twin Strike"},{"not_picked":["Clash","Body Slam"],"picked":"Pommel Strike"},{"not_picked":["Rage","Body Slam"],"picked":"Bloodletting"},{"not_picked":["Combust","Armaments"],"picked":"Fire Breathing"},{"not_picked":["Iron Wave","Pommel Strike"],"picked":"Combust"},{"not_picked":["Thunderclap","Armaments"],"picked":"Flex"},{"not_picked":["Fiend Fire","Impervious"],"picked":"Double Tap"},{"not_picked":["Perfected Strike","Sword Boomerang"],"picked":"Anger"},{"not_picked":["Rage","Pommel Strike"],"picked":"Infernal Blade"},{"not_picked":["True Grit","Sword Boomerang"],"picked":"Inflame"}],"player_experience":40355,"potions_floor_usage":[13,16,16,21,31,33,33,39,50,50],"damage_taken":[{"damage":0,"enemies":"Cultist","floor":1,"turns":3},{"damage":0,"enemies":"Small Slimes","floor":3,"turns":3},{"damage":31,"enemies":"3 Sentries","floor":7,"turns":6},{"damage":0,"enemies":"2 Louse","floor":8,"turns":2},{"damage":5,"enemies":"2 Fungi Beasts","floor":11,"turns":4},{"damage":0,"enemies":"Large Slime","floor":12,"turns":4},{"damage":10,"enemies":"Gremlin Nob","floor":13,"turns":3},{"damage":7,"enemies":"Looter","floor":14,"turns":2},{"damage":19,"enemies":"Slime Boss","floor":16,"turns":8},{"damage":4,"enemies":"Chosen","floor":18,"turns":5},{"damage":16,"enemies":"2 Thieves","floor":21,"turns":3},{"damage":18,"enemies":"Book of Stabbing","floor":23,"turns":3},{"damage":27,"enemies":"Centurion and Healer","floor":25,"turns":3},{"damage":6,"enemies":"3 Cultists","floor":28,"turns":4},{"damage":19,"enemies":"Sentry and Sphere","floor":29,"turns":3},{"damage":4,"enemies":"Chosen and Byrds","floor":31,"turns":3},{"damage":43,"enemies":"Champ","floor":33,"turns":8},{"damage":6,"enemies":"Orb Walker","floor":35,"turns":2},{"damage":27,"enemies":"3 Shapes","floor":37,"turns":4},{"damage":13,"enemies":"3 Darklings","floor":39,"turns":4},{"damage":27,"enemies":"Maw","floor":48,"turns":5},{"damage":108,"enemies":"Donu and Deca","floor":50,"turns":5}],"event_choices":[{"event_name":"The Cleric","player_choice":"Leave","floor":4,"damage_taken":0},{"event_name":"Golden Idol","player_choice":"Ignored","floor":5,"damage_taken":0},{"event_name":"Transmorgrifier","player_choice":"Transform","floor":19,"damage_taken":0},{"event_name":"The Mausoleum","player_choice":"Yes","floor":20,"damage_taken":0},{"event_name":"The Library","player_choice":"Read","floor":22,"damage_taken":0},{"event_name":"Cursed Tome","player_choice":"Ignored","floor":24,"damage_taken":0},{"event_name":"Golden Shrine","player_choice":"Skipped","floor":36,"damage_taken":0},{"event_name":"Fountain of Cleansing","player_choice":"Removed Curse","floor":38,"damage_taken":0},{"event_name":"Tomb of Lord Red Mask","player_choice":"Paid","floor":46,"damage_taken":0}],"boss_relics":[{"not_picked":["Orrery","Black Star"],"picked":"Astrolabe"},{"not_picked":["Runic Pyramid","Velvet Choker"],"picked":"Tiny House"}],"potions_floor_spawned":[1,7,8,11,18,25,28,29,37,48],"seed_played":"-6027009620444285752","killed_by":"Donu and Deca","ascension_level":0,"is_trial":false}