{"gold_per_floor":[14,31,31,50,68,5,77,94,140,159,169,196,208,220,232,321,383,415,427],"floor_reached":19,"playtime":533,"items_purged":[],"score":342,"play_id":"911d7b42-50d5-40f0-afc3-11bb3a12d738","local_time":"20190329213823","is_ascension_mode":true,"campfire_choices":[{"floor":13,"key":"REST"},{"data":"Static Discharge","floor":15,"key":"SMITH"}],"neow_cost":"NO_GOLD","seed_source_timestamp":8493985699715404,"circlet_count":0,"master_deck":["AscendersBane","Strike_B","Strike_B","Strike_B","Strike_B","Defend_B","Defend_B","Defend_B","Defend_B","Zap","Dualcast","Biased Cognition","Streamline","Ball Lightning","Glacier+1","Coolheaded","Static Discharge+1","Leap","Conserve Battery","FTL","Creative AI","Leap","Capacitor"],"special_seed":0,"relics":["Cracked Core","Letter Opener","Oddly Smooth Stone","MawBank","Tiny House"],"potions_floor_usage":[19,19],"damage_taken":[{"damage":1.0,"enemies":"Cultist","floor":1.0,"turns":3.0},{"damage":0.0,"enemies":"Small Slimes","floor":2.0,"turns":3.0},{"damage":4,"enemies":"2 Louse","floor":4,"turns":2},{"damage":3,"enemies":"Blue Slaver","floor":5,"turns":3},{"damage":6,"enemies":"3 Louse","floor":8,"turns":3},{"damage":10,"enemies":"Looter","floor":10,"turns":2},{"damage":0,"enemies":"Exordium Thugs","floor":11,"turns":4},{"damage":27,"enemies":"Gremlin Nob","floor":12,"turns":4},{"damage":22,"enemies":"Hexaghost","floor":16,"turns":6},{"damage":11,"enemies":"Spheric Guardian","floor":18,"turns":8},{"damage":85,"enemies":"Masked Bandits","floor":19,"turns":4}],"seed_played":"2855404406126885349","potions_obtained":[{"floor":2.0,"key":"Regen Potion"},{"floor":4,"key":"Regen Potion"}],"is_trial":false,"path_per_floor":["M","M","?","M","M","?","T","M","T","M","M","E","R","?","R","B",null,"M","?"],"character_chosen":"DEFECT","items_purchased":[],"campfire_rested":1,"item_purchase_floors":[],"current_hp_per_floor":[63,63,63,59,56,56,56,50,50,40,40,13,34,34,34,12,61,50,0],"gold":427,"neow_bonus":"THREE_RARE_CARDS","is_prod":false,"is_daily":false,"chose_seed":false,"campfire_upgraded":1,"win_rate":0,"timestamp":1553909903,"path_taken":["M","?","?","M","M","?","?","M","T","M","M","E","R","?","R","BOSS","M","?"],"build_version":"2019-01-23","purchased_purges":0,"victory":false,"max_hp_per_floor":[71,71,71,71,71,71,71,71,71,71,71,71,71,71,71,71,76,76,76],"card_choices":[{"not_picked":["Hyperbeam","Machine Learning"],"picked":"Biased Cognition","floor":0.0},{"not_picked":["Coolheaded","Gash"],"picked":"Streamline","floor":1.0},{"not_picked":["Loop","Rebound"],"picked":"Ball Lightning","floor":2.0},{"not_picked":["Streamline","Storm"],"picked":"Glacier","floor":4},{"not_picked":["Rebound","Melter"],"picked":"Coolheaded","floor":5},{"not_picked":["Steam","Compile Driver"],"picked":"Static Discharge","floor":8},{"not_picked":["Turbo","Barrage"],"picked":"Leap","floor":10},{"not_picked":["Force Field","Leap"],"picked":"Conserve Battery","floor":11},{"not_picked":["Leap","Blizzard"],"picked":"FTL","floor":12},{"not_picked":["Biased Cognition","Meteor Strike"],"picked":"Creative AI","floor":16},{"not_picked":["Barrage","Static Discharge"],"picked":"Leap","floor":17},{"not_picked":["Stack","Leap"],"picked":"Capacitor","floor":18}],"player_experience":606625,"relics_obtained":[{"floor":7,"key":"Letter Opener"},{"floor":9,"key":"Oddly Smooth Stone"},{"floor":12,"key":"MawBank"}],"event_choices":[{"damage_healed":0,"gold_gain":0,"player_choice":"Ignored","damage_taken":0,"max_hp_gain":0,"max_hp_loss":0,"event_name":"Shining Light","floor":3,"gold_loss":0},{"damage_healed":0,"gold_gain":0,"player_choice":"Left Gold","damage_taken":0,"max_hp_gain":0,"max_hp_loss":0,"event_name":"World of Goop","floor":6,"gold_loss":63},{"damage_healed":0,"gold_gain":0,"player_choice":"Ignored","damage_taken":0,"max_hp_gain":0,"max_hp_loss":0,"event_name":"Golden Idol","floor":14,"gold_loss":0},{"damage_healed":0,"gold_gain":0,"player_choice":"Fought Bandits","damage_taken":0,"max_hp_gain":0,"max_hp_loss":0,"event_name":"Masked Bandits","floor":19,"gold_loss":0}],"is_beta":false,"boss_relics":[{"not_picked":["Black Star","Calling Bell"],"picked":"Tiny House"}],"items_purged_floors":[],"is_endless":false,"potions_floor_spawned":[2,4,10,11,16],"killed_by":"Masked Bandits","ascension_level":20}