{"gold_per_floor":[119,137,137,137,62,96,96,96,143,153,184,141,152,170,170,241,241,260,130,130,130,130,130],"floor_reached":23,"playtime":500,"items_purged":["Strike_R"],"score":422,"play_id":"4c7e68f5-a557-420d-b4d8-3820e493a9bd","local_time":"20190218160150","is_ascension_mode":true,"campfire_choices":[{"data":"Armaments","floor":7.0,"key":"SMITH"},{"data":"Uppercut","floor":15.0,"key":"SMITH"}],"neow_cost":"NONE","seed_source_timestamp":5108662879238612,"circlet_count":0,"master_deck":["AscendersBane","Strike_R+1","Strike_R+1","Defend_R+1","Defend_R+1","Defend_R+1","Defend_R+1","Bash+1","Feel No Pain","Armaments+1","Battle Trance","Perfected Strike","Spot Weakness","Uppercut+1","Pommel Strike","Uppercut","Offering","Clothesline","Heavy Blade"],"special_seed":0,"relics":["Burning Blood","NeowsBlessing","Pen Nib","Whetstone","Bag of Marbles","Snecko Eye","Paper Frog"],"potions_floor_usage":[23],"damage_taken":[{"damage":0.0,"enemies":"2 Louse","floor":1.0,"turns":1.0},{"damage":0.0,"enemies":"Small Slimes","floor":2.0,"turns":1.0},{"damage":0.0,"enemies":"3 Sentries","floor":6.0,"turns":2.0},{"damage":1.0,"enemies":"Cultist","floor":10.0,"turns":3.0},{"damage":8.0,"enemies":"Gremlin Nob","floor":11.0,"turns":3.0},{"damage":8.0,"enemies":"Looter","floor":13.0,"turns":3.0},{"damage":9.0,"enemies":"Blue Slaver","floor":14.0,"turns":3.0},{"damage":59.0,"enemies":"Hexaghost","floor":16.0,"turns":10.0},{"damage":27.0,"enemies":"2 Thieves","floor":18.0,"turns":4.0},{"damage":23,"enemies":"Slavers","floor":23,"turns":2}],"seed_played":"-8378941274010402489","potions_obtained":[{"floor":1.0,"key":"Block Potion"},{"floor":6.0,"key":"Explosive Potion"},{"floor":11.0,"key":"Energy Potion"}],"is_trial":false,"path_per_floor":["M","M","?","?","?","E","R","?","T","M","E","$","M","M","R","B",null,"M","$","?","?","T","E"],"character_chosen":"IRONCLAD","items_purchased":["Uppercut","Heavy Blade"],"campfire_rested":0,"item_purchase_floors":[12,19],"current_hp_per_floor":[74,75,68,68,68,74,74,79,79,80,78,78,76,73,73,20,65,44,44,21,21,21,0],"gold":130,"neow_bonus":"THREE_ENEMY_KILL","is_prod":false,"is_daily":false,"chose_seed":false,"campfire_upgraded":2,"win_rate":0,"timestamp":1550523710,"path_taken":["M","M","?","?","?","E","R","?","T","M","E","?","M","?","R","BOSS","M","$","?","?","?","E"],"build_version":"2019-01-23","purchased_purges":1,"victory":false,"max_hp_per_floor":[75,75,75,75,75,75,75,80,80,80,80,80,80,80,80,80,80,80,80,85,85,85,85],"card_choices":[{"not_picked":["Intimidate","Thunderclap"],"picked":"Feel No Pain","floor":1.0},{"not_picked":["Disarm","Thunderclap"],"picked":"Armaments","floor":2.0},{"not_picked":["Clash","Intimidate"],"picked":"Battle Trance","floor":6.0},{"not_picked":["Warcry","Battle Trance"],"picked":"Perfected Strike","floor":10.0},{"not_picked":["Rage","Carnage"],"picked":"Spot Weakness","floor":11.0},{"not_picked":["Clash","Havoc"],"picked":"Pommel Strike","floor":13.0},{"not_picked":["Iron Wave","Havoc"],"picked":"Uppercut","floor":14.0},{"not_picked":["Dark Embrace","Immolate"],"picked":"Offering","floor":16.0},{"not_picked":["Cleave","Blood for Blood"],"picked":"Clothesline","floor":18.0}],"player_experience":577303,"relics_obtained":[{"floor":6.0,"key":"Pen Nib"},{"floor":9.0,"key":"Whetstone"},{"floor":11.0,"key":"Bag of Marbles"},{"floor":22,"key":"Paper Frog"}],"event_choices":[{"cards_removed":["Strike_R"],"damage_healed":0.0,"max_hp_gain":0.0,"max_hp_loss":0.0,"gold_gain":0.0,"event_name":"Golden Wing","player_choice":"Card Removal","floor":3.0,"gold_loss":0.0,"damage_taken":7.0},{"damage_healed":0.0,"max_hp_gain":0.0,"max_hp_loss":0.0,"gold_gain":0.0,"event_name":"Living Wall","player_choice":"Grow","floor":4.0,"gold_loss":0.0,"damage_taken":0.0,"cards_upgraded":["Bash"]},{"cards_removed":["Strike_R"],"damage_healed":0.0,"max_hp_gain":0.0,"max_hp_loss":0.0,"gold_gain":0.0,"event_name":"The Cleric","player_choice":"Card Removal","floor":5.0,"gold_loss":75.0,"damage_taken":0.0},{"damage_healed":0.0,"max_hp_gain":5.0,"max_hp_loss":0.0,"gold_gain":0.0,"event_name":"Big Fish","player_choice":"Donut","floor":8.0,"gold_loss":0.0,"damage_taken":0.0},{"damage_healed":0,"gold_gain":0,"player_choice":"Shed Blood","damage_taken":28,"max_hp_gain":5,"max_hp_loss":0,"event_name":"Forgotten Altar","floor":20,"gold_loss":0},{"damage_healed":0,"gold_gain":0,"player_choice":"Simplicity","damage_taken":0,"max_hp_gain":0,"max_hp_loss":0,"event_name":"Back to Basics","floor":21,"gold_loss":0,"cards_upgraded":["Defend_R","Defend_R","Defend_R","Defend_R"]}],"is_beta":false,"boss_relics":[{"not_picked":["Busted Crown","Runic Dome"],"picked":"Snecko Eye"}],"items_purged_floors":[19],"is_endless":false,"potions_floor_spawned":[1,6,11,13,14],"killed_by":"Slavers","ascension_level":18}