{"gold_per_floor":[118,130,130,130,130,130,160,180,235,261,276,276,276,305,305,376,376,387,402,416,416],"floor_reached":21,"playtime":840,"items_purged":[],"score":398,"play_id":"b4198052-67c1-41a0-8638-2c358c4d3353","local_time":"20190127232717","is_ascension_mode":true,"campfire_choices":[{"data":"Bash","floor":6.0,"key":"SMITH"},{"data":"Double Tap","floor":13.0,"key":"SMITH"},{"data":"Armaments","floor":15.0,"key":"SMITH"}],"neow_cost":"PERCENT_DAMAGE","seed_source_timestamp":133626885835607,"circlet_count":0,"master_deck":["AscendersBane","Strike_R","Strike_R","Strike_R","Strike_R","Strike_R","Defend_R","Defend_R","Defend_R","Defend_R","Bash+1","Uppercut+1","Twin Strike","Double Tap+1","Shrug It Off","Armaments+1","Anger","Pommel Strike","Headbutt","Demon Form","Heavy Blade","True Grit","Pummel"],"special_seed":0,"relics":["Burning Blood","Prayer Wheel","Art of War","Meat on the Bone","Potion Belt","Ice Cream","Question Card","Busted Crown"],"potions_floor_usage":[21],"damage_taken":[{"damage":4.0,"enemies":"2 Louse","floor":1.0,"turns":3.0},{"damage":2.0,"enemies":"Jaw Worm","floor":2.0,"turns":3.0},{"damage":40.0,"enemies":"3 Sentries","floor":7.0,"turns":9.0},{"damage":0.0,"enemies":"Small Slimes","floor":8.0,"turns":3.0},{"damage":22.0,"enemies":"Gremlin Nob","floor":10.0,"turns":4.0},{"damage":1.0,"enemies":"Blue Slaver","floor":11.0,"turns":3.0},{"damage":2.0,"enemies":"Lagavulin","floor":14.0,"turns":5.0},{"damage":45.0,"enemies":"Hexaghost","floor":16.0,"turns":9.0},{"damage":19.0,"enemies":"Spheric Guardian","floor":18.0,"turns":4.0},{"damage":0.0,"enemies":"Chosen","floor":19.0,"turns":3.0},{"damage":38.0,"enemies":"Shelled Parasite and Fungi","floor":20.0,"turns":5.0},{"damage":41,"enemies":"Snake Plant","floor":21,"turns":4}],"seed_played":"-5497822005713434251","potions_obtained":[{"floor":1.0,"key":"Ancient Potion"},{"floor":8.0,"key":"Strength Potion"},{"floor":14.0,"key":"SteroidPotion"},{"floor":19.0,"key":"BloodPotion"}],"is_trial":false,"path_per_floor":["M","M","?","?","?","R","E","M","T","E","M","$","R","E","R","B",null,"M","M","M","M"],"character_chosen":"IRONCLAD","items_purchased":[],"campfire_rested":0,"item_purchase_floors":[],"current_hp_per_floor":[52,56,56,45,45,45,11,29,29,25,42,42,42,46,46,19,61,48,54,34,0],"gold":416,"neow_bonus":"ONE_RARE_RELIC","is_prod":false,"is_daily":false,"chose_seed":false,"campfire_upgraded":3,"win_rate":0,"timestamp":1548631637,"path_taken":["M","M","?","?","?","R","E","M","T","E","M","?","R","E","R","BOSS","M","?","?","M"],"build_version":"2019-01-23","purchased_purges":0,"victory":false,"max_hp_per_floor":[75,75,75,75,75,75,75,75,75,75,75,75,75,75,75,75,75,75,75,75,75],"card_choices":[{"not_picked":["Rupture","Armaments"],"picked":"Uppercut","floor":1.0},{"not_picked":["Iron Wave","Entrench"],"picked":"Twin Strike","floor":1.0},{"not_picked":["Body Slam","Warcry","Rupture"],"picked":"SKIP","floor":2.0},{"not_picked":["Warcry","Flex","Dual Wield"],"picked":"SKIP","floor":2.0},{"not_picked":["Heavy Blade","Flame Barrier"],"picked":"Double Tap","floor":7.0},{"not_picked":["Anger","Iron Wave"],"picked":"Shrug It Off","floor":8.0},{"not_picked":["Clash","Heavy Blade"],"picked":"Armaments","floor":8.0},{"not_picked":["Blood for Blood","Pummel"],"picked":"Anger","floor":10.0},{"not_picked":["Sword Boomerang","Infernal Blade"],"picked":"Pommel Strike","floor":11.0},{"not_picked":["Havoc","Blood for Blood"],"picked":"Headbutt","floor":11.0},{"not_picked":["Bloodletting","Dark Embrace","Heavy Blade"],"picked":"SKIP","floor":14.0},{"not_picked":["Berserk","Bludgeon","Barricade"],"picked":"Demon Form","floor":16.0},{"not_picked":["Perfected Strike"],"picked":"Heavy Blade","floor":18.0},{"not_picked":["Burning Pact","Flex"],"picked":"SKIP","floor":18.0},{"not_picked":["Burning Pact","Intimidate"],"picked":"SKIP","floor":19.0},{"not_picked":["Thunderclap","Hemokinesis"],"picked":"SKIP","floor":19.0},{"not_picked":["Uppercut"],"picked":"True Grit","floor":20.0},{"not_picked":["Fire Breathing"],"picked":"Pummel","floor":20.0}],"player_experience":1168746,"relics_obtained":[{"floor":7.0,"key":"Meat on the Bone"},{"floor":9.0,"key":"Potion Belt"},{"floor":10.0,"key":"Ice Cream"},{"floor":14.0,"key":"Question Card"}],"event_choices":[{"damage_healed":0.0,"max_hp_gain":0.0,"max_hp_loss":0.0,"gold_gain":0.0,"event_name":"Living Wall","player_choice":"Grow","floor":3.0,"gold_loss":0.0,"damage_taken":0.0,"cards_upgraded":["Uppercut"]},{"damage_healed":0.0,"max_hp_gain":0.0,"max_hp_loss":0.0,"gold_gain":0.0,"event_name":"Scrap Ooze","player_choice":"Success","floor":4.0,"gold_loss":0.0,"damage_taken":11.0,"relics_obtained":["Art of War"]},{"damage_healed":0.0,"max_hp_gain":0.0,"max_hp_loss":0.0,"gold_gain":0.0,"event_name":"Liars Game","player_choice":"Ignored","floor":5.0,"gold_loss":0.0,"damage_taken":0.0}],"is_beta":false,"boss_relics":[{"not_picked":["Velvet Choker","Calling Bell"],"picked":"Busted Crown"}],"items_purged_floors":[],"is_endless":false,"potions_floor_spawned":[1,8,14,19],"killed_by":"Snake Plant","ascension_level":20}