{"gold_per_floor":[109,11,11,30,45,45,57,68,68,68],"floor_reached":10,"playtime":444,"items_purged":[],"score":120,"play_id":"13ff1af4-53df-4e09-ae5c-ddf0fdbaab8f","local_time":"20190503144930","is_ascension_mode":true,"campfire_choices":[{"floor":6,"key":"DIG"}],"neow_cost":"CURSE","seed_source_timestamp":528218019533306,"circlet_count":0,"master_deck":["AscendersBane","Defend_G","Defend_G","Defend_G","Defend_G","Defend_G","Strike_G","Strike_G","Strike_G","Strike_G","Strike_G","Survivor","Neutralize","Clumsy","Escape Plan","Caltrops","Flying Knee","Escape Plan","Sucker Punch","Blade Dance","Heel Hook"],"relics":["Ring of the Snake","Shovel","Strawberry","Molten Egg 2"],"potions_floor_usage":[8,8,10],"damage_taken":[{"damage":39,"enemies":"Jaw Worm","floor":1,"turns":12},{"damage":0,"enemies":"Small Slimes","floor":4,"turns":4},{"damage":4,"enemies":"2 Louse","floor":5,"turns":4},{"damage":5,"enemies":"2 Fungi Beasts","floor":7,"turns":5},{"damage":18,"enemies":"Gremlin Gang","floor":8,"turns":9},{"damage":26,"enemies":"Gremlin Nob","floor":10,"turns":3}],"seed_played":"4840265719526481505","potions_obtained":[{"floor":1,"key":"Poison Potion"},{"floor":5,"key":"Regen Potion"},{"floor":8,"key":"SteroidPotion"}],"is_trial":false,"path_per_floor":["M","$","?","M","M","R","M","M","T","?"],"character_chosen":"THE_SILENT","items_purchased":["Caltrops","Flying Knee"],"campfire_rested":0,"item_purchase_floors":[2,2],"current_hp_per_floor":[20,20,20,20,16,23,18,15,15,0],"gold":68,"neow_bonus":"ONE_RARE_RELIC","is_prod":false,"is_daily":false,"chose_seed":false,"campfire_upgraded":0,"win_rate":0,"timestamp":1556909370,"path_taken":["M","$","?","M","M","R","M","M","T","?"],"build_version":"2019-01-23","purchased_purges":0,"victory":false,"max_hp_per_floor":[66,66,66,66,66,73,73,73,73,73],"card_choices":[{"not_picked":["Choke","Prepared"],"picked":"Escape Plan","floor":1},{"not_picked":["Acrobatics","Calculated Gamble"],"picked":"Escape Plan","floor":4},{"not_picked":["Quick Slash","Prepared"],"picked":"Sucker Punch","floor":5},{"not_picked":["Outmaneuver","Prepared"],"picked":"Blade Dance","floor":7},{"not_picked":["Bane","Storm of Steel"],"picked":"Heel Hook","floor":8}],"player_experience":672023,"relics_obtained":[{"floor":6,"key":"Strawberry"},{"floor":9,"key":"Molten Egg 2"}],"event_choices":[{"damage_healed":0,"gold_gain":0,"player_choice":"Ignored","damage_taken":0,"max_hp_gain":0,"max_hp_loss":0,"event_name":"Golden Idol","floor":3,"gold_loss":0},{"damage_healed":0,"gold_gain":0,"player_choice":"Searched \u00272\u0027 times","damage_taken":0,"max_hp_gain":0,"max_hp_loss":0,"event_name":"Dead Adventurer","floor":10,"gold_loss":0}],"is_beta":false,"boss_relics":[],"items_purged_floors":[],"is_endless":false,"potions_floor_spawned":[1,5,8],"killed_by":"Gremlin Nob","ascension_level":20}