{"gold_per_floor":[115,115,126,126,126,126,126,152,152,169,199,199,199,216,216,316,316,316,316,256,256,256,256,256,256,256,256,256,256,256,256,256,256,256,256,57,57,57,0,0,0,0,0,0,0,0,0,0,0,0],"floor_reached":51,"playtime":2578,"items_purged":[],"score":1213,"play_id":"e7df338c-05ff-4aad-9dfd-e70d27ef39cd","local_time":"20181222125340","is_ascension_mode":true,"campfire_choices":[{"data":"Metallicize","floor":6.0,"key":"SMITH"},{"data":"Juggernaut","floor":12.0,"key":"SMITH"},{"data":"Armaments","floor":15.0,"key":"SMITH"},{"data":"Rage","floor":24.0,"key":"SMITH"},{"floor":27.0,"key":"REST"},{"floor":29.0,"key":"REST"},{"floor":32.0,"key":"REST"},{"floor":41.0,"key":"REST"},{"floor":49,"key":"REST"}],"neow_cost":"NONE","seed_source_timestamp":0,"circlet_count":0,"master_deck":["AscendersBane","Strike_R+1","Strike_R+1","Strike_R","Strike_R","Defend_R","Defend_R","Defend_R","Defend_R","Bash+1","Metallicize+1","Shrug It Off","Armaments+1","Juggernaut+1","Twin Strike","Inflame","Impervious","Reaper","Rage+1","Dropkick","Shrug It Off","Blood for Blood+1","Fire Breathing+1","Shrug It Off+1","Iron Wave+1","Rampage","Headbutt","Barricade+1","Body Slam+1","Uppercut+1","Double Tap","Body Slam","Metallicize+1","Body Slam+1","Body Slam+1","Clothesline","Swift Strike"],"special_seed":0,"relics":["Burning Blood","Meat on the Bone","Prayer Wheel","Sundial","Bag of Preparation","Ectoplasm","SsserpentHead","Tiny Chest","Blue Candle","Darkstone Periapt","Du-Vu Doll","Runic Cube","TheAbacus","Red Mask","MawBank","Pear","Dodecahedron"],"potions_floor_usage":[50],"damage_taken":[{"damage":7.0,"enemies":"2 Louse","floor":1.0,"turns":4.0},{"damage":0.0,"enemies":"Small Slimes","floor":3.0,"turns":5.0},{"damage":32.0,"enemies":"Lagavulin","floor":8.0,"turns":7.0},{"damage":4.0,"enemies":"Cultist","floor":10.0,"turns":5.0},{"damage":12.0,"enemies":"3 Sentries","floor":11.0,"turns":6.0},{"damage":3.0,"enemies":"Looter","floor":14.0,"turns":3.0},{"damage":35.0,"enemies":"Hexaghost","floor":16.0,"turns":11.0},{"damage":15.0,"enemies":"Shell Parasite","floor":18.0,"turns":4.0},{"damage":22.0,"enemies":"2 Thieves","floor":20.0,"turns":4.0},{"damage":35.0,"enemies":"Shelled Parasite and Fungi","floor":21.0,"turns":6.0},{"damage":8.0,"enemies":"Book of Stabbing","floor":23.0,"turns":4.0},{"damage":40.0,"enemies":"Cultist and Chosen","floor":25.0,"turns":8.0},{"damage":40.0,"enemies":"Slavers","floor":28.0,"turns":8.0},{"damage":1.0,"enemies":"Snake Plant","floor":30.0,"turns":3.0},{"damage":50.0,"enemies":"Book of Stabbing","floor":31.0,"turns":5.0},{"damage":40.0,"enemies":"Collector","floor":33.0,"turns":12.0},{"damage":18.0,"enemies":"Orb Walker","floor":35.0,"turns":5.0},{"damage":44.0,"enemies":"3 Darklings","floor":37.0,"turns":9.0},{"damage":4.0,"enemies":"Spire Growth","floor":38.0,"turns":7.0},{"damage":29.0,"enemies":"Giant Head","floor":40.0,"turns":8.0},{"damage":23.0,"enemies":"4 Shapes","floor":42.0,"turns":6.0},{"damage":38.0,"enemies":"Transient","floor":44.0,"turns":5.0},{"damage":63.0,"enemies":"Reptomancer","floor":46.0,"turns":8.0},{"damage":23.0,"enemies":"3 Darklings","floor":47.0,"turns":6.0},{"damage":16,"enemies":"Time Eater","floor":50,"turns":13}],"seed_played":"-3680610685067739395","potions_obtained":[{"floor":1.0,"key":"Strength Potion"},{"floor":8.0,"key":"EssenceOfSteel"},{"floor":11.0,"key":"FearPotion"},{"floor":23.0,"key":"Fruit Juice"},{"floor":30.0,"key":"PowerPotion"},{"floor":31.0,"key":"SkillPotion"},{"floor":33.0,"key":"Fire Potion"},{"floor":38.0,"key":"Weak Potion"},{"floor":40.0,"key":"Swift Potion"},{"floor":42.0,"key":"EssenceOfSteel"}],"is_trial":false,"path_per_floor":["M","?","M","?","?","R","?","E","T","M","E","R","?","M","R","B",null,"M","?","M","M","?","E","R","M","T","R","E","R","M","E","R","B",null,"M","$","M","M","?","E","R","M","T","M","?","E","M","?","R","B",null],"character_chosen":"IRONCLAD","items_purchased":["TheAbacus"],"campfire_rested":5,"item_purchase_floors":[36],"current_hp_per_floor":[71,71,77,61,66,66,66,52,52,54,60,60,60,63,63,46,75,66,66,60,53,81,88,88,54,54,81,55,82,87,55,82,58,82,75,75,52,59,59,54,81,80,90,58,58,34,39,39,69,67],"gold":0,"neow_bonus":"THREE_CARDS","is_prod":false,"is_daily":false,"chose_seed":false,"campfire_upgraded":4,"win_rate":0,"timestamp":1545501220,"path_taken":["M","?","M","?","?","R","?","E","T","?","E","R","?","M","R","BOSS","M","?","?","M","?","E","R","M","T","R","E","R","M","E","R","BOSS","M","$","M","M","?","E","R","M","T","M","?","E","?","?","R","BOSS"],"build_version":"2018-12-20","purchased_purges":0,"victory":true,"max_hp_per_floor":[80,80,80,80,85,85,85,85,85,85,85,85,85,85,85,85,85,85,85,85,85,85,90,90,90,90,90,90,90,90,90,90,90,90,90,90,90,90,90,90,90,90,100,100,100,100,100,100,100,100],"card_choices":[{"not_picked":["Iron Wave","Clash"],"picked":"Metallicize","floor":0.0},{"not_picked":["Burning Pact","Warcry"],"picked":"Shrug It Off","floor":1.0},{"not_picked":["Clash","Wild Strike","Sword Boomerang"],"picked":"SKIP","floor":3.0},{"not_picked":["Havoc","Thunderclap"],"picked":"Armaments","floor":8.0},{"not_picked":["Second Wind","Cleave"],"picked":"Juggernaut","floor":10.0},{"not_picked":["Thunderclap","Warcry","Clash"],"picked":"SKIP","floor":10.0},{"not_picked":["Perfected Strike","Havoc"],"picked":"Twin Strike","floor":11.0},{"not_picked":["Flex","Reckless Charge"],"picked":"Inflame","floor":14.0},{"not_picked":["Fire Breathing","Iron Wave"],"picked":"Impervious","floor":14.0},{"not_picked":["Dark Embrace","Fiend Fire"],"picked":"Reaper","floor":16.0},{"not_picked":["Thunderclap","Iron Wave"],"picked":"Rage","floor":18.0},{"not_picked":["Flex","Fire Breathing"],"picked":"Dropkick","floor":18.0},{"not_picked":["True Grit+1","Thunderclap"],"picked":"Shrug It Off","floor":20.0},{"not_picked":["Warcry","Second Wind","Cleave"],"picked":"SKIP","floor":20.0},{"not_picked":["Iron Wave","Berserk"],"picked":"Blood for Blood+1","floor":21.0},{"not_picked":["Twin Strike","Sever Soul"],"picked":"Fire Breathing+1","floor":21.0},{"not_picked":["Thunderclap","Pommel Strike+1"],"picked":"Shrug It Off+1","floor":23.0},{"not_picked":["Rupture","True Grit","Clothesline"],"picked":"SKIP","floor":25.0},{"not_picked":["True Grit+1","Warcry+1","Feel No Pain"],"picked":"SKIP","floor":25.0},{"not_picked":["True Grit","Thunderclap+1"],"picked":"Iron Wave+1","floor":28.0},{"not_picked":["Pommel Strike+1","Body Slam"],"picked":"Rampage","floor":30.0},{"not_picked":["Pommel Strike+1","Power Through","Infernal Blade+1"],"picked":"SKIP","floor":30.0},{"not_picked":["Pommel Strike","Shrug It Off"],"picked":"Headbutt","floor":31.0},{"not_picked":["Immolate","Dark Embrace"],"picked":"Barricade","floor":33.0},{"not_picked":["Perfected Strike","Heavy Blade"],"picked":"Body Slam+1","floor":35.0},{"not_picked":["Whirlwind","Pommel Strike+1","Clash"],"picked":"SKIP","floor":35.0},{"not_picked":["Cleave","Iron Wave+1"],"picked":"Uppercut+1","floor":37.0},{"not_picked":["Twin Strike+1","Cleave+1","Thunderclap"],"picked":"SKIP","floor":37.0},{"not_picked":["Havoc+1","Infernal Blade"],"picked":"Double Tap","floor":38.0},{"not_picked":["Sword Boomerang+1","Havoc"],"picked":"Body Slam","floor":38.0},{"not_picked":["Uppercut","Dual Wield","Rupture"],"picked":"SKIP","floor":40.0},{"not_picked":["Clash","Havoc+1"],"picked":"Metallicize+1","floor":42.0},{"not_picked":["Wild Strike","Infernal Blade","Sentinel+1"],"picked":"SKIP","floor":42.0},{"not_picked":["Anger+1","Thunderclap"],"picked":"Body Slam+1","floor":44.0},{"not_picked":["Twin Strike+1","Rupture+1"],"picked":"Body Slam+1","floor":44.0},{"not_picked":["Carnage","Rupture+1","Pummel+1"],"picked":"SKIP","floor":46.0},{"not_picked":["Fire Breathing+1","Shrug It Off+1","Combust+1"],"picked":"SKIP","floor":47.0},{"not_picked":["Perfected Strike","Uppercut","Sword Boomerang"],"picked":"SKIP","floor":47.0}],"player_experience":531036,"relics_obtained":[{"floor":8.0,"key":"Prayer Wheel"},{"floor":9.0,"key":"Sundial"},{"floor":11.0,"key":"Bag of Preparation"},{"floor":23.0,"key":"Tiny Chest"},{"floor":26.0,"key":"Blue Candle"},{"floor":28.0,"key":"Darkstone Periapt"},{"floor":31.0,"key":"Du-Vu Doll"},{"floor":40.0,"key":"MawBank"},{"floor":43.0,"key":"Pear"},{"floor":46.0,"key":"Dodecahedron"}],"event_choices":[{"damage_healed":0.0,"max_hp_gain":0.0,"max_hp_loss":0.0,"gold_gain":0.0,"event_name":"Living Wall","player_choice":"Grow","floor":2.0,"gold_loss":0.0,"damage_taken":0.0,"cards_upgraded":["Bash"]},{"damage_healed":0.0,"max_hp_gain":0.0,"max_hp_loss":0.0,"gold_gain":0.0,"event_name":"Shining Light","player_choice":"Entered Light","floor":4.0,"gold_loss":0.0,"damage_taken":16.0,"cards_upgraded":["Strike_R","Strike_R"]},{"damage_healed":0.0,"max_hp_gain":5.0,"max_hp_loss":0.0,"gold_gain":0.0,"event_name":"Big Fish","player_choice":"Donut","floor":5.0,"gold_loss":0.0,"damage_taken":0.0},{"damage_healed":0.0,"max_hp_gain":0.0,"max_hp_loss":0.0,"gold_gain":0.0,"event_name":"WeMeetAgain","player_choice":"Gave Potion","floor":7.0,"gold_loss":0.0,"damage_taken":0.0,"relics_obtained":["Meat on the Bone"]},{"cards_removed":["Strike_R"],"damage_healed":0.0,"max_hp_gain":0.0,"max_hp_loss":0.0,"gold_gain":0.0,"event_name":"Bonfire Elementals","player_choice":"Offered Basic","floor":13.0,"gold_loss":0.0,"damage_taken":0.0},{"damage_healed":0.0,"max_hp_gain":0.0,"max_hp_loss":0.0,"gold_gain":0.0,"event_name":"FaceTrader","player_choice":"Trade","floor":19.0,"gold_loss":0.0,"damage_taken":0.0,"relics_obtained":["SsserpentHead"]},{"damage_healed":28.0,"max_hp_gain":0.0,"max_hp_loss":0.0,"gold_gain":0.0,"event_name":"The Library","player_choice":"Heal","floor":22.0,"gold_loss":0.0,"damage_taken":0.0},{"damage_healed":0.0,"max_hp_gain":0.0,"max_hp_loss":0.0,"gold_gain":0.0,"event_name":"Tomb of Lord Red Mask","player_choice":"Paid","floor":39.0,"gold_loss":57.0,"damage_taken":0.0,"relics_obtained":["Red Mask"]},{"damage_healed":0.0,"max_hp_gain":0.0,"max_hp_loss":0.0,"gold_gain":0.0,"event_name":"Accursed Blacksmith","player_choice":"Forge","floor":45.0,"gold_loss":0.0,"damage_taken":0.0,"cards_upgraded":["Barricade"]},{"damage_healed":0,"gold_gain":0,"player_choice":"2 cards matched","damage_taken":0,"max_hp_gain":0,"max_hp_loss":0,"event_name":"Match and Keep!","floor":48,"gold_loss":0,"cards_obtained":["Clothesline","Swift Strike"]}],"is_beta":false,"boss_relics":[{"not_picked":["Black Blood","Eternal Feather"],"picked":"Ectoplasm"},{"not_picked":["Mark of Pain","White Beast Statue"],"picked":"Runic Cube"}],"items_purged_floors":[],"is_endless":false,"potions_floor_spawned":[1,8,11,23,30,31,33,38,40,42],"ascension_level":10}