{"gold_per_floor":[111,130,142,142,197,197,231,231,258,221,231,244,209,219,219,323,323,335,19,118,33,43,43],"floor_reached":23,"playtime":904,"items_purged":[],"score":220,"play_id":"c6c19ca8-7e62-4295-9965-31d8b0b18f01","local_time":"20180802201628","is_ascension_mode":true,"campfire_choices":[{"data":"Caltrops","floor":6.0,"key":"SMITH"},{"floor":8.0,"key":"REST"},{"data":"Noxious Fumes","floor":15.0,"key":"SMITH"}],"neow_cost":"","seed_source_timestamp":2244591926723526,"circlet_count":0,"master_deck":["Defend_G","Defend_G","Defend_G","Defend_G","Defend_G","Strike_G","Strike_G","Strike_G","Strike_G","Strike_G","Survivor","Neutralize+1","Caltrops+1","Backstab","Infinite Blades","Quick Slash","Noxious Fumes+1","Well Laid Plans","Heel Hook","Cloak And Dagger","A Thousand Cuts","Noxious Fumes","Backflip","Terror","Deflect","Deadly Poison","Dash","Footwork","Flying Knee+1"],"special_seed":0,"relics":["Ring of the Snake","Boot","Omamori","Orrery","Shuriken","Girya"],"potions_floor_usage":[],"damage_taken":[{"damage":8.0,"enemies":"Small Slimes","floor":1.0,"turns":4.0},{"damage":0.0,"enemies":"Cultist","floor":2.0,"turns":4.0},{"damage":0.0,"enemies":"Jaw Worm","floor":3.0,"turns":4.0},{"damage":18.0,"enemies":"Lagavulin","floor":7.0,"turns":8.0},{"damage":3.0,"enemies":"Looter","floor":11.0,"turns":3.0},{"damage":11.0,"enemies":"Exordium Thugs","floor":12.0,"turns":6.0},{"damage":5.0,"enemies":"3 Louse","floor":14.0,"turns":2.0},{"damage":30.0,"enemies":"Hexaghost","floor":16.0,"turns":8.0},{"damage":17.0,"enemies":"3 Byrds","floor":18.0,"turns":5.0},{"damage":18.0,"enemies":"Chosen","floor":22.0,"turns":6.0},{"damage":39,"enemies":"Book of Stabbing","floor":23,"turns":5}],"seed_played":"4682926442156793474","potions_obtained":[{"floor":1.0,"key":"SteroidPotion"},{"floor":7.0,"key":"GamblersBrew"},{"floor":16.0,"key":"Fire Potion"}],"is_trial":false,"path_per_floor":["M","M","M","?","?","R","E","R","T","$","M","M","?","M","R","B",null,"M","$","?","?","M"],"character_chosen":"THE_SILENT","items_purchased":["Noxious Fumes","Shuriken","Footwork"],"campfire_rested":1,"item_purchase_floors":[10,19,19],"current_hp_per_floor":[62,62,62,62,62,62,44,65,65,65,62,51,68,63,63,33,70,53,53,53,53,35,0],"gold":43,"neow_bonus":"","is_prod":false,"is_daily":false,"chose_seed":false,"campfire_upgraded":2,"win_rate":0,"timestamp":1533255388,"path_taken":["M","M","M","?","?","R","E","R","T","?","M","M","?","M","R","BOSS","M","$","?","?","?","E"],"build_version":"2018-07-26","purchased_purges":0,"victory":false,"max_hp_per_floor":[70,70,70,70,70,70,70,70,70,70,70,70,70,70,70,70,70,70,70,70,70,70,70],"card_choices":[{"not_picked":["PiercingWail","Outmaneuver"],"picked":"Caltrops","floor":1.0},{"not_picked":["Reflex","Deflect"],"picked":"Backstab","floor":2.0},{"not_picked":["Outmaneuver","Flying Knee"],"picked":"Infinite Blades","floor":3.0},{"not_picked":["Setup","Masterful Stab"],"picked":"Quick Slash","floor":7.0},{"not_picked":["PiercingWail","Acrobatics"],"picked":"Well Laid Plans","floor":11.0},{"not_picked":["Dagger Throw","Quick Slash"],"picked":"Heel Hook","floor":12.0},{"not_picked":["Catalyst","Infinite Blades"],"picked":"Cloak And Dagger","floor":14.0},{"not_picked":["Bullet Time","Adrenaline"],"picked":"A Thousand Cuts","floor":16.0},{"not_picked":["Outmaneuver","Slice"],"picked":"Noxious Fumes","floor":17.0},{"not_picked":["Choke","Glass Knife"],"picked":"Backflip","floor":17.0},{"not_picked":["Outmaneuver","Poisoned Stab"],"picked":"Terror","floor":17.0},{"not_picked":["Outmaneuver","Underhanded Strike"],"picked":"Deflect","floor":17.0},{"not_picked":["Bane","Deflect"],"picked":"Deadly Poison","floor":17.0},{"not_picked":["Dagger Throw","Backflip"],"picked":"Dash","floor":18.0},{"not_picked":["Acrobatics+1","Quick Slash"],"picked":"Flying Knee+1","floor":22.0}],"player_experience":198636,"relics_obtained":[{"floor":7.0,"key":"Boot"},{"floor":9.0,"key":"Omamori"}],"event_choices":[{"event_name":"Accursed Blacksmith","player_choice":"Forge","floor":4.0,"damage_taken":0.0},{"event_name":"Golden Wing","player_choice":"Gained Gold","floor":5.0,"damage_taken":0.0},{"event_name":"The Cleric","player_choice":"Healed","floor":13.0,"damage_taken":0.0},{"event_name":"Nest","player_choice":"Stole From Cult","floor":20.0,"damage_taken":0.0},{"event_name":"Addict","player_choice":"Obtained Relic","floor":21.0,"damage_taken":0.0}],"is_beta":false,"boss_relics":[{"not_picked":["HoveringKite","Runic Pyramid"],"picked":"Orrery"}],"items_purged_floors":[],"is_endless":false,"potions_floor_spawned":[1,7,16],"killed_by":"Book of Stabbing","ascension_level":3}