{"gold_per_floor":[117,38,38,58,58,92,92,126,126,126,138,148,166,194,194,273,273,287,202,60,60,71,71,121,33,58,70,70,70,70],"floor_reached":30,"playtime":934,"items_purged":[],"score":542,"play_id":"09a03a21-d900-40f6-a20f-72840a01085d","local_time":"20190405202020","is_ascension_mode":true,"campfire_choices":[{"data":"Predator","floor":7.0,"key":"SMITH"},{"floor":10.0,"key":"REST"},{"floor":15.0,"key":"DIG"},{"floor":23,"key":"REST"},{"floor":28,"key":"REST"}],"neow_cost":"NONE","seed_source_timestamp":0,"circlet_count":0,"master_deck":["AscendersBane","Defend_G","Defend_G","Defend_G","Defend_G","Defend_G","Strike_G","Strike_G","Strike_G","Strike_G","Strike_G","Survivor","Neutralize+1","Blade Dance","Leg Sweep","Predator+1","Crippling Poison","Envenom","Dagger Spray","Well Laid Plans","Sucker Punch","Glass Knife","Blade Dance","Flying Knee","Catalyst","Dagger Spray","Cloak And Dagger","Riddle With Holes","Flying Knee","Noxious Fumes","Dodge and Roll"],"special_seed":0,"relics":["Ring of the Snake","NeowsBlessing","Dodecahedron","Shuriken","Potion Belt","Shovel","The Specimen","Orrery","Matryoshka","Tiny Chest","Frozen Egg 2"],"potions_floor_usage":[21,22,27,27,30],"damage_taken":[{"damage":0.0,"enemies":"2 Louse","floor":1.0,"turns":1.0},{"damage":0.0,"enemies":"Small Slimes","floor":4.0,"turns":1.0},{"damage":0.0,"enemies":"Lagavulin","floor":6.0,"turns":1.0},{"damage":48.0,"enemies":"Gremlin Nob","floor":8.0,"turns":5.0},{"damage":0.0,"enemies":"Cultist","floor":11.0,"turns":3.0},{"damage":1.0,"enemies":"Exordium Wildlife","floor":12.0,"turns":6.0},{"damage":0.0,"enemies":"3 Louse","floor":13.0,"turns":3.0},{"damage":22.0,"enemies":"3 Sentries","floor":14.0,"turns":4.0},{"damage":7.0,"enemies":"The Guardian","floor":16.0,"turns":16.0},{"damage":48.0,"enemies":"Spheric Guardian","floor":18.0,"turns":6.0},{"damage":0,"enemies":"3 Byrds","floor":22,"turns":2},{"damage":33,"enemies":"Cultist and Chosen","floor":27,"turns":5},{"damage":39,"enemies":"Shelled Parasite and Fungi","floor":30,"turns":4}],"seed_played":"6289049669690654037","potions_obtained":[{"floor":1.0,"key":"SpeedPotion"},{"floor":4.0,"key":"Explosive Potion"},{"floor":8.0,"key":"Regen Potion"},{"floor":11.0,"key":"AttackPotion"},{"floor":16.0,"key":"Regen Potion"},{"floor":21,"key":"Fruit Juice"},{"floor":21,"key":"LiquidBronze"},{"floor":22,"key":"AttackPotion"},{"floor":27,"key":"Fruit Juice"}],"is_trial":false,"path_per_floor":["M","$","?","M","?","E","R","E","T","R","M","M","M","E","R","B",null,"M","?","$","?","M","R","?","$","T","M","R","?","M"],"character_chosen":"THE_SILENT","items_purchased":["Leg Sweep","Tiny Chest","Noxious Fumes"],"campfire_rested":3,"item_purchase_floors":[2,20,25],"current_hp_per_floor":[59,59,59,59,55,55,55,7,7,26,26,25,25,17,17,10,52,4,4,4,9,9,30,30,30,30,14,36,36,0],"gold":70,"neow_bonus":"THREE_ENEMY_KILL","is_prod":false,"is_daily":false,"chose_seed":false,"campfire_upgraded":1,"win_rate":0,"timestamp":1554510020,"path_taken":["M","$","?","M","?","E","R","E","T","R","?","M","M","E","R","BOSS","M","?","$","?","?","R","?","?","T","?","R","?","M"],"build_version":"2019-01-23","purchased_purges":0,"victory":false,"max_hp_per_floor":[66,66,66,66,66,66,66,66,66,66,66,66,66,66,66,66,66,66,66,66,71,71,71,71,71,71,76,76,76,76],"card_choices":[{"not_picked":["Eviscerate","Calculated Gamble"],"picked":"Blade Dance","floor":1.0},{"not_picked":["Backflip","Acrobatics"],"picked":"Predator","floor":4.0},{"not_picked":["Escape Plan","Choke"],"picked":"Crippling Poison","floor":6.0},{"not_picked":["Catalyst","Accuracy"],"picked":"Envenom","floor":8.0},{"not_picked":["Deadly Poison","PiercingWail"],"picked":"Dagger Spray","floor":11.0},{"not_picked":["Poisoned Stab","Deadly Poison"],"picked":"Well Laid Plans","floor":12.0},{"not_picked":["Dagger Throw","Deadly Poison","Underhanded Strike"],"picked":"SKIP","floor":13.0},{"not_picked":["Tools of the Trade","Deadly Poison"],"picked":"Sucker Punch","floor":14.0},{"not_picked":["Phantasmal Killer","Burst"],"picked":"Glass Knife","floor":16.0},{"not_picked":["Endless Agony","Flechettes"],"picked":"Blade Dance","floor":17.0},{"not_picked":["Outmaneuver","Blade Dance"],"picked":"Flying Knee","floor":17.0},{"not_picked":["Prepared","Poisoned Stab"],"picked":"Catalyst","floor":17.0},{"not_picked":["Prepared","Slice"],"picked":"Dagger Spray","floor":17.0},{"not_picked":["Dagger Spray","Poisoned Stab"],"picked":"Cloak And Dagger","floor":17.0},{"not_picked":["Venomology","Bane"],"picked":"Riddle With Holes","floor":18.0},{"not_picked":["Distraction","Reflex"],"picked":"Flying Knee","floor":22},{"not_picked":["Calculated Gamble","Dagger Throw"],"picked":"Dodge and Roll","floor":27}],"player_experience":614192,"relics_obtained":[{"floor":6.0,"key":"Dodecahedron"},{"floor":8.0,"key":"Shuriken"},{"floor":9.0,"key":"Potion Belt"},{"floor":14.0,"key":"Shovel"},{"floor":15.0,"key":"The Specimen"},{"floor":26,"key":"Frozen Egg 2"}],"event_choices":[{"damage_healed":0.0,"max_hp_gain":0.0,"max_hp_loss":0.0,"gold_gain":0.0,"event_name":"Living Wall","player_choice":"Grow","floor":3.0,"gold_loss":0.0,"damage_taken":0.0,"cards_upgraded":["Neutralize"]},{"damage_healed":0.0,"max_hp_gain":0.0,"max_hp_loss":0.0,"gold_gain":0.0,"event_name":"The Woman in Blue","player_choice":"Bought 0 Potions","floor":5.0,"gold_loss":0.0,"damage_taken":0.0},{"damage_healed":0.0,"max_hp_gain":0.0,"max_hp_loss":0.0,"gold_gain":0.0,"event_name":"Addict","player_choice":"Obtained Relic","floor":19.0,"gold_loss":85.0,"damage_taken":0.0,"relics_obtained":["Matryoshka"]},{"damage_healed":0,"gold_gain":0,"player_choice":"Got Potions","damage_taken":0,"max_hp_gain":0,"max_hp_loss":0,"event_name":"Lab","floor":21,"gold_loss":0},{"damage_healed":0,"gold_gain":50,"player_choice":"Stole From Cult","damage_taken":0,"max_hp_gain":0,"max_hp_loss":0,"event_name":"Nest","floor":24,"gold_loss":0},{"damage_healed":0,"gold_gain":0,"player_choice":"Ignored","damage_taken":0,"max_hp_gain":0,"max_hp_loss":0,"event_name":"Beggar","floor":29,"gold_loss":0}],"is_beta":false,"boss_relics":[{"not_picked":["Pandora\u0027s Box","Runic Dome"],"picked":"Orrery"}],"items_purged_floors":[],"is_endless":false,"potions_floor_spawned":[1,4,8,11,16,22,27],"killed_by":"Shelled Parasite and Fungi","ascension_level":20}