{"gold_per_floor":[121,58,87,115,139,151,163,208,220,245,257,298,323,355,367,379],"floor_reached":16,"playtime":504,"items_purged":[],"score":228,"play_id":"263e3b0d-8a7e-4606-ab76-6c25efb1e5ef","local_time":"20190624102325","is_ascension_mode":true,"campfire_choices":[{"data":"Uppercut","floor":6.0,"key":"SMITH"},{"floor":11,"key":"REST"},{"data":"Strike_R","floor":15,"key":"PURGE"}],"neow_cost":"NONE","seed_source_timestamp":265600994291700,"circlet_count":0,"master_deck":["AscendersBane","Strike_R","Strike_R","Defend_R","Defend_R","Defend_R","Defend_R","Bash","Cleave","Uppercut+1","Cleave","Twin Strike","Carnage","Rage+1","Offering+1","True Grit+1","Armaments+1"],"special_seed":0,"relics":["Burning Blood","MawBank","Peace Pipe","Toxic Egg 2","Pear"],"potions_floor_usage":[],"damage_taken":[{"damage":4.0,"enemies":"2 Louse","floor":1.0,"turns":4.0},{"damage":11.0,"enemies":"Jaw Worm","floor":3.0,"turns":6.0},{"damage":0.0,"enemies":"Cultist","floor":4.0,"turns":3.0},{"damage":9.0,"enemies":"Gremlin Gang","floor":5.0,"turns":2.0},{"damage":46.0,"enemies":"Lagavulin","floor":8.0,"turns":6.0},{"damage":7,"enemies":"Large Slime","floor":10,"turns":5},{"damage":30,"enemies":"3 Sentries","floor":12,"turns":6},{"damage":0,"enemies":"2 Fungi Beasts","floor":13,"turns":2},{"damage":15,"enemies":"Exordium Wildlife","floor":14,"turns":3},{"damage":31,"enemies":"Hexaghost","floor":16,"turns":10}],"seed_played":"5237468489882130198","potions_obtained":[{"floor":10,"key":"Poison Potion"},{"floor":12,"key":"Dexterity Potion"},{"floor":13,"key":"Poison Potion"}],"is_trial":false,"path_per_floor":["M","?","M","M","M","R","?","E","T","M","R","E","M","M","R","B"],"character_chosen":"IRONCLAD","items_purchased":[],"campfire_rested":1,"item_purchase_floors":[],"current_hp_per_floor":[70,70,65,71,68,68,68,28,28,27,49,35,41,32,32,1],"gold":379,"neow_bonus":"RANDOM_COMMON_RELIC","is_prod":false,"is_daily":false,"chose_seed":false,"campfire_upgraded":1,"win_rate":0,"timestamp":1561368205,"path_taken":["M","?","M","M","M","R","?","E","T","M","R","E","M","M","R","BOSS"],"build_version":"2019-01-23","purchased_purges":0,"victory":false,"max_hp_per_floor":[75,75,75,75,75,75,75,75,75,75,75,85,85,85,85,85],"card_choices":[{"not_picked":["Flex","Shrug It Off"],"picked":"Cleave","floor":1.0},{"not_picked":["Iron Wave","True Grit"],"picked":"Uppercut","floor":3.0},{"not_picked":["Sword Boomerang","Heavy Blade"],"picked":"Cleave","floor":4.0},{"not_picked":["Reckless Charge","Intimidate"],"picked":"Twin Strike","floor":5.0},{"not_picked":["Reckless Charge","Infernal Blade"],"picked":"Carnage","floor":8.0},{"not_picked":["Perfected Strike","Anger"],"picked":"Rage+1","floor":10},{"not_picked":["Fire Breathing","Iron Wave"],"picked":"Offering+1","floor":12},{"not_picked":["Clothesline","Iron Wave"],"picked":"True Grit+1","floor":13},{"not_picked":["Corruption","True Grit+1"],"picked":"Armaments+1","floor":14}],"player_experience":1490300,"relics_obtained":[{"floor":8.0,"key":"Peace Pipe"},{"floor":9.0,"key":"Toxic Egg 2"},{"floor":12,"key":"Pear"}],"event_choices":[{"cards_removed":["Strike_R"],"damage_healed":0.0,"max_hp_gain":0.0,"max_hp_loss":0.0,"gold_gain":0.0,"event_name":"The Cleric","player_choice":"Card Removal","floor":2.0,"gold_loss":75.0,"damage_taken":0.0},{"cards_removed":["Strike_R"],"damage_healed":0.0,"max_hp_gain":0.0,"max_hp_loss":0.0,"gold_gain":0.0,"event_name":"Bonfire Elementals","player_choice":"Offered Basic","floor":7.0,"gold_loss":0.0,"damage_taken":0.0}],"is_beta":false,"boss_relics":[],"items_purged_floors":[],"is_endless":false,"potions_floor_spawned":[10,12,13,14],"killed_by":"Hexaghost","ascension_level":20}