{"gold_per_floor":[117,127,141,141,63,63,363,395,395,395,411,439,457,489,489,489],"floor_reached":16,"playtime":575,"items_purged":[],"score":240,"play_id":"3c200f41-9c35-4872-ae2b-695b8df29cfb","local_time":"20190702202534","is_ascension_mode":true,"campfire_choices":[{"data":"Neutralize","floor":6.0,"key":"SMITH"},{"floor":15,"key":"REST"}],"neow_cost":"NONE","seed_source_timestamp":5731182227514052,"circlet_count":0,"master_deck":["AscendersBane","Strike_G","Strike_G","Strike_G","Strike_G","Defend_G","Defend_G","Defend_G","Defend_G","Defend_G","Survivor","Neutralize+1","Slice","Quick Slash","Unload","Corpse Explosion","Predator","Terror","Well Laid Plans"],"special_seed":0,"relics":["Ring of the Snake","Old Coin","Bird Faced Urn","Orichalcum","Strawberry","Gremlin Horn"],"potions_floor_usage":[8,12,13,14,14],"damage_taken":[{"damage":2.0,"enemies":"2 Louse","floor":1.0,"turns":4.0},{"damage":3.0,"enemies":"Jaw Worm","floor":2.0,"turns":6.0},{"damage":7.0,"enemies":"Cultist","floor":3.0,"turns":6.0},{"damage":22,"enemies":"3 Sentries","floor":8,"turns":12},{"damage":5,"enemies":"Gremlin Gang","floor":11,"turns":3},{"damage":14,"enemies":"Gremlin Nob","floor":12,"turns":4},{"damage":0,"enemies":"Exordium Wildlife","floor":13,"turns":2},{"damage":12,"enemies":"Lagavulin","floor":14,"turns":4},{"damage":24,"enemies":"Slime Boss","floor":16,"turns":8}],"seed_played":"6530308886672632832","potions_obtained":[{"floor":0.0,"key":"GhostInAJar"},{"floor":0.0,"key":"Block Potion"},{"floor":11,"key":"Regen Potion"},{"floor":12,"key":"Block Potion"},{"floor":13,"key":"SkillPotion"}],"is_trial":false,"path_per_floor":["M","M","M","?","$","R","T","E","T","?","M","E","M","E","R","B"],"character_chosen":"THE_SILENT","items_purchased":["Unload"],"campfire_rested":1,"item_purchase_floors":[5],"current_hp_per_floor":[57,54,47,47,47,47,47,25,25,25,20,25,25,13,34,12],"gold":489,"neow_bonus":"THREE_SMALL_POTIONS","is_prod":false,"is_daily":false,"chose_seed":false,"campfire_upgraded":1,"win_rate":0,"timestamp":1562113534,"path_taken":["M","M","M","?","$","R","?","E","T","?","?","E","M","E","R","BOSS"],"build_version":"2019-07-01","purchased_purges":0,"victory":false,"max_hp_per_floor":[66,66,66,66,66,66,66,66,66,66,66,73,73,73,73,73],"card_choices":[{"not_picked":["Outmaneuver","Expertise","Prepared"],"picked":"SKIP","floor":1.0},{"not_picked":["Outmaneuver","Dagger Throw"],"picked":"Slice","floor":2.0},{"not_picked":["Dodge and Roll","Accuracy"],"picked":"Quick Slash","floor":3.0},{"not_picked":["Skewer","Dagger Spray"],"picked":"Corpse Explosion","floor":8},{"not_picked":["Expertise","Deflect"],"picked":"Predator","floor":11},{"not_picked":["Masterful Stab","Acrobatics"],"picked":"Terror","floor":12},{"not_picked":["Outmaneuver","Catalyst","Deadly Poison"],"picked":"SKIP","floor":13},{"not_picked":["Bane","Eviscerate"],"picked":"Well Laid Plans","floor":14}],"player_experience":841483,"relics_obtained":[{"floor":7.0,"key":"Old Coin"},{"floor":8,"key":"Bird Faced Urn"},{"floor":9,"key":"Orichalcum"},{"floor":12,"key":"Strawberry"},{"floor":14,"key":"Gremlin Horn"}],"event_choices":[{"damage_healed":0.0,"max_hp_gain":0.0,"max_hp_loss":0.0,"gold_gain":0.0,"event_name":"Liars Game","player_choice":"Ignored","floor":4.0,"gold_loss":0.0,"damage_taken":0.0},{"cards_removed":["Strike_G"],"damage_healed":0,"gold_gain":0,"player_choice":"Offered Basic","damage_taken":0,"max_hp_gain":0,"max_hp_loss":0,"event_name":"Bonfire Elementals","floor":10,"gold_loss":0}],"is_beta":false,"boss_relics":[],"items_purged_floors":[],"is_endless":false,"potions_floor_spawned":[11,12,13],"killed_by":"Slime Boss","ascension_level":20}