{"gold_per_floor":[109,109,122,141,154,154,183,19,19,19,19,35,52,72,72,151,151],"floor_reached":17,"playtime":427,"items_purged":[],"score":318,"play_id":"71984cff-0879-46b4-a74a-d57b41c887d2","local_time":"20190524181109","is_ascension_mode":true,"campfire_choices":[{"data":"Whirlwind","floor":6.0,"key":"SMITH"},{"data":"Bash","floor":11.0,"key":"SMITH"},{"data":"Flame Barrier","floor":15.0,"key":"SMITH"}],"neow_cost":"PERCENT_DAMAGE","seed_source_timestamp":0,"circlet_count":0,"master_deck":["AscendersBane","Strike_R","Strike_R","Strike_R","Strike_R","Defend_R","Defend_R","Defend_R","Defend_R","Bash+1","Intimidate","Clothesline","Whirlwind+1","Infernal Blade","Flame Barrier+1","Flex","Reaper"],"special_seed":0,"relics":["Burning Blood","Torii","Singing Bowl","Happy Flower","Blue Candle","Pantograph"],"potions_floor_usage":[],"damage_taken":[{"damage":2.0,"enemies":"2 Louse","floor":1.0,"turns":3.0},{"damage":1.0,"enemies":"Cultist","floor":3.0,"turns":3.0},{"damage":2.0,"enemies":"Small Slimes","floor":4.0,"turns":3.0},{"damage":4.0,"enemies":"Red Slaver","floor":5.0,"turns":5.0},{"damage":50.0,"enemies":"Lagavulin","floor":7.0,"turns":7.0},{"damage":1.0,"enemies":"Lots of Slimes","floor":12.0,"turns":2.0},{"damage":1.0,"enemies":"Blue Slaver","floor":13.0,"turns":4.0},{"damage":17.0,"enemies":"2 Fungi Beasts","floor":14.0,"turns":3.0},{"damage":44.0,"enemies":"The Guardian","floor":16.0,"turns":12.0}],"seed_played":"6704093665172568761","potions_obtained":[{"floor":3.0,"key":"SneckoOil"},{"floor":4.0,"key":"EssenceOfSteel"},{"floor":14.0,"key":"Weak Potion"},{"floor":16.0,"key":"Block Potion"}],"is_trial":false,"path_per_floor":["M","?","M","M","M","R","E","$","T","?","R","M","M","M","R","B",null],"character_chosen":"IRONCLAD","items_purchased":["Happy Flower"],"campfire_rested":0,"item_purchase_floors":[8],"current_hp_per_floor":[54,54,59,63,65,65,21,21,21,21,21,26,31,22,22,9,9],"gold":151,"neow_bonus":"ONE_RARE_RELIC","is_prod":false,"is_daily":false,"chose_seed":false,"campfire_upgraded":3,"win_rate":0,"timestamp":1558717869,"path_taken":["M","?","?","M","M","R","E","?","T","?","R","M","?","M","R","BOSS"],"build_version":"2019-01-23","purchased_purges":0,"victory":false,"max_hp_per_floor":[75,75,75,75,75,75,75,75,75,75,75,75,75,77,77,77,77],"card_choices":[{"not_picked":["Warcry","Havoc"],"picked":"Intimidate","floor":1.0},{"not_picked":["Perfected Strike","Seeing Red"],"picked":"Clothesline","floor":3.0},{"not_picked":["Burning Pact","Clash","Rupture"],"picked":"SKIP","floor":4.0},{"not_picked":["Blood for Blood","True Grit"],"picked":"Whirlwind","floor":5.0},{"not_picked":["Bloodletting","Heavy Blade"],"picked":"Infernal Blade","floor":7.0},{"not_picked":["Sever Soul","Reckless Charge"],"picked":"Flame Barrier","floor":12.0},{"not_picked":["Body Slam","Blood for Blood"],"picked":"Flex","floor":13.0},{"not_picked":["Brutality","Burning Pact","Ghostly Armor"],"picked":"Singing Bowl","floor":14.0},{"not_picked":["Juggernaut","Berserk"],"picked":"Reaper","floor":16.0}],"player_experience":1392748,"relics_obtained":[{"floor":7.0,"key":"Singing Bowl"},{"floor":9.0,"key":"Blue Candle"}],"event_choices":[{"cards_removed":["Strike_R"],"damage_healed":0.0,"max_hp_gain":0.0,"max_hp_loss":0.0,"gold_gain":0.0,"event_name":"Purifier","player_choice":"Purged","floor":2.0,"gold_loss":0.0,"damage_taken":0.0},{"damage_healed":0.0,"max_hp_gain":0.0,"max_hp_loss":0.0,"gold_gain":0.0,"event_name":"WeMeetAgain","player_choice":"Gave Potion","floor":10.0,"gold_loss":0.0,"damage_taken":0.0,"relics_obtained":["Pantograph"]}],"is_beta":false,"boss_relics":[],"items_purged_floors":[],"is_endless":false,"potions_floor_spawned":[3,4,14,16],"ascension_level":20}