{"gold_per_floor":[116,178,178,198,218,218,247,247,274,292,317,19,52,70,70,70],"floor_reached":16,"playtime":465,"items_purged":[],"score":268,"play_id":"6a4a72da-7e46-4cb7-951c-53002b83718c","local_time":"20180831125018","is_ascension_mode":true,"campfire_choices":[{"data":"Zap","floor":6,"key":"SMITH"},{"floor":8,"key":"REST"},{"data":"Self Repair","floor":15,"key":"SMITH"}],"neow_cost":"NONE","seed_source_timestamp":4723341049973807,"circlet_count":0,"master_deck":["Strike_B","Strike_B","Strike_B","Strike_B","Defend_B","Defend_B","Defend_B+1","Defend_B","Zap+1","Dualcast","AscendersBane","Hyperbeam","Cold Snap","Cold Snap","BootSequence+1","Coolheaded","Self Repair+1"],"relics":["Cracked Core","War Paint","Strawberry","Toxic Egg 2","Mercury Hourglass","Orichalcum"],"potions_floor_usage":[13,16],"damage_taken":[{"damage":0,"enemies":"Small Slimes","floor":1,"turns":1},{"damage":5,"enemies":"Jaw Worm","floor":4,"turns":2},{"damage":7,"enemies":"Cultist","floor":5,"turns":4},{"damage":28,"enemies":"Lagavulin","floor":7,"turns":10},{"damage":0,"enemies":"3 Louse","floor":10,"turns":1},{"damage":16,"enemies":"3 Sentries","floor":11,"turns":4},{"damage":0,"enemies":"Gremlin Nob","floor":13,"turns":3},{"damage":0,"enemies":"Looter","floor":14,"turns":3},{"damage":67,"enemies":"Slime Boss","floor":16,"turns":11}],"seed_played":"-5104442430000572210","potions_obtained":[{"floor":5,"key":"FearPotion"},{"floor":10,"key":"SmokeBomb"},{"floor":14,"key":"Regen Potion"}],"is_trial":false,"path_per_floor":["M","?","?","M","M","R","E","R","T","M","E","$","E","M","R"],"character_chosen":"DEFECT","items_purchased":["Mercury Hourglass"],"campfire_rested":1,"item_purchase_floors":[12],"current_hp_per_floor":[64,64,64,59,52,52,24,45,52,52,36,36,43,50,50,0],"gold":70,"neow_bonus":"ONE_RANDOM_RARE_CARD","is_prod":false,"is_daily":false,"chose_seed":false,"campfire_upgraded":2,"win_rate":0,"timestamp":1535734218,"path_taken":["M","?","?","M","M","R","E","R","T","M","E","$","E","?","R","BOSS"],"build_version":"2018-08-30","purchased_purges":0,"victory":false,"max_hp_per_floor":[71,71,71,71,71,71,71,71,78,78,78,78,78,78,78,78],"card_choices":[{"not_picked":["Force Field","Lockon"],"picked":"Cold Snap","floor":1},{"not_picked":["Rebound","Beam Cell"],"picked":"Cold Snap","floor":4},{"not_picked":["Barrage","Coolheaded"],"picked":"BootSequence","floor":5},{"not_picked":["Thunder Strike","Barrage","Genetic Algorithm"],"picked":"SKIP","floor":7},{"not_picked":["Barrage","Aggregate"],"picked":"Coolheaded","floor":10},{"not_picked":["Multi-Cast","Redo"],"picked":"Self Repair","floor":11},{"not_picked":["Chaos+1","Sweeping Beam","Streamline"],"picked":"SKIP","floor":13},{"not_picked":["BootSequence+1","Rebound","Auto Shields+1"],"picked":"SKIP","floor":14}],"player_experience":293190,"relics_obtained":[{"floor":7,"key":"War Paint"},{"floor":9,"key":"Strawberry"},{"floor":11,"key":"Toxic Egg 2"},{"floor":13,"key":"Orichalcum"}],"event_choices":[{"event_name":"Golden Wing","player_choice":"Gained Gold","floor":2,"damage_taken":0},{"event_name":"Golden Idol","player_choice":"Ignored","floor":3,"damage_taken":0}],"is_beta":false,"boss_relics":[],"items_purged_floors":[],"is_endless":false,"potions_floor_spawned":[5,10,11,14],"killed_by":"Slime Boss","ascension_level":17}