{"gold_per_floor":[117,136,146,146,165,200,200,229,229,229,248,19,19,19,19,93,93,103,136,187,187,205,205,218,218,267,285,285,303,67,77,77,77],"floor_reached":33,"playtime":1047,"items_purged":["Strike_G"],"score":564,"play_id":"9e4d73d0-c31d-4039-b54a-c6d1571579fe","local_time":"20190503220507","is_ascension_mode":true,"campfire_choices":[{"data":"Neutralize","floor":7.0,"key":"SMITH"},{"data":"Phantasmal Killer","floor":10.0,"key":"SMITH"},{"data":"After Image","floor":13.0,"key":"SMITH"},{"data":"Riddle With Holes","floor":15.0,"key":"SMITH"},{"data":"Quick Slash","floor":23.0,"key":"SMITH"},{"data":"Cloak And Dagger","floor":25.0,"key":"SMITH"},{"data":"Adrenaline","floor":28.0,"key":"SMITH"},{"data":"Infinite Blades","floor":32,"key":"SMITH"}],"neow_cost":"NONE","seed_source_timestamp":169545359533700,"circlet_count":0,"master_deck":["AscendersBane","Defend_G","Defend_G","Defend_G","Defend_G","Defend_G","Strike_G","Strike_G","Survivor","Neutralize+1","All Out Attack","Riddle With Holes+1","Backstab","Quick Slash+1","After Image+1","Phantasmal Killer+1","Cloak And Dagger+1","Corpse Explosion","Blur+1","Backflip","Adrenaline+1","PiercingWail","Infinite Blades+1"],"special_seed":0,"relics":["Coffee Dripper","Orichalcum","Regal Pillow","Bronze Scales","Lee\u0027s Waffle","Eternal Feather","Red Mask","Art of War","Bag of Marbles","Blood Vial"],"potions_floor_usage":[31,33],"damage_taken":[{"damage":0.0,"enemies":"Jaw Worm","floor":1.0,"turns":6.0},{"damage":0.0,"enemies":"Cultist","floor":2.0,"turns":4.0},{"damage":1.0,"enemies":"2 Louse","floor":3.0,"turns":3.0},{"damage":11.0,"enemies":"Exordium Thugs","floor":5.0,"turns":6.0},{"damage":8.0,"enemies":"Gremlin Nob","floor":6.0,"turns":3.0},{"damage":25.0,"enemies":"Lagavulin","floor":8.0,"turns":7.0},{"damage":0.0,"enemies":"2 Fungi Beasts","floor":11.0,"turns":2.0},{"damage":37.0,"enemies":"Slime Boss","floor":16.0,"turns":11.0},{"damage":10.0,"enemies":"Spheric Guardian","floor":18.0,"turns":5.0},{"damage":3.0,"enemies":"Masked Bandits","floor":19.0,"turns":2.0},{"damage":3.0,"enemies":"Chosen","floor":22.0,"turns":5.0},{"damage":7.0,"enemies":"Shelled Parasite and Fungi","floor":24.0,"turns":5.0},{"damage":2.0,"enemies":"3 Cultists","floor":27.0,"turns":3.0},{"damage":37.0,"enemies":"Chosen and Byrds","floor":29.0,"turns":6.0},{"damage":1,"enemies":"Cultist and Chosen","floor":31,"turns":5},{"damage":76,"enemies":"Automaton","floor":33,"turns":10}],"seed_played":"-3044744382383104590","potions_obtained":[{"floor":1.0,"key":"GhostInAJar"},{"floor":3.0,"key":"GamblersBrew"},{"floor":8.0,"key":"Regen Potion"},{"floor":31,"key":"Poison Potion"}],"is_trial":false,"path_per_floor":["M","M","M","?","M","E","R","E","T","R","M","$","R","$","R","B",null,"M","?","T","?","M","R","M","R","T","M","R","M","$","M","R","B"],"character_chosen":"THE_SILENT","items_purchased":["Lee\u0027s Waffle","Blood Vial"],"campfire_rested":0,"item_purchase_floors":[12,30],"current_hp_per_floor":[59,59,58,58,47,39,39,14,14,14,14,73,73,73,73,36,64,54,51,51,51,48,60,53,65,65,63,73,36,36,51,63,0],"gold":77,"neow_bonus":"BOSS_RELIC","is_prod":false,"is_daily":false,"chose_seed":false,"campfire_upgraded":8,"win_rate":0,"timestamp":1556917507,"path_taken":["M","M","M","?","?","E","R","E","T","R","M","?","R","$","R","BOSS","M","?","?","?","M","R","?","R","T","M","R","M","$","M","R","BOSS"],"build_version":"2019-01-23","purchased_purges":1,"victory":false,"max_hp_per_floor":[66,66,66,66,66,66,66,66,66,66,66,73,73,73,73,73,73,73,73,73,73,73,73,73,73,73,73,73,73,73,73,73,73],"card_choices":[{"not_picked":["Backflip","Dodge and Roll"],"picked":"All Out Attack","floor":1.0},{"not_picked":["Tactician","Bane"],"picked":"Riddle With Holes","floor":2.0},{"not_picked":["Setup","Bane"],"picked":"Backstab","floor":3.0},{"not_picked":["Underhanded Strike","Poisoned Stab"],"picked":"Quick Slash","floor":5.0},{"not_picked":["Sucker Punch","Terror"],"picked":"After Image","floor":6.0},{"not_picked":["Masterful Stab","PiercingWail"],"picked":"Phantasmal Killer","floor":8.0},{"not_picked":["Flying Knee","Underhanded Strike"],"picked":"Cloak And Dagger","floor":11.0},{"not_picked":["Venomology","Bullet Time"],"picked":"Corpse Explosion","floor":16.0},{"not_picked":["Slice","Deflect"],"picked":"Blur+1","floor":18.0},{"not_picked":["Masterful Stab","Slice"],"picked":"Backflip","floor":19.0},{"not_picked":["Dagger Throw","Underhanded Strike","Flying Knee"],"picked":"SKIP","floor":22.0},{"not_picked":["Bane","Flying Knee","Prepared"],"picked":"SKIP","floor":24.0},{"not_picked":["Terror","Cloak And Dagger"],"picked":"Adrenaline","floor":27.0},{"not_picked":["Dodge and Roll","Deadly Poison"],"picked":"PiercingWail","floor":29.0},{"not_picked":["Calculated Gamble","Choke"],"picked":"Infinite Blades","floor":31}],"player_experience":1330804,"relics_obtained":[{"floor":6.0,"key":"Orichalcum"},{"floor":8.0,"key":"Regal Pillow"},{"floor":9.0,"key":"Bronze Scales"},{"floor":19.0,"key":"Red Mask"},{"floor":20.0,"key":"Art of War"},{"floor":26.0,"key":"Bag of Marbles"}],"event_choices":[{"cards_removed":["Strike_G"],"damage_healed":0.0,"max_hp_gain":0.0,"max_hp_loss":0.0,"gold_gain":0.0,"event_name":"Bonfire Elementals","player_choice":"Offered Basic","floor":4.0,"gold_loss":0.0,"damage_taken":0.0},{"damage_healed":0.0,"max_hp_gain":0.0,"max_hp_loss":0.0,"gold_gain":0.0,"event_name":"Masked Bandits","player_choice":"Fought Bandits","floor":19.0,"gold_loss":0.0,"damage_taken":0.0},{"cards_removed":["Strike_G"],"damage_healed":0.0,"max_hp_gain":0.0,"max_hp_loss":0.0,"gold_gain":0.0,"event_name":"Purifier","player_choice":"Purged","floor":21.0,"gold_loss":0.0,"damage_taken":0.0}],"is_beta":false,"boss_relics":[{"not_picked":["Busted Crown","Calling Bell"],"picked":"Eternal Feather"}],"items_purged_floors":[30],"is_endless":false,"potions_floor_spawned":[1,3,8,16,22,31],"killed_by":"Automaton","ascension_level":20}