{"gold_per_floor":[117,117,117,32,51,51,65,78,78,78,104,119,119,159,159,257,320,343,186,169,190,105,105,105],"floor_reached":24,"playtime":1073,"items_purged":["Strike_B"],"score":353,"play_id":"5b0e4666-5c51-4abf-b049-eed87a39467c","local_time":"20180822200909","is_ascension_mode":true,"campfire_choices":[{"data":"Zap","floor":6.0,"key":"SMITH"},{"data":"Go for the Eyes","floor":10.0,"key":"SMITH"},{"data":"Self Repair","floor":13.0,"key":"SMITH"},{"data":"Ball Lightning","floor":15.0,"key":"SMITH"},{"data":"Defragment","floor":23,"key":"SMITH"}],"neow_cost":"","seed_source_timestamp":0,"circlet_count":0,"master_deck":["Strike_B","Strike_B+1","Defend_B","Defend_B","Defend_B","Defend_B","Zap+1","Dualcast","AscendersBane","Go for the Eyes+1","Self Repair+1","BootSequence","Genetic Algorithm","Glacier","Ball Lightning+1","Rebound","Cold Snap","Defragment+1","Leap","Conserve Battery"],"special_seed":0,"relics":["Cracked Core","Golden Idol","Pear","Odd Mushroom","Bird Faced Urn","Tiny House","Boot"],"potions_floor_usage":[21,21,24],"damage_taken":[{"damage":7.0,"enemies":"Jaw Worm","floor":1.0,"turns":3.0},{"damage":5.0,"enemies":"Cultist","floor":5.0,"turns":5.0},{"damage":4.0,"enemies":"Small Slimes","floor":7.0,"turns":4.0},{"damage":7.0,"enemies":"Blue Slaver","floor":8.0,"turns":4.0},{"damage":18.0,"floor":11.0,"turns":6.0},{"damage":2.0,"enemies":"2 Fungi Beasts","floor":12.0,"turns":4.0},{"damage":4.0,"enemies":"Lagavulin","floor":14.0,"turns":10.0},{"damage":33.0,"enemies":"Hexaghost","floor":16.0,"turns":12.0},{"damage":2,"enemies":"Shell Parasite","floor":18,"turns":8},{"damage":19,"enemies":"2 Thieves","floor":20,"turns":5},{"damage":33,"enemies":"Centurion and Healer","floor":21,"turns":11},{"damage":72,"enemies":"Gremlin Leader","floor":24,"turns":9}],"seed_played":"-7347322704943712061","potions_obtained":[{"floor":1.0,"key":"Swift Potion"},{"floor":11.0,"key":"Energy Potion"},{"floor":17,"key":"SneckoOil"},{"floor":18,"key":"Energy Potion"},{"floor":21,"key":"SkillPotion"}],"is_trial":false,"path_per_floor":["M","?","?","$","M","R","M","M","T","R","?","M","R","E","R","B",null,"M","$","M","M","?","R"],"character_chosen":"DEFECT","items_purchased":["Self Repair","Defragment"],"campfire_rested":0,"item_purchase_floors":[4,19],"current_hp_per_floor":[57,57,33,33,35,35,38,38,48,48,30,35,35,41,41,20,71,81,81,76,57,57,57,0],"gold":105,"neow_bonus":"","is_prod":false,"is_daily":false,"chose_seed":false,"campfire_upgraded":5,"win_rate":0,"timestamp":1534982949,"path_taken":["M","?","?","?","M","R","M","?","T","R","?","M","R","E","R","BOSS","M","$","M","M","?","R","E"],"build_version":"2018-08-16","purchased_purges":1,"victory":false,"max_hp_per_floor":[71,71,71,71,71,71,71,71,81,81,81,81,81,81,81,81,86,86,86,86,86,86,86,86],"card_choices":[{"not_picked":["Barrage","Force Field"],"picked":"Go for the Eyes","floor":1.0},{"not_picked":["Rebound","Skim"],"picked":"BootSequence","floor":5.0},{"not_picked":["Beam Cell","Skim","Darkness"],"picked":"SKIP","floor":7.0},{"not_picked":["Fusion","Coolheaded"],"picked":"Genetic Algorithm","floor":8.0},{"not_picked":["Gash","Rebound"],"picked":"Glacier","floor":11.0},{"not_picked":["Steam","Hello World"],"picked":"Ball Lightning","floor":12.0},{"not_picked":["Sweeping Beam","BootSequence"],"picked":"Rebound","floor":14.0},{"not_picked":["Hologram","Barrage+1"],"picked":"Cold Snap","floor":18},{"not_picked":["Barrage","Rip and Tear+1"],"picked":"Leap","floor":20},{"not_picked":["Leap","Sweeping Beam"],"picked":"Conserve Battery","floor":21}],"player_experience":276389,"relics_obtained":[{"floor":9.0,"key":"Pear"},{"floor":11.0,"key":"Odd Mushroom"},{"floor":14.0,"key":"Bird Faced Urn"}],"event_choices":[{"event_name":"Bonfire Elementals","player_choice":"BASIC","floor":2.0,"damage_taken":0.0},{"event_name":"Golden Idol","player_choice":"Take Damage","floor":3.0,"damage_taken":0.0},{"event_name":"Mushrooms","player_choice":"Fought Mushrooms","floor":11.0,"damage_taken":0.0},{"event_name":"Addict","player_choice":"Obtained Relic","floor":22,"damage_taken":0}],"is_beta":false,"boss_relics":[{"not_picked":["Philosopher\u0027s Stone","Fusion Hammer"],"picked":"Tiny House"}],"items_purged_floors":[19],"is_endless":false,"potions_floor_spawned":[1,11,12,18,21],"killed_by":"Gremlin Leader","ascension_level":16}