{"gold_per_floor":[115,17,17,17,33,33,63,75,75,21,56,56,70,70,70,172,172,191,86,186,203,203,222,222,257,303,318,318,233,233],"floor_reached":30,"playtime":1351,"items_purged":["Strike_B"],"score":294,"play_id":"3a093489-48cd-46cc-9415-2d928a00f367","local_time":"20190628135058","is_ascension_mode":true,"campfire_choices":[{"data":"Dualcast","floor":6,"key":"SMITH"},{"floor":12,"key":"REST"},{"data":"Zap","floor":15,"key":"SMITH"},{"floor":24,"key":"REST"}],"neow_cost":"NONE","seed_source_timestamp":61497325122440,"circlet_count":0,"master_deck":["Strike_B","Strike_B","Strike_B","Defend_B","Defend_B","Defend_B","Zap+1","Dualcast+1","Reinforced Body","Ball Lightning","Coolheaded","BootSequence","White Noise","Rebound","Hello World","Hologram","Buffer","Capacitor","Streamline","Genetic Algorithm","Scrape+1","Conserve Battery"],"relics":["Cracked Core","Pocketwatch","Bottled Lightning","Mango","Busted Crown","Peace Pipe","Mummified Hand","Symbiotic Virus","Pen Nib","MutagenicStrength","Blue Candle"],"potions_floor_usage":[7,11,16,20,25,25],"damage_taken":[{"damage":3,"enemies":"Jaw Worm","floor":1,"turns":5},{"damage":0,"enemies":"Cultist","floor":5,"turns":3},{"damage":20,"enemies":"Gremlin Nob","floor":7,"turns":4},{"damage":0,"enemies":"Small Slimes","floor":8,"turns":2},{"damage":14,"enemies":"3 Sentries","floor":11,"turns":4},{"damage":3,"enemies":"Looter","floor":13,"turns":3},{"damage":16,"enemies":"The Guardian","floor":16,"turns":12},{"damage":20,"enemies":"Chosen","floor":18,"turns":5},{"damage":18,"enemies":"Colosseum Slavers","floor":20,"turns":3},{"damage":5,"enemies":"Colosseum Nobs","floor":20,"turns":5},{"damage":0,"enemies":"2 Thieves","floor":21,"turns":3},{"damage":23,"enemies":"Snake Plant","floor":23,"turns":4},{"damage":7,"enemies":"Book of Stabbing","floor":25,"turns":7},{"damage":0,"enemies":"Centurion and Healer","floor":27,"turns":6},{"damage":55,"enemies":"Gremlin Leader","floor":30,"turns":7}],"seed_played":"-7099101996471296226","potions_obtained":[{"floor":5,"key":"Regen Potion"},{"floor":7,"key":"Fire Potion"},{"floor":11,"key":"LiquidBronze"},{"floor":13,"key":"Explosive Potion"},{"floor":18,"key":"PowerPotion"},{"floor":20,"key":"SpeedPotion"},{"floor":25,"key":"Strength Potion"}],"is_trial":false,"path_per_floor":["M","$","?","$","M","R","E","M","T","$","E","R","M","$","R","B",null,"M","$","?","M","?","M","R","E","T","M","?","?","E"],"character_chosen":"DEFECT","items_purchased":["Ball Lightning","Rebound","Capacitor","Streamline"],"campfire_rested":2,"item_purchase_floors":[2,10,19,19],"current_hp_per_floor":[79,79,79,79,79,79,64,64,64,64,64,92,89,89,89,73,96,76,76,53,53,53,30,58,51,51,51,51,51,0],"gold":233,"neow_bonus":"TEN_PERCENT_HP_BONUS","is_prod":false,"is_daily":false,"chose_seed":false,"campfire_upgraded":2,"win_rate":0,"timestamp":1561755058,"path_taken":["M","$","?","$","?","R","E","M","T","?","E","R","M","$","R","BOSS","M","$","?","M","?","M","R","E","T","M","?","?","E"],"build_version":"2019-01-23","purchased_purges":1,"victory":false,"max_hp_per_floor":[82,82,82,82,82,82,82,82,82,82,96,96,96,96,96,96,96,96,96,96,96,96,96,96,96,96,96,96,96,96],"card_choices":[{"not_picked":["Rebound","Cold Snap"],"picked":"Reinforced Body","floor":1},{"not_picked":["Static Discharge","Turbo"],"picked":"Coolheaded","floor":5},{"not_picked":["Double Energy","Meteor Strike"],"picked":"BootSequence","floor":7},{"not_picked":["Glacier","Beam Cell"],"picked":"White Noise","floor":8},{"not_picked":["Darkness","Double Energy"],"picked":"Hello World","floor":11},{"not_picked":["Sweeping Beam","Go for the Eyes"],"picked":"Hologram","floor":13},{"not_picked":["Hyperbeam","Reboot"],"picked":"Buffer","floor":16},{"not_picked":["Barrage"],"picked":"SKIP","floor":18},{"not_picked":[],"picked":"Genetic Algorithm","floor":20},{"not_picked":[],"picked":"Scrape+1","floor":21},{"not_picked":["Turbo"],"picked":"SKIP","floor":23},{"not_picked":[],"picked":"Conserve Battery","floor":25},{"not_picked":["Barrage+1"],"picked":"SKIP","floor":27}],"player_experience":259170,"relics_obtained":[{"floor":7,"key":"Pocketwatch"},{"floor":9,"key":"Bottled Lightning"},{"floor":11,"key":"Mango"},{"floor":20,"key":"Peace Pipe"},{"floor":20,"key":"Mummified Hand"},{"floor":25,"key":"Symbiotic Virus"},{"floor":26,"key":"Pen Nib"}],"event_choices":[{"cards_removed":["Defend_B"],"damage_healed":0,"gold_gain":0,"player_choice":"Card Removal","damage_taken":0,"max_hp_gain":0,"max_hp_loss":0,"event_name":"Wheel of Change","floor":3,"gold_loss":0},{"damage_healed":0,"gold_gain":0,"player_choice":"Fight","damage_taken":0,"max_hp_gain":0,"max_hp_loss":0,"event_name":"Colosseum","floor":20,"gold_loss":0},{"damage_healed":0,"gold_gain":0,"player_choice":"Fought Nobs","damage_taken":0,"max_hp_gain":0,"max_hp_loss":0,"event_name":"Colosseum","floor":20,"gold_loss":0},{"damage_healed":0,"gold_gain":0,"player_choice":"Ignored","damage_taken":0,"max_hp_gain":0,"max_hp_loss":0,"event_name":"Ghosts","floor":22,"gold_loss":0},{"damage_healed":0,"gold_gain":0,"player_choice":"Inject Mutagens","damage_taken":0,"relics_obtained":["MutagenicStrength"],"max_hp_gain":0,"max_hp_loss":0,"event_name":"Drug Dealer","floor":28,"gold_loss":0},{"damage_healed":0,"gold_gain":0,"player_choice":"Obtained Relic","damage_taken":0,"relics_obtained":["Blue Candle"],"max_hp_gain":0,"max_hp_loss":0,"event_name":"Addict","floor":29,"gold_loss":85}],"is_beta":false,"boss_relics":[{"not_picked":["Runic Dome","Fusion Hammer"],"picked":"Busted Crown"}],"items_purged_floors":[2],"is_endless":false,"potions_floor_spawned":[5,7,11,13,18,20,20,25],"killed_by":"Gremlin Leader","ascension_level":1}