{"gold_per_floor":[111,122,45,10,10,45,62,62],"floor_reached":8,"playtime":244,"items_purged":[],"score":112,"play_id":"c1f5c071-1705-4fbb-9a05-dfa0ef55a791","local_time":"20190226062014","is_ascension_mode":true,"campfire_choices":[],"neow_cost":"TEN_PERCENT_HP_LOSS","seed_source_timestamp":19862414178000,"circlet_count":0,"master_deck":["AscendersBane","Defend_G","Defend_G","Defend_G","Defend_G","Defend_G","Strike_G","Strike_G","Strike_G","Strike_G","Strike_G","Survivor","Neutralize","Blade Dance","Predator","Finisher+1","Cloak And Dagger","Calculated Gamble"],"relics":["Ring of the Snake","Turnip","Lantern"],"potions_floor_usage":[6],"damage_taken":[{"damage":11,"enemies":"Cultist","floor":1,"turns":6},{"damage":6,"enemies":"Jaw Worm","floor":2,"turns":6},{"damage":39,"enemies":"Gremlin Nob","floor":6,"turns":4},{"damage":0,"enemies":"Small Slimes","floor":7,"turns":3},{"damage":27,"enemies":"3 Sentries","floor":8,"turns":8}],"seed_played":"8175639736031300205","potions_obtained":[{"floor":2,"key":"Energy Potion"},{"floor":6,"key":"LiquidBronze"}],"is_trial":false,"path_per_floor":["M","M","$","?","?","E","M","E"],"character_chosen":"THE_SILENT","items_purchased":["Finisher"],"campfire_rested":0,"item_purchase_floors":[3],"current_hp_per_floor":[48,42,42,57,57,18,18,0],"gold":62,"neow_bonus":"ONE_RARE_RELIC","is_prod":false,"is_daily":false,"chose_seed":false,"campfire_upgraded":0,"win_rate":0,"timestamp":1551190814,"path_taken":["M","M","$","?","?","E","M","E"],"build_version":"2019-01-23","purchased_purges":0,"victory":false,"max_hp_per_floor":[60,60,60,60,60,60,60,60],"card_choices":[{"not_picked":["Underhanded Strike","Setup"],"picked":"Blade Dance","floor":1},{"not_picked":["Well Laid Plans","Deadly Poison"],"picked":"Predator","floor":2},{"not_picked":["Prepared","Dagger Spray"],"picked":"Cloak And Dagger","floor":6},{"not_picked":["Dagger Spray","Slice"],"picked":"Calculated Gamble","floor":7}],"player_experience":1205589,"relics_obtained":[{"floor":6,"key":"Lantern"}],"event_choices":[{"damage_healed":15,"gold_gain":0,"player_choice":"Healed","damage_taken":0,"max_hp_gain":0,"max_hp_loss":0,"event_name":"The Cleric","floor":4,"gold_loss":35},{"damage_healed":0,"gold_gain":0,"player_choice":"Grow","damage_taken":0,"max_hp_gain":0,"max_hp_loss":0,"event_name":"Living Wall","floor":5,"gold_loss":0,"cards_upgraded":["Finisher"]}],"is_beta":false,"boss_relics":[],"items_purged_floors":[],"is_endless":false,"potions_floor_spawned":[2,6],"killed_by":"3 Sentries","ascension_level":20}