{"gold_per_floor":[113,188,463,473,180,211,228,246,246,262,262],"floor_reached":11,"playtime":271,"items_purged":["Regret"],"score":150,"play_id":"86237744-55f7-4397-90ee-b6245138ad82","local_time":"20190708100234","is_ascension_mode":true,"campfire_choices":[],"neow_cost":"TEN_PERCENT_HP_LOSS","seed_source_timestamp":2105665386180200,"circlet_count":0,"master_deck":["AscendersBane","Strike_B","Strike_B","Strike_B","Strike_B+1","Defend_B","Defend_B","Defend_B","Defend_B","Zap","Dualcast","Cold Snap+1","Ball Lightning","Coolheaded","Coolheaded","Capacitor","Ball Lightning"],"relics":["Cracked Core","Shovel","Juzu Bracelet","Art of War","Whetstone"],"potions_floor_usage":[8,11],"damage_taken":[{"damage":0,"enemies":"Small Slimes","floor":1,"turns":2},{"damage":12,"enemies":"2 Louse","floor":4,"turns":4},{"damage":11,"enemies":"Gremlin Nob","floor":6,"turns":3},{"damage":0,"enemies":"Cultist","floor":7,"turns":3},{"damage":13,"enemies":"3 Louse","floor":8,"turns":2},{"damage":10,"enemies":"Exordium Thugs","floor":10,"turns":5},{"damage":11,"enemies":"Large Slime","floor":11,"turns":3}],"seed_played":"8051199439382618300","potions_obtained":[{"floor":1,"key":"Explosive Potion"},{"floor":6,"key":"FearPotion"}],"is_trial":false,"path_per_floor":["M","?","?","M","$","E","M","M","T","M","M"],"character_chosen":"DEFECT","items_purchased":["Juzu Bracelet","Coolheaded"],"campfire_rested":0,"item_purchase_floors":[5,5],"current_hp_per_floor":[64,53,53,41,41,30,30,17,17,7,0],"gold":262,"neow_bonus":"ONE_RARE_RELIC","is_prod":false,"is_daily":false,"chose_seed":false,"campfire_upgraded":0,"win_rate":0,"timestamp":1562605354,"path_taken":["M","?","?","?","$","E","M","M","T","M","M"],"build_version":"2019-07-05","purchased_purges":1,"victory":false,"max_hp_per_floor":[64,64,64,64,64,64,64,64,64,64,64],"card_choices":[{"not_picked":["Undo","Genetic Algorithm"],"picked":"Cold Snap","floor":1},{"not_picked":["Turbo","Heatsinks"],"picked":"Ball Lightning","floor":4},{"not_picked":["Hyperbeam","Sweeping Beam"],"picked":"Coolheaded","floor":6},{"not_picked":["Consume","Leap"],"picked":"Capacitor","floor":7},{"not_picked":["Compile Driver","Streamline","Steam"],"picked":"SKIP","floor":8},{"not_picked":["Sweeping Beam","Streamline"],"picked":"Ball Lightning","floor":10}],"player_experience":1241447,"relics_obtained":[{"floor":6,"key":"Art of War"},{"floor":9,"key":"Whetstone"}],"event_choices":[{"damage_healed":0,"gold_gain":75,"player_choice":"Gather Gold","damage_taken":11,"max_hp_gain":0,"max_hp_loss":0,"event_name":"World of Goop","floor":2,"gold_loss":0},{"damage_healed":0,"gold_gain":275,"player_choice":"Desecrate","damage_taken":0,"max_hp_gain":0,"max_hp_loss":0,"event_name":"Golden Shrine","floor":3,"gold_loss":0,"cards_obtained":["Regret"]}],"is_beta":false,"boss_relics":[],"items_purged_floors":[5],"is_endless":false,"potions_floor_spawned":[1,6],"killed_by":"Large Slime","ascension_level":20}