{"gold_per_floor":[109,119,119,139,139,139,174,174,174,174,194,213,225,252,252,252],"floor_reached":16,"playtime":489,"items_purged":[],"score":224,"play_id":"ba4fb265-9efa-4dfa-947b-32e5eb7f83b9","local_time":"20190626143800","is_ascension_mode":true,"campfire_choices":[{"data":"Armaments","floor":6,"key":"SMITH"},{"floor":8,"key":"REST"},{"data":"Searing Blow","floor":10,"key":"SMITH"},{"data":"Searing Blow+1","floor":15,"key":"SMITH"}],"neow_cost":"NONE","seed_source_timestamp":5192172789009498,"circlet_count":0,"master_deck":["AscendersBane","Strike_R","Strike_R","Strike_R","Strike_R","Strike_R","Defend_R","Defend_R","Defend_R","Defend_R","Bash","Double Tap","Cleave","Evolve","Armaments+1","Searing Blow+2","Rampage","Iron Wave"],"relics":["Burning Blood","Incense Burner","Pear","Oddly Smooth Stone"],"potions_floor_usage":[14,14],"damage_taken":[{"damage":12,"enemies":"2 Louse","floor":1,"turns":3},{"damage":7,"enemies":"Small Slimes","floor":2,"turns":3},{"damage":12,"enemies":"Jaw Worm","floor":4,"turns":2},{"damage":46,"enemies":"Lagavulin","floor":7,"turns":10},{"damage":6,"enemies":"2 Fungi Beasts","floor":11,"turns":3},{"damage":4,"enemies":"Blue Slaver","floor":12,"turns":4},{"damage":10,"enemies":"Large Slime","floor":13,"turns":5},{"damage":39,"enemies":"Gremlin Nob","floor":14,"turns":4},{"damage":25,"enemies":"The Guardian","floor":16,"turns":10}],"seed_played":"-1427859201826663196","potions_obtained":[{"floor":11,"key":"BloodPotion"},{"floor":12,"key":"Explosive Potion"}],"is_trial":false,"path_per_floor":["M","M","?","M","?","R","E","R","T","R","M","M","M","E","R","B"],"character_chosen":"IRONCLAD","items_purchased":[],"campfire_rested":1,"item_purchase_floors":[],"current_hp_per_floor":[62,61,61,55,55,55,15,37,47,47,47,49,45,20,20,0],"gold":252,"neow_bonus":"ONE_RANDOM_RARE_CARD","is_prod":false,"is_daily":false,"chose_seed":false,"campfire_upgraded":3,"win_rate":0,"timestamp":1561574280,"path_taken":["M","M","?","M","?","R","E","R","T","R","M","M","M","E","R","BOSS"],"build_version":"2019-01-23","purchased_purges":0,"victory":false,"max_hp_per_floor":[75,75,75,75,75,75,75,75,85,85,85,85,85,85,85,85],"card_choices":[{"not_picked":["Body Slam","Second Wind"],"picked":"Cleave","floor":1},{"not_picked":["Flex","Cleave"],"picked":"Evolve","floor":2},{"not_picked":["Evolve","Intimidate"],"picked":"Armaments","floor":4},{"not_picked":["Double Tap","Sentinel"],"picked":"Searing Blow","floor":7},{"not_picked":["Havoc","Evolve","Pommel Strike"],"picked":"SKIP","floor":11},{"not_picked":["Hemokinesis","Sword Boomerang"],"picked":"Rampage","floor":12},{"not_picked":["Power Through","Clash"],"picked":"Iron Wave","floor":13},{"not_picked":["Sentinel","Rupture","Body Slam"],"picked":"SKIP","floor":14}],"player_experience":782477,"relics_obtained":[{"floor":7,"key":"Incense Burner"},{"floor":9,"key":"Pear"},{"floor":14,"key":"Oddly Smooth Stone"}],"event_choices":[{"damage_healed":0,"gold_gain":0,"player_choice":"Ignored","damage_taken":0,"max_hp_gain":0,"max_hp_loss":0,"event_name":"Shining Light","floor":3,"gold_loss":0},{"damage_healed":0,"gold_gain":0,"player_choice":"Ignored","damage_taken":0,"max_hp_gain":0,"max_hp_loss":0,"event_name":"Liars Game","floor":5,"gold_loss":0}],"is_beta":false,"boss_relics":[],"items_purged_floors":[],"is_endless":false,"potions_floor_spawned":[11,12],"killed_by":"The Guardian","ascension_level":20}