{"gold_per_floor":[16,16,16,29,48,48,79,79,79,109,109,129,145,162,162,259,259,272,272,272],"floor_reached":20,"playtime":798,"items_purged":[],"score":246,"play_id":"0556b85b-1f8c-4c31-b3a8-c3572570dfb6","local_time":"20190115225257","is_ascension_mode":true,"campfire_choices":[{"floor":6,"key":"REST"},{"floor":8,"key":"REST"},{"floor":11,"key":"REST"},{"floor":15,"key":"REST"}],"neow_cost":"NO_GOLD","seed_source_timestamp":509240367225552,"circlet_count":0,"master_deck":["Strike_B","Strike_B","Strike_B","Defend_B","Defend_B","Defend_B","Zap","Dualcast","Steam","White Noise","Capacitor","Pain","Gash+1","Glacier","Consume","Melter+1","Cold Snap+1","Gash+1","Aggregate","Creative AI","Go for the Eyes+1"],"relics":["Cracked Core","Molten Egg 2","WarpedTongs","Centennial Puzzle","Shuriken","Dodecahedron","Nuclear Battery"],"potions_floor_usage":[10,16,20],"damage_taken":[{"damage":0,"enemies":"Small Slimes","floor":1,"turns":3},{"damage":3,"enemies":"2 Louse","floor":4,"turns":3},{"damage":2,"enemies":"Cultist","floor":5,"turns":3},{"damage":23,"enemies":"3 Sentries","floor":7,"turns":12},{"damage":36,"enemies":"Gremlin Nob","floor":10,"turns":4},{"damage":5,"enemies":"2 Fungi Beasts","floor":12,"turns":4},{"damage":7,"enemies":"Exordium Wildlife","floor":13,"turns":3},{"damage":5,"enemies":"Large Slime","floor":14,"turns":4},{"damage":12,"enemies":"Slime Boss","floor":16,"turns":12},{"damage":26,"enemies":"2 Thieves","floor":18,"turns":3},{"damage":38,"enemies":"Colosseum Slavers","floor":19,"turns":4},{"damage":11,"enemies":"Chosen","floor":20,"turns":3}],"seed_played":"725374507331660927","potions_obtained":[{"floor":1,"key":"PowerPotion"},{"floor":5,"key":"GamblersBrew"},{"floor":14,"key":"Block Potion"},{"floor":18,"key":"Poison Potion"}],"is_trial":false,"path_per_floor":["M","?","?","M","M","R","E","R","T","E","R","M","M","M","R","B",null,"M","?","M"],"character_chosen":"DEFECT","items_purchased":[],"campfire_rested":4,"item_purchase_floors":[],"current_hp_per_floor":[75,63,63,60,58,75,52,74,74,38,60,55,48,43,65,53,75,49,11,0],"gold":272,"neow_bonus":"TRANSFORM_TWO_CARDS","is_prod":false,"is_daily":false,"chose_seed":false,"campfire_upgraded":0,"win_rate":0,"timestamp":1547621577,"path_taken":["M","?","?","?","M","R","E","R","T","E","R","M","M","M","R","BOSS","M","?","M"],"build_version":"2019-01-10","purchased_purges":0,"victory":false,"max_hp_per_floor":[75,75,75,75,75,75,75,75,75,75,75,75,75,75,75,75,75,75,75,75],"card_choices":[{"not_picked":["Reprogram","Compile Driver"],"picked":"Capacitor","floor":1},{"not_picked":["Ball Lightning+1","Beam Cell+1"],"picked":"Gash+1","floor":4},{"not_picked":["Blizzard+1","Streamline+1"],"picked":"Glacier","floor":5},{"not_picked":["Lockon+1","Sweeping Beam+1"],"picked":"Consume","floor":7},{"not_picked":["Ball Lightning+1","Sweeping Beam+1"],"picked":"Melter+1","floor":10},{"not_picked":["Scrape+1","Ball Lightning+1"],"picked":"Cold Snap+1","floor":12},{"not_picked":["Barrage+1","Stack"],"picked":"Gash+1","floor":13},{"not_picked":["Streamline+1","Steam Power"],"picked":"Aggregate","floor":14},{"not_picked":["Machine Learning","Fission"],"picked":"Creative AI","floor":16},{"not_picked":["BootSequence","Reprogram"],"picked":"Go for the Eyes+1","floor":18}],"player_experience":139360,"relics_obtained":[{"floor":7,"key":"Centennial Puzzle"},{"floor":9,"key":"Shuriken"},{"floor":10,"key":"Dodecahedron"}],"event_choices":[{"damage_healed":0,"gold_gain":0,"player_choice":"Success","damage_taken":12,"relics_obtained":["Molten Egg 2"],"max_hp_gain":0,"max_hp_loss":0,"event_name":"Scrap Ooze","floor":2,"gold_loss":0},{"damage_healed":0,"gold_gain":0,"player_choice":"Rummage","damage_taken":0,"relics_obtained":["WarpedTongs"],"max_hp_gain":0,"max_hp_loss":0,"event_name":"Accursed Blacksmith","floor":3,"gold_loss":0,"cards_obtained":["Pain"]},{"damage_healed":0,"gold_gain":0,"player_choice":"Fight","damage_taken":0,"max_hp_gain":0,"max_hp_loss":0,"event_name":"Colosseum","floor":19,"gold_loss":0},{"damage_healed":0,"gold_gain":0,"player_choice":"Fled From Nobs","damage_taken":0,"max_hp_gain":0,"max_hp_loss":0,"event_name":"Colosseum","floor":19,"gold_loss":0}],"is_beta":false,"boss_relics":[{"not_picked":["Pandora\u0027s Box","Runic Dome"],"picked":"Nuclear Battery"}],"items_purged_floors":[],"is_endless":false,"potions_floor_spawned":[1,5,14,18],"killed_by":"Chosen","ascension_level":1}