{"gold_per_floor":[118,118,136,60,77,102,102,152,176,176,195,207,207,232,232,306,306,319,233,243,25,25,53,65,65,65,65],"floor_reached":27,"playtime":926,"items_purged":[],"score":482,"play_id":"4b4249d5-b52b-4a17-abae-bf0530550dc5","local_time":"20190704143808","is_ascension_mode":true,"campfire_choices":[{"data":"Dagger Spray","floor":7.0,"key":"SMITH"},{"data":"Bouncing Flask","floor":10.0,"key":"SMITH"},{"floor":13.0,"key":"REST"},{"floor":15.0,"key":"REST"},{"floor":25,"key":"REST"}],"neow_cost":"NONE","seed_source_timestamp":5882722690540658,"circlet_count":0,"master_deck":["AscendersBane","Strike_G","Strike_G","Strike_G","Defend_G","Defend_G","Defend_G","Defend_G","Defend_G","Survivor","Neutralize+1","Sucker Punch","Backstab","Bouncing Flask+1","Dagger Spray+1","Slice","Sucker Punch","Dash","Glass Knife","Footwork","Well Laid Plans","PiercingWail","Deflect"],"special_seed":0,"relics":["Ring of the Snake","Art of War","Orichalcum","Meat on the Bone","Velvet Choker","OrangePellets","Letter Opener","Prayer Wheel"],"potions_floor_usage":[20],"damage_taken":[{"damage":0.0,"enemies":"2 Louse","floor":1.0,"turns":4.0},{"damage":0.0,"enemies":"Cultist","floor":3.0,"turns":4.0},{"damage":0.0,"enemies":"Small Slimes","floor":5.0,"turns":5.0},{"damage":29.0,"enemies":"Lagavulin","floor":6.0,"turns":6.0},{"damage":18.0,"enemies":"Gremlin Gang","floor":11.0,"turns":3.0},{"damage":0.0,"enemies":"Exordium Wildlife","floor":12.0,"turns":3.0},{"damage":17.0,"enemies":"3 Sentries","floor":14.0,"turns":8.0},{"damage":23.0,"enemies":"Hexaghost","floor":16.0,"turns":10.0},{"damage":0.0,"enemies":"3 Byrds","floor":18.0,"turns":5.0},{"damage":0,"enemies":"Chosen","floor":20,"turns":4},{"damage":51,"enemies":"Slavers","floor":23,"turns":8},{"damage":12,"enemies":"Snake Plant","floor":24,"turns":5},{"damage":37,"enemies":"Book of Stabbing","floor":27,"turns":5}],"seed_played":"-5294433985569108117","potions_obtained":[{"floor":1.0,"key":"EssenceOfSteel"},{"floor":6.0,"key":"EssenceOfSteel"},{"floor":16.0,"key":"FearPotion"}],"is_trial":false,"path_per_floor":["M","?","M","$","M","E","R","?","T","R","M","M","R","E","R","B",null,"M","$","M","$","?","E","M","R","T","E"],"character_chosen":"THE_SILENT","items_purchased":["Bouncing Flask","Well Laid Plans","OrangePellets"],"campfire_rested":3,"item_purchase_floors":[4,19,21],"current_hp_per_floor":[59,59,59,59,59,30,30,30,30,30,12,12,31,14,33,22,55,55,55,55,55,55,16,16,35,35,0],"gold":65,"neow_bonus":"UPGRADE_CARD","is_prod":false,"is_daily":false,"chose_seed":false,"campfire_upgraded":2,"win_rate":0,"timestamp":1562265488,"path_taken":["M","?","?","?","?","E","R","?","T","R","M","?","R","E","R","BOSS","M","$","M","$","?","E","?","R","T","E"],"build_version":"2019-07-01","purchased_purges":0,"victory":false,"max_hp_per_floor":[66,66,66,66,66,66,66,66,66,66,66,66,66,66,66,66,66,66,66,66,66,66,66,66,66,66,66],"card_choices":[{"not_picked":["Infinite Blades","Skewer"],"picked":"Sucker Punch","floor":1.0},{"not_picked":["Sucker Punch","PiercingWail"],"picked":"Backstab","floor":3.0},{"not_picked":["Calculated Gamble","Cloak And Dagger"],"picked":"Dagger Spray","floor":5.0},{"not_picked":["Poisoned Stab","Riddle With Holes"],"picked":"Slice","floor":6.0},{"not_picked":["Cloak And Dagger","Night Terror"],"picked":"Sucker Punch","floor":11.0},{"not_picked":["Dagger Throw","Sucker Punch","Flying Knee"],"picked":"SKIP","floor":12.0},{"not_picked":["Skewer","Deadly Poison"],"picked":"Dash","floor":14.0},{"not_picked":["A Thousand Cuts","Tools of the Trade"],"picked":"Glass Knife","floor":16.0},{"not_picked":["Quick Slash","Backflip"],"picked":"Footwork","floor":18.0},{"not_picked":["Quick Slash","Deadly Poison"],"picked":"PiercingWail","floor":20},{"not_picked":["Quick Slash","Bouncing Flask"],"picked":"Deflect","floor":23},{"not_picked":["Slice","Poisoned Stab","Flechettes"],"picked":"SKIP","floor":24}],"player_experience":856527,"relics_obtained":[{"floor":6.0,"key":"Art of War"},{"floor":9.0,"key":"Orichalcum"},{"floor":14.0,"key":"Meat on the Bone"},{"floor":23,"key":"Letter Opener"},{"floor":26,"key":"Prayer Wheel"}],"event_choices":[{"cards_removed":["Strike_G"],"damage_healed":0.0,"max_hp_gain":0.0,"max_hp_loss":0.0,"gold_gain":0.0,"event_name":"Bonfire Elementals","player_choice":"Offered Basic","floor":2.0,"gold_loss":0.0,"damage_taken":0.0},{"damage_healed":0.0,"max_hp_gain":0.0,"max_hp_loss":0.0,"gold_gain":50.0,"event_name":"Golden Shrine","player_choice":"Pray","floor":8.0,"gold_loss":0.0,"damage_taken":0.0},{"cards_removed":["Strike_G"],"damage_healed":0,"gold_gain":0,"player_choice":"Purged","damage_taken":0,"max_hp_gain":0,"max_hp_loss":0,"event_name":"Purifier","floor":22,"gold_loss":0}],"is_beta":false,"boss_relics":[{"not_picked":["HoveringKite","Tiny House"],"picked":"Velvet Choker"}],"items_purged_floors":[],"is_endless":false,"potions_floor_spawned":[1,6,12,14,16],"killed_by":"Book of Stabbing","ascension_level":20}