{"path_per_floor":["M","$","M","$","?","R","M","R","T","M","E","M","$","M","R","B",null,"M","?","$","M","M","R"],"character_chosen":"IRONCLAD","items_purchased":["Heavy Blade","Combust"],"gold_per_floor":[115,40,57,30,30,30,50,50,74,94,121,141,41,60,60,156,156,170,170,11,28,45,45],"floor_reached":24,"campfire_rested":1,"playtime":1058,"current_hp_per_floor":[80,80,78,78,78,78,72,72,72,78,65,73,73,73,73,19,83,65,65,65,42,14,38],"items_purged":["Strike_R","Strike_R","Writhe"],"gold":45,"play_id":"952bdbeb-41f1-4356-a0f4-8ca439d61309","is_prod":false,"is_daily":false,"is_ascension_mode":false,"campfire_upgraded":3,"path_taken":["M","$","M","$","?","R","M","R","T","M","E","?","$","M","R","BOSS","M","?","$","M","M","R","E"],"build_version":"2018-01-29-BETA1","purchased_purges":3,"victory":false,"master_deck":["Strike_R","Strike_R","Strike_R","Defend_R","Defend_R","Defend_R","Bash+1","Seeing Red+1","Flex","Whirlwind+1","Heavy Blade","Flex+1","Feed","Shockwave","Limit Break","Combust","Heavy Blade+1","Thunderclap+1"],"max_hp_per_floor":[80,80,80,80,80,80,80,80,80,80,80,83,83,83,83,83,83,83,83,83,83,83,83],"relics":["Burning Blood","Molten Egg","Gremlin Horn","White Beast Statue","Blood Vial"],"card_choices":[{"not_picked":["Iron Wave","Spot Weakness"],"picked":"Flex"},{"not_picked":["Body Slam","Cleave"],"picked":"Whirlwind"},{"not_picked":["Blood for Blood","Whirlwind"],"picked":"Flex"},{"not_picked":["Sword Boomerang","Shockwave"],"picked":"Feed"},{"not_picked":["Clash","Bloodletting"],"picked":"Shockwave"},{"not_picked":["Barricade","Juggernaut"],"picked":"Limit Break"},{"not_picked":["Sword Boomerang","Rupture"],"picked":"Heavy Blade"},{"not_picked":["Armaments","Sword Boomerang"],"picked":"Thunderclap"}],"player_experience":4086,"potions_floor_usage":[16,16,21,22,22,24],"damage_taken":[{"damage":0,"enemies":"2 Louse","floor":1,"turns":3},{"damage":8,"enemies":"Jaw Worm","floor":3,"turns":3},{"damage":12,"enemies":"Small Slimes","floor":7,"turns":4},{"damage":0,"enemies":"Gremlin Gang","floor":10,"turns":1},{"damage":19,"enemies":"3 Sentries","floor":11,"turns":4},{"damage":1,"enemies":"Exordium Wildlife","floor":12,"turns":2},{"damage":6,"enemies":"Large Slime","floor":14,"turns":2},{"damage":60,"enemies":"Hexaghost","floor":16,"turns":9},{"damage":24,"enemies":"Chosen","floor":18,"turns":5},{"damage":31,"enemies":"2 Thieves","floor":21,"turns":3},{"damage":45,"enemies":"Snake Plant","floor":22,"turns":4},{"damage":42,"enemies":"Slavers","floor":24,"turns":2}],"event_choices":[{"event_name":"The Cleric","player_choice":"Leave","floor":5,"damage_taken":0},{"event_name":"The Mausoleum","player_choice":"Yes","floor":19,"damage_taken":0}],"boss_relics":[{"not_picked":["Tiny House","Cursed Key"],"picked":"White Beast Statue"}],"potions_floor_spawned":[1,7,14,16,18,21,22],"seed_played":"-4195481377852007797","killed_by":"Slavers","ascension_level":0,"is_trial":false}