{"gold_per_floor":[113,123,55,130,130,160,171,183,256,256,273,306,320,339,339,440,440,458,476,476,32,32,32,61,61,85,104,104,203,203,234,234,329,329,342,442,26,43,94,94,120,120,169,179,210,55,55,55,55,55],"floor_reached":51,"playtime":1924,"items_purged":["Strike_R"],"score":1095,"play_id":"240a793b-f7ed-4558-8693-451a549b1726","local_time":"20181215192447","is_ascension_mode":true,"campfire_choices":[{"data":"Spot Weakness","floor":15.0,"key":"SMITH"},{"floor":23.0,"key":"REST"},{"floor":25.0,"key":"REST"},{"floor":28.0,"key":"REST"},{"floor":32.0,"key":"REST"},{"floor":40.0,"key":"REST"},{"floor":47,"key":"REST"},{"floor":49,"key":"REST"}],"neow_cost":"NONE","seed_source_timestamp":0,"circlet_count":0,"master_deck":["Strike_R+1","Strike_R+1","Strike_R","Strike_R","Defend_R+1","Defend_R","Defend_R","Defend_R","Bash","Rage","Flex","Spot Weakness","Twin Strike","Heavy Blade","Whirlwind","Spot Weakness+1","Battle Trance+1","Feed","Shrug It Off+1","Feed","Enlightenment","Bandage Up","Flash of Steel","Armaments","Demon Form","Dropkick","Ghostly Armor+1","Shrug It Off+1","Shrug It Off","Flex+1"],"special_seed":0,"relics":["Burning Blood","NeowsBlessing","Du-Vu Doll","Whetstone","Shuriken","Boot","Fusion Hammer","MutagenicStrength","Turnip","Bag of Marbles","Juzu Bracelet","War Paint","Kunai","Lizard Tail","Incense Burner","Lee\u0027s Waffle","Bronze Scales","Charon\u0027s Ashes","Anchor","Potion Belt","Regal Pillow","Ancient Tea Set"],"potions_floor_usage":[50],"damage_taken":[{"damage":0.0,"enemies":"Small Slimes","floor":1.0,"turns":1.0},{"damage":0.0,"enemies":"Jaw Worm","floor":2.0,"turns":1.0},{"damage":0.0,"enemies":"Gremlin Nob","floor":6.0,"turns":1.0},{"damage":0.0,"enemies":"Cultist","floor":7.0,"turns":3.0},{"damage":10.0,"enemies":"3 Louse","floor":8.0,"turns":3.0},{"damage":0.0,"enemies":"Large Slime","floor":11.0,"turns":3.0},{"damage":0.0,"enemies":"3 Sentries","floor":12.0,"turns":2.0},{"damage":13.0,"enemies":"Blue Slaver","floor":13.0,"turns":2.0},{"damage":15.0,"enemies":"Exordium Thugs","floor":14.0,"turns":3.0},{"damage":27.0,"enemies":"The Guardian","floor":16.0,"turns":11.0},{"damage":11.0,"enemies":"Spheric Guardian","floor":18.0,"turns":3.0},{"damage":13.0,"enemies":"2 Thieves","floor":19.0,"turns":3.0},{"damage":33.0,"enemies":"Book of Stabbing","floor":24.0,"turns":3.0},{"damage":9.0,"enemies":"Cultist and Chosen","floor":27.0,"turns":3.0},{"damage":30.0,"enemies":"Slavers","floor":31.0,"turns":4.0},{"damage":87.0,"enemies":"Champ","floor":33.0,"turns":9.0},{"damage":0.0,"enemies":"3 Darklings","floor":35.0,"turns":3.0},{"damage":25.0,"enemies":"Mind Bloom Boss Battle","floor":36.0,"turns":8.0},{"damage":19.0,"enemies":"3 Shapes","floor":38.0,"turns":9.0},{"damage":38.0,"enemies":"2 Orb Walkers","floor":39.0,"turns":3.0},{"damage":105.0,"enemies":"Giant Head","floor":41.0,"turns":9.0},{"damage":0.0,"enemies":"Jaw Worm Horde","floor":44.0,"turns":4.0},{"damage":88,"enemies":"Reptomancer","floor":45,"turns":7},{"damage":106,"enemies":"Awakened One","floor":50,"turns":17}],"seed_played":"-7701370000966239274","potions_obtained":[{"floor":2.0,"key":"Swift Potion"},{"floor":6.0,"key":"Energy Potion"},{"floor":8.0,"key":"EssenceOfSteel"},{"floor":13.0,"key":"Block Potion"},{"floor":18.0,"key":"Regen Potion"},{"floor":27.0,"key":"Regen Potion"},{"floor":33.0,"key":"Regen Potion"},{"floor":41.0,"key":"Regen Potion"},{"floor":45,"key":"SpeedPotion"}],"is_trial":false,"path_per_floor":["M","M","$","?","?","E","M","M","T","?","M","E","M","M","R","B",null,"M","M","?","$","?","R","E","R","T","M","R","?","?","E","R","B",null,"M","?","$","M","?","R","E","?","T","M","E","$","R","?","R","B",null],"character_chosen":"IRONCLAD","items_purchased":["Spot Weakness","Turnip","Bag of Marbles","Lee\u0027s Waffle","Bronze Scales","Ancient Tea Set"],"campfire_rested":7,"item_purchase_floors":[3,21,21,37,37,46],"current_hp_per_floor":[80,80,80,69,57,63,69,65,65,65,71,77,70,61,61,40,70,65,61,61,61,61,83,56,80,80,80,86,86,54,37,63,41,79,88,73,102,96,73,104,8,8,8,33,17,17,64,64,108,18],"gold":55,"neow_bonus":"THREE_ENEMY_KILL","is_prod":false,"is_daily":false,"chose_seed":false,"campfire_upgraded":1,"win_rate":0,"timestamp":1544919887,"path_taken":["M","M","$","?","?","E","M","M","T","?","M","E","M","M","R","BOSS","M","?","?","$","?","R","E","R","T","M","R","?","?","E","R","BOSS","M","?","$","M","?","R","E","?","T","M","E","$","R","?","R","BOSS"],"build_version":"2018-12-13","purchased_purges":1,"victory":true,"max_hp_per_floor":[80,80,80,80,80,80,80,80,80,80,80,80,80,80,80,80,80,80,83,83,83,83,83,83,83,83,86,86,86,86,89,89,92,92,95,95,102,105,105,105,105,105,105,108,108,108,108,108,108,114],"card_choices":[{"not_picked":["Clash","Heavy Blade"],"picked":"Rage","floor":1.0},{"not_picked":["Uppercut","Perfected Strike"],"picked":"Flex","floor":2.0},{"not_picked":["Heavy Blade","Wild Strike","Disarm"],"picked":"SKIP","floor":6.0},{"not_picked":["Hemokinesis","Shrug It Off"],"picked":"Twin Strike","floor":7.0},{"not_picked":["Flame Barrier","Clothesline"],"picked":"Heavy Blade","floor":8.0},{"not_picked":["Anger","Pummel"],"picked":"Whirlwind","floor":11.0},{"not_picked":["Second Wind","Sever Soul"],"picked":"Spot Weakness","floor":12.0},{"not_picked":["Power Through","Reckless Charge","Carnage"],"picked":"SKIP","floor":13.0},{"not_picked":["Warcry","Fiend Fire"],"picked":"Battle Trance","floor":14.0},{"not_picked":["Brutality","Reaper"],"picked":"Feed","floor":16.0},{"not_picked":["Sword Boomerang","Anger+1"],"picked":"Shrug It Off+1","floor":18.0},{"not_picked":["Bloodletting+1","True Grit","Hemokinesis"],"picked":"SKIP","floor":19.0},{"not_picked":["Wild Strike+1","Perfected Strike"],"picked":"Fire Breathing+1","floor":24.0},{"not_picked":["Havoc+1","Cleave"],"picked":"Feed","floor":27.0},{"not_picked":["Reckless Charge","Warcry"],"picked":"Armaments","floor":31.0},{"not_picked":["Impervious","Juggernaut"],"picked":"Demon Form","floor":33.0},{"not_picked":["Headbutt+1","Blood for Blood+1"],"picked":"Dropkick","floor":35.0},{"not_picked":["Iron Wave+1","Seeing Red+1"],"picked":"Ghostly Armor+1","floor":36.0},{"not_picked":["Searing Blow","Havoc"],"picked":"Shrug It Off+1","floor":38.0},{"not_picked":["Dual Wield","Clash+1"],"picked":"Shrug It Off","floor":41.0},{"not_picked":["Fire Breathing+1","Perfected Strike+1"],"picked":"Flex+1","floor":44.0},{"not_picked":["Iron Wave+1","True Grit+1","Uppercut"],"picked":"SKIP","floor":45}],"player_experience":511695,"relics_obtained":[{"floor":6.0,"key":"Whetstone"},{"floor":9.0,"key":"Shuriken"},{"floor":12.0,"key":"Boot"},{"floor":24.0,"key":"Juzu Bracelet"},{"floor":26.0,"key":"War Paint"},{"floor":31.0,"key":"Kunai"},{"floor":36.0,"key":"Incense Burner"},{"floor":39.0,"key":"Charon\u0027s Ashes"},{"floor":41.0,"key":"Anchor"},{"floor":43.0,"key":"Potion Belt"},{"floor":45,"key":"Regal Pillow"}],"event_choices":[{"damage_healed":0.0,"max_hp_gain":0.0,"max_hp_loss":0.0,"gold_gain":75.0,"event_name":"World of Goop","player_choice":"Gather Gold","floor":4.0,"gold_loss":0.0,"damage_taken":11.0},{"damage_healed":0.0,"max_hp_gain":0.0,"max_hp_loss":0.0,"gold_gain":0.0,"event_name":"Scrap Ooze","player_choice":"Success","floor":5.0,"gold_loss":0.0,"damage_taken":12.0,"relics_obtained":["Du-Vu Doll"]},{"damage_healed":0.0,"max_hp_gain":0.0,"max_hp_loss":0.0,"gold_gain":0.0,"event_name":"FaceTrader","player_choice":"Leave","floor":10.0,"gold_loss":0.0,"damage_taken":0.0},{"damage_healed":0.0,"max_hp_gain":0.0,"max_hp_loss":0.0,"gold_gain":0.0,"event_name":"Drug Dealer","player_choice":"Inject Mutagens","floor":20.0,"gold_loss":0.0,"damage_taken":0.0,"relics_obtained":["MutagenicStrength"]},{"damage_healed":0.0,"max_hp_gain":0.0,"max_hp_loss":0.0,"gold_gain":99.0,"event_name":"Nest","player_choice":"Stole From Cult","floor":29.0,"gold_loss":0.0,"damage_taken":0.0},{"damage_healed":0.0,"max_hp_gain":0.0,"max_hp_loss":0.0,"gold_gain":0.0,"event_name":"Knowing Skull","player_choice":"CARD CARD CARD ","floor":30.0,"potions_obtained":[],"gold_loss":0.0,"damage_taken":32.0,"cards_obtained":["Enlightenment","Bandage Up","Flash of Steel"]},{"damage_healed":0.0,"max_hp_gain":0.0,"max_hp_loss":0.0,"gold_gain":0.0,"event_name":"MindBloom","player_choice":"Fight","floor":36.0,"gold_loss":0.0,"damage_taken":0.0},{"damage_healed":0.0,"max_hp_gain":0.0,"max_hp_loss":0.0,"gold_gain":0.0,"event_name":"Mysterious Sphere","player_choice":"Fight","floor":39.0,"gold_loss":0.0,"damage_taken":0.0},{"damage_healed":0.0,"max_hp_gain":0.0,"max_hp_loss":0.0,"gold_gain":0.0,"event_name":"Match and Keep!","player_choice":"0 cards matched","floor":42.0,"gold_loss":0.0,"damage_taken":0.0,"cards_obtained":[]},{"cards_removed":["Fire Breathing"],"damage_healed":0,"gold_gain":0,"player_choice":"Removed Power","damage_taken":0,"max_hp_gain":0,"max_hp_loss":0,"event_name":"Falling","floor":48,"gold_loss":0}],"is_beta":false,"boss_relics":[{"not_picked":["Snecko Eye","Empty Cage"],"picked":"Fusion Hammer"},{"not_picked":["Velvet Choker","Calling Bell"],"picked":"Lizard Tail"}],"items_purged_floors":[37],"is_endless":false,"potions_floor_spawned":[2,6,8,11,13,18,27,33,41,45],"ascension_level":5}