{"gold_per_floor":[110,126,126,126,126,151,151,166,166,181,200,234,234],"floor_reached":13,"playtime":328,"items_purged":[],"score":240,"play_id":"52796da8-9f13-47f8-8cc0-3ec451268eb5","local_time":"20190621170606","is_ascension_mode":true,"campfire_choices":[{"data":"Perfected Strike","floor":7,"key":"SMITH"}],"neow_cost":"NONE","seed_source_timestamp":4769281635299440,"circlet_count":0,"master_deck":["AscendersBane","Strike_R","Strike_R","Strike_R","Strike_R","Strike_R+1","Defend_R","Defend_R+1","Defend_R","Defend_R","Bash+1","Iron Wave","Whirlwind","Perfected Strike+1","Dropkick","Juggernaut","Headbutt"],"relics":["Burning Blood","NeowsBlessing","Bottled Lightning","Blood Vial","Mummified Hand"],"potions_floor_usage":[11,12],"damage_taken":[{"damage":0,"enemies":"2 Louse","floor":1,"turns":1},{"damage":0,"enemies":"Cultist","floor":2,"turns":1},{"damage":0,"enemies":"Lagavulin","floor":6,"turns":1},{"damage":0,"enemies":"Jaw Worm","floor":8,"turns":3},{"damage":22,"enemies":"Large Slime","floor":10,"turns":5},{"damage":8,"enemies":"Lots of Slimes","floor":11,"turns":3},{"damage":54,"enemies":"3 Sentries","floor":12,"turns":12},{"damage":28,"enemies":"Gremlin Gang","floor":13,"turns":2}],"seed_played":"160715206451924221","potions_obtained":[{"floor":8,"key":"Regen Potion"},{"floor":10,"key":"Block Potion"},{"floor":11,"key":"GamblersBrew"}],"is_trial":false,"path_per_floor":["M","M","?","?","$","E","R","M","T","M","M","E","M"],"character_chosen":"IRONCLAD","items_purchased":[],"campfire_rested":0,"item_purchase_floors":[],"current_hp_per_floor":[74,75,52,52,52,58,58,64,64,50,50,19,0],"gold":234,"neow_bonus":"THREE_ENEMY_KILL","is_prod":false,"is_daily":false,"chose_seed":false,"campfire_upgraded":1,"win_rate":0,"timestamp":1561151166,"path_taken":["M","M","?","?","$","E","R","M","T","M","?","E","M"],"build_version":"2019-01-23","purchased_purges":0,"victory":false,"max_hp_per_floor":[75,75,75,75,75,75,75,75,75,75,75,75,75],"card_choices":[{"not_picked":["Flex","Fire Breathing"],"picked":"Iron Wave","floor":1},{"not_picked":["Fire Breathing","Warcry"],"picked":"Whirlwind","floor":2},{"not_picked":["Flex","Clothesline"],"picked":"Perfected Strike","floor":6},{"not_picked":["Whirlwind","Clash","Anger"],"picked":"SKIP","floor":8},{"not_picked":["Iron Wave","Inflame"],"picked":"Dropkick","floor":10},{"not_picked":["Clash","Twin Strike"],"picked":"Juggernaut","floor":11},{"not_picked":["Bloodletting","Wild Strike"],"picked":"Headbutt","floor":12}],"player_experience":768884,"relics_obtained":[{"floor":6,"key":"Bottled Lightning"},{"floor":9,"key":"Blood Vial"},{"floor":12,"key":"Mummified Hand"}],"event_choices":[{"damage_healed":0,"gold_gain":0,"player_choice":"Entered Light","damage_taken":23,"max_hp_gain":0,"max_hp_loss":0,"event_name":"Shining Light","floor":3,"gold_loss":0,"cards_upgraded":["Defend_R","Strike_R"]},{"damage_healed":0,"gold_gain":0,"player_choice":"Upgraded","damage_taken":0,"max_hp_gain":0,"max_hp_loss":0,"event_name":"Upgrade Shrine","floor":4,"gold_loss":0,"cards_upgraded":["Bash"]}],"is_beta":false,"boss_relics":[],"items_purged_floors":[],"is_endless":false,"potions_floor_spawned":[8,10,11],"killed_by":"Gremlin Gang","ascension_level":20}