{"gold_per_floor":[111,31,106,106,106,106,145,145,169,203,203,227,227,8,8,98,98,111,161,174,197,211,211,252,252,252,252,273,8,8,8,8,104,104,120,189,522,542,542,542,215,215,215,234,260,277,329,343,343,343],"floor_reached":50,"playtime":1882,"items_purged":["Regret"],"score":1288,"play_id":"7d302084-64a6-40b2-b78c-3a3039f1fbfb","local_time":"20190322195557","is_ascension_mode":true,"campfire_choices":[{"data":"Echo Form","floor":6.0,"key":"SMITH"},{"data":"Zap","floor":8.0,"key":"SMITH"},{"data":"Biased Cognition","floor":13.0,"key":"SMITH"},{"data":"Hologram","floor":15.0,"key":"SMITH"},{"floor":23.0,"key":"REST"},{"floor":25.0,"key":"REST"},{"data":"Self Repair","floor":27.0,"key":"SMITH"},{"floor":32.0,"key":"REST"},{"floor":40.0,"key":"RECALL"},{"data":"Amplify","floor":42.0,"key":"SMITH"},{"data":"Shame","floor":49.0,"key":"PURGE"}],"neow_cost":"NONE","seed_source_timestamp":0,"circlet_count":0,"master_deck":["AscendersBane","Strike_B","Strike_B","Strike_B","Defend_B+1","Defend_B+1","Defend_B","Defend_B","Zap+1","Dualcast","Echo Form+1","Core Surge","Biased Cognition+1","Hologram+1","Electrodynamics","Self Repair+1","Glacier","Self Repair+1","Heatsinks+1","Conserve Battery","Mayhem","Amplify+1","Reinforced Body+1","Leap","Injury","Thunder Strike","Go for the Eyes"],"special_seed":0,"relics":["Cracked Core","NeowsBlessing","Ancient Tea Set","Pen Nib","Mummified Hand","Lee\u0027s Waffle","Cursed Key","War Paint","Juzu Bracelet","MutagenicStrength","Snecko Eye","Peace Pipe","Darkstone Periapt","Lantern","Potion Belt"],"potions_floor_usage":[50,50],"damage_taken":[{"damage":0.0,"enemies":"2 Louse","floor":1.0,"turns":1.0},{"damage":0.0,"enemies":"Lagavulin","floor":7.0,"turns":1.0},{"damage":0.0,"enemies":"3 Sentries","floor":10.0,"turns":1.0},{"damage":3.0,"enemies":"Small Slimes","floor":12.0,"turns":2.0},{"damage":0.0,"enemies":"Slime Boss","floor":16.0,"turns":5.0},{"damage":6.0,"enemies":"Spheric Guardian","floor":18.0,"turns":3.0},{"damage":23.0,"enemies":"2 Thieves","floor":20.0,"turns":3.0},{"damage":36.0,"enemies":"Cultist and Chosen","floor":21.0,"turns":4.0},{"damage":19.0,"enemies":"Snake Plant","floor":22.0,"turns":4.0},{"damage":24.0,"enemies":"Gremlin Leader","floor":24.0,"turns":7.0},{"damage":20.0,"enemies":"Centurion and Healer","floor":28.0,"turns":2.0},{"damage":31.0,"enemies":"Collector","floor":33.0,"turns":7.0},{"damage":37.0,"enemies":"3 Shapes","floor":35.0,"turns":6.0},{"damage":0.0,"enemies":"2 Orb Walkers","floor":36.0,"turns":3.0},{"damage":33.0,"enemies":"3 Darklings","floor":38.0,"turns":3.0},{"damage":0.0,"enemies":"Transient","floor":44.0,"turns":6.0},{"damage":21.0,"enemies":"Reptomancer","floor":45.0,"turns":7.0},{"damage":0.0,"enemies":"4 Shapes","floor":46.0,"turns":3.0},{"damage":0.0,"enemies":"Spire Growth","floor":48.0,"turns":6.0},{"damage":93,"enemies":"Awakened One","floor":50,"turns":6}],"seed_played":"-4413274353821092319","potions_obtained":[{"floor":7.0,"key":"Fire Potion"},{"floor":10.0,"key":"GamblersBrew"},{"floor":16.0,"key":"SpeedPotion"},{"floor":20.0,"key":"FearPotion"},{"floor":24.0,"key":"LiquidBronze"},{"floor":36.0,"key":"SteroidPotion"},{"floor":48.0,"key":"FocusPotion"}],"is_trial":false,"path_per_floor":["M","$","?","?","?","R","E","R","T","E","?","M","R","$","R","B",null,"M","?","M","M","M","R","E","R","T","R","M","$","?","$","R","B",null,"M","?","?","M","?","R","$","R","T","M","E","M","T","M","R","B"],"character_chosen":"DEFECT","items_purchased":["Echo Form","Lee\u0027s Waffle","Mayhem","Darkstone Periapt","Leap"],"campfire_rested":3,"item_purchase_floors":[2,14,29,41,41],"current_hp_per_floor":[64,64,53,53,29,29,29,29,29,29,22,19,19,78,78,78,78,72,72,49,23,14,37,30,53,53,53,33,33,33,33,56,45,70,63,78,78,75,75,75,75,75,81,84,84,84,90,90,90,0],"gold":343,"neow_bonus":"THREE_ENEMY_KILL","is_prod":false,"is_daily":false,"chose_seed":false,"campfire_upgraded":6,"win_rate":0,"timestamp":1553298957,"path_taken":["M","$","?","?","?","R","E","R","T","E","?","M","R","$","R","BOSS","M","?","M","M","M","R","E","R","T","R","M","$","?","?","R","BOSS","M","?","?","M","?","R","$","R","T","M","E","M","?","M","R","BOSS"],"build_version":"2019-01-23","purchased_purges":1,"victory":false,"max_hp_per_floor":[71,71,71,71,71,71,71,71,71,71,71,71,71,78,78,78,78,78,78,78,78,78,78,78,78,78,78,78,78,78,78,78,78,78,78,78,78,78,78,78,78,78,84,84,84,84,90,90,90,90],"card_choices":[{"not_picked":["Beam Cell","Steam"],"picked":"Ball Lightning","floor":1.0},{"not_picked":["Doom and Gloom","Self Repair"],"picked":"Core Surge","floor":7.0},{"not_picked":["Conserve Battery","Streamline"],"picked":"Biased Cognition","floor":10.0},{"not_picked":["Stack","Lockon"],"picked":"Hologram","floor":12.0},{"not_picked":["Reboot","Fission"],"picked":"Electrodynamics","floor":16.0},{"not_picked":["Recycle","Consume"],"picked":"Self Repair+1","floor":18.0},{"not_picked":["Aggregate","Rebound","Rip and Tear"],"picked":"SKIP","floor":20.0},{"not_picked":["White Noise","Rebound"],"picked":"Glacier","floor":21.0},{"not_picked":["Leap+1","Rebound"],"picked":"Self Repair","floor":22.0},{"not_picked":["Stack","Streamline"],"picked":"Heatsinks+1","floor":24.0},{"not_picked":["Ball Lightning+1","Capacitor"],"picked":"Conserve Battery","floor":28.0},{"not_picked":["Fission","Echo Form"],"picked":"Amplify","floor":33.0},{"not_picked":["Undo","Leap"],"picked":"Reinforced Body+1","floor":35.0},{"not_picked":["Rebound+1","Scrape","Barrage+1"],"picked":"SKIP","floor":38.0},{"not_picked":["Blizzard","Sweeping Beam","Rebound"],"picked":"SKIP","floor":44.0},{"not_picked":["Sweeping Beam","Tempest+1","Genetic Algorithm"],"picked":"SKIP","floor":45.0},{"not_picked":["Stack+1","Rebound+1"],"picked":"Thunder Strike","floor":46.0},{"not_picked":["Redo","Compile Driver"],"picked":"Go for the Eyes","floor":48.0}],"player_experience":594473,"relics_obtained":[{"floor":7.0,"key":"Ancient Tea Set"},{"floor":9.0,"key":"Pen Nib"},{"floor":10.0,"key":"Mummified Hand"},{"floor":24.0,"key":"War Paint"},{"floor":26.0,"key":"Juzu Bracelet"},{"floor":36.0,"key":"Peace Pipe"},{"floor":45.0,"key":"Lantern"},{"floor":47.0,"key":"Potion Belt"}],"event_choices":[{"damage_healed":0.0,"max_hp_gain":0.0,"max_hp_loss":0.0,"gold_gain":75.0,"event_name":"World of Goop","player_choice":"Gather Gold","floor":3.0,"gold_loss":0.0,"damage_taken":11.0},{"damage_healed":0.0,"max_hp_gain":0.0,"max_hp_loss":0.0,"gold_gain":0.0,"event_name":"Liars Game","player_choice":"Ignored","floor":4.0,"gold_loss":0.0,"damage_taken":0.0},{"damage_healed":0.0,"max_hp_gain":0.0,"max_hp_loss":0.0,"gold_gain":0.0,"event_name":"Golden Idol","player_choice":"Take Damage","floor":5.0,"gold_loss":0.0,"damage_taken":24.0,"relics_obtained":["Golden Idol"]},{"cards_removed":["Strike_B"],"damage_healed":0.0,"max_hp_gain":0.0,"max_hp_loss":0.0,"gold_gain":0.0,"event_name":"Golden Wing","player_choice":"Card Removal","floor":11.0,"gold_loss":0.0,"damage_taken":7.0},{"damage_healed":0.0,"max_hp_gain":0.0,"max_hp_loss":0.0,"gold_gain":50.0,"event_name":"Nest","player_choice":"Stole From Cult","floor":19.0,"gold_loss":0.0,"damage_taken":0.0},{"damage_healed":0.0,"max_hp_gain":0.0,"max_hp_loss":0.0,"gold_gain":0.0,"event_name":"Drug Dealer","player_choice":"Inject Mutagens","floor":30.0,"gold_loss":0.0,"damage_taken":0.0,"relics_obtained":["MutagenicStrength"]},{"damage_healed":0.0,"max_hp_gain":0.0,"max_hp_loss":0.0,"gold_gain":0.0,"event_name":"Mysterious Sphere","player_choice":"Fight","floor":36.0,"gold_loss":0.0,"damage_taken":0.0},{"damage_healed":0.0,"max_hp_gain":0.0,"max_hp_loss":0.0,"gold_gain":333.0,"event_name":"The Moai Head","player_choice":"Gave Idol","floor":37.0,"relics_lost":["Golden Idol"],"gold_loss":0.0,"damage_taken":0.0},{"cards_removed":["Ball Lightning"],"damage_healed":0.0,"max_hp_gain":0.0,"max_hp_loss":0.0,"gold_gain":0.0,"event_name":"Falling","player_choice":"Removed Attack","floor":39.0,"gold_loss":0.0,"damage_taken":0.0}],"is_beta":false,"boss_relics":[{"not_picked":["Coffee Dripper","Nuclear Battery"],"picked":"Cursed Key"},{"not_picked":["Black Star","White Beast Statue"],"picked":"Snecko Eye"}],"items_purged_floors":[29],"is_endless":false,"potions_floor_spawned":[7,10,16,20,22,24,36,44,45,48],"killed_by":"Awakened One","ascension_level":20}