{"gold_per_floor":[215,215,215,62,79,93,104,139,139,164,174,187,187,202,202,301,301,316,316,334,257,59,59,91,91,164,178,178,178,178,211,211,313,313,333,333,11,28,43,43,71,71,153,181,181,201,211,227,227,227],"floor_reached":50,"playtime":2757,"items_purged":["Strike_G"],"score":755,"play_id":"3c5d01d9-e803-4364-85ef-360013b80cfc","local_time":"20180810194106","is_ascension_mode":true,"campfire_choices":[{"data":"Envenom","floor":13.0,"key":"SMITH"},{"data":"Leg Sweep","floor":15.0,"key":"SMITH"},{"data":"Caltrops","floor":23.0,"key":"SMITH"},{"floor":25.0,"key":"REST"},{"data":"Cloak And Dagger","floor":28.0,"key":"SMITH"},{"floor":32.0,"key":"REST"},{"floor":40.0,"key":"REST"},{"data":"Noxious Fumes","floor":42.0,"key":"SMITH"},{"floor":45.0,"key":"REST"},{"floor":49.0,"key":"REST"}],"neow_cost":"NONE","seed_source_timestamp":0,"circlet_count":0,"master_deck":["Defend_G","Defend_G","Defend_G","Defend_G","Strike_G","Strike_G","Strike_G","Strike_G","Survivor","Neutralize+1","Deadly Poison","Leg Sweep+1","Crippling Poison","Dagger Throw","All Out Attack","Catalyst","Envenom+1","Flying Knee","Predator","After Image","Cloak And Dagger+1","J.A.X.","Caltrops+1","Dodge and Roll","Riddle With Holes","Predator","Dark Shackles","Necronomicurse","Heel Hook","After Image","Noxious Fumes+1","Prepared+1","Caltrops","Riddle With Holes","Cloak And Dagger+1","A Thousand Cuts","Dodge and Roll"],"special_seed":0,"relics":["Ring of the Serpent","Oddly Smooth Stone","Pear","Meat on the Bone","Odd Mushroom","Snecko Eye","Bottled Tornado","Matryoshka","Necronomicon","Tingsha","Mercury Hourglass","Gremlin Horn","Pen Nib","Bottled Lightning","Anchor"],"potions_floor_usage":[50,50],"damage_taken":[{"damage":1.0,"enemies":"Cultist","floor":1.0,"turns":3.0},{"damage":0.0,"enemies":"Small Slimes","floor":5.0,"turns":4.0},{"damage":0.0,"enemies":"Jaw Worm","floor":6.0,"turns":5.0},{"damage":3.0,"enemies":"Red Slaver","floor":7.0,"turns":6.0},{"damage":17.0,"enemies":"Gremlin Nob","floor":8.0,"turns":5.0},{"damage":5.0,"floor":10.0,"turns":3.0},{"damage":13.0,"enemies":"Lots of Slimes","floor":11.0,"turns":4.0},{"damage":0.0,"enemies":"Looter","floor":12.0,"turns":4.0},{"damage":0.0,"enemies":"Large Slime","floor":14.0,"turns":5.0},{"damage":35.0,"enemies":"Hexaghost","floor":16.0,"turns":11.0},{"damage":5.0,"enemies":"Shell Parasite","floor":18.0,"turns":6.0},{"damage":1.0,"enemies":"Chosen","floor":20.0,"turns":5.0},{"damage":32.0,"enemies":"Gremlin Leader","floor":24.0,"turns":10.0},{"damage":17.0,"enemies":"Snake Plant","floor":27.0,"turns":5.0},{"damage":26.0,"enemies":"Book of Stabbing","floor":31.0,"turns":7.0},{"damage":35.0,"enemies":"Automaton","floor":33.0,"turns":11.0},{"damage":16.0,"enemies":"3 Shapes","floor":35.0,"turns":6.0},{"damage":0.0,"enemies":"3 Darklings","floor":38.0,"turns":5.0},{"damage":15.0,"enemies":"4 Shapes","floor":39.0,"turns":3.0},{"damage":5.0,"enemies":"Giant Head","floor":41.0,"turns":6.0},{"damage":49.0,"enemies":"Nemesis","floor":44.0,"turns":10.0},{"damage":5.0,"enemies":"Maw","floor":46.0,"turns":7.0},{"damage":6.0,"enemies":"Flame Bruiser 2 Orb","floor":47.0,"turns":4.0},{"damage":0.0,"enemies":"4 Shapes","floor":48.0,"turns":4.0},{"damage":78,"enemies":"Donu and Deca","floor":50,"turns":6}],"seed_played":"5408842979879610835","potions_obtained":[{"floor":7.0,"key":"SpeedPotion"},{"floor":8.0,"key":"GhostInAJar"},{"floor":10.0,"key":"AttackPotion"},{"floor":18.0,"key":"GhostInAJar"},{"floor":41.0,"key":"Block Potion"},{"floor":44.0,"key":"SkillPotion"},{"floor":47.0,"key":"Block Potion"}],"is_trial":false,"path_per_floor":["M","?","?","$","M","M","M","E","T","?","M","M","R","M","R","B",null,"M","?","M","?","$","R","E","R","T","M","R","?","?","E","R","B",null,"M","?","$","M","M","R","E","R","T","E","R","M","M","M","R"],"character_chosen":"THE_SILENT","items_purchased":["Oddly Smooth Stone","Caltrops","Dodge and Roll","Noxious Fumes","Mercury Hourglass"],"campfire_rested":5,"item_purchase_floors":[4,22,22,37,37],"current_hp_per_floor":[62,62,62,62,62,62,59,52,52,47,46,46,46,46,46,23,66,61,46,45,45,45,45,25,50,50,45,45,45,29,15,40,17,68,52,52,52,52,49,74,69,69,69,32,57,52,46,46,71,0],"gold":227,"neow_bonus":"HUNDRED_GOLD","is_prod":false,"is_daily":false,"chose_seed":false,"campfire_upgraded":5,"win_rate":0,"timestamp":1533944466,"path_taken":["M","?","?","$","M","M","?","E","T","?","M","M","R","M","R","BOSS","M","?","M","?","$","R","E","R","T","?","R","?","?","E","R","BOSS","M","?","$","M","M","R","E","R","T","E","R","M","?","M","R","BOSS"],"build_version":"2018-08-09","purchased_purges":1,"victory":false,"max_hp_per_floor":[70,70,70,70,70,70,70,80,80,80,80,80,80,80,80,80,80,80,85,85,85,85,85,85,85,85,85,85,85,85,85,85,85,85,85,85,85,85,85,85,85,85,85,85,85,85,85,85,85,85],"card_choices":[{"not_picked":["Prepared","Skewer"],"picked":"Deadly Poison","floor":1.0},{"not_picked":["Bane","Eviscerate"],"picked":"Leg Sweep","floor":5.0},{"not_picked":["Flechettes","Underhanded Strike"],"picked":"Crippling Poison","floor":6.0},{"not_picked":["Bane","Distraction"],"picked":"Dagger Throw","floor":7.0},{"not_picked":["Tactician","Reflex"],"picked":"All Out Attack","floor":8.0},{"not_picked":["All Out Attack","Sucker Punch"],"picked":"Catalyst","floor":10.0},{"not_picked":["Dagger Throw","Blade Dance"],"picked":"Envenom","floor":11.0},{"not_picked":["PiercingWail","Prepared"],"picked":"Flying Knee","floor":12.0},{"not_picked":["Heel Hook","Outmaneuver"],"picked":"Predator","floor":14.0},{"not_picked":["Phantasmal Killer","Night Terror"],"picked":"After Image","floor":16.0},{"not_picked":["Dagger Throw","Heel Hook+1"],"picked":"Cloak And Dagger","floor":18.0},{"not_picked":["Tactician","Dagger Spray","Flechettes+1"],"picked":"SKIP","floor":20.0},{"not_picked":["Endless Agony","Eviscerate+1","Bane"],"picked":"SKIP","floor":24.0},{"not_picked":["Prepared+1","Terror"],"picked":"Riddle With Holes","floor":27.0},{"not_picked":["Catalyst","Bouncing Flask"],"picked":"Heel Hook","floor":31.0},{"not_picked":["Envenom","Burst"],"picked":"After Image","floor":33.0},{"not_picked":["Underhanded Strike","Dagger Spray+1","Quick Slash"],"picked":"SKIP","floor":35.0},{"not_picked":["Bouncing Flask","Deadly Poison"],"picked":"Prepared+1","floor":38.0},{"not_picked":["Masterful Stab","Sucker Punch"],"picked":"Caltrops","floor":39.0},{"not_picked":["Quick Slash+1","Deflect","Calculated Gamble"],"picked":"SKIP","floor":41.0},{"not_picked":["Poisoned Stab","Quick Slash"],"picked":"Riddle With Holes","floor":44.0},{"not_picked":["Dash+1","Reflex+1"],"picked":"Cloak And Dagger+1","floor":46.0},{"not_picked":["Crippling Poison","Reflex+1"],"picked":"A Thousand Cuts","floor":47.0},{"not_picked":["Poisoned Stab","Choke"],"picked":"Dodge and Roll","floor":48.0}],"player_experience":238156,"relics_obtained":[{"floor":8.0,"key":"Pear"},{"floor":9.0,"key":"Meat on the Bone"},{"floor":10.0,"key":"Odd Mushroom"},{"floor":24.0,"key":"Bottled Tornado"},{"floor":26.0,"key":"Matryoshka"},{"floor":30.0,"key":"Necronomicon"},{"floor":31.0,"key":"Tingsha"},{"floor":41.0,"key":"Gremlin Horn"},{"floor":43.0,"key":"Pen Nib"},{"floor":43.0,"key":"Bottled Lightning"},{"floor":44.0,"key":"Anchor"}],"event_choices":[{"event_name":"Living Wall","player_choice":"Grow","floor":2.0,"damage_taken":0.0},{"event_name":"Liars Game","player_choice":"disagreed","floor":3.0,"damage_taken":0.0},{"event_name":"Mushrooms","player_choice":"Fought Mushrooms","floor":10.0,"damage_taken":0.0},{"event_name":"Forgotten Altar","player_choice":"Shed Blood","floor":19.0,"damage_taken":0.0},{"event_name":"Drug Dealer","player_choice":"Got JAXXED","floor":21.0,"damage_taken":0.0},{"event_name":"Match and Keep!","player_choice":"2 cards matched","floor":29.0,"damage_taken":0.0},{"event_name":"Cursed Tome","player_choice":"Obtained Book","floor":30.0,"damage_taken":0.0},{"event_name":"Falling","player_choice":"Removed Skill","floor":36.0,"damage_taken":0.0}],"is_beta":false,"boss_relics":[{"not_picked":["Black Star","Cursed Key"],"picked":"Snecko Eye"},{"not_picked":["Runic Dome","Philosopher\u0027s Stone"],"picked":"Ring of the Serpent"}],"items_purged_floors":[22],"is_endless":false,"potions_floor_spawned":[7,8,10,11,12,18,20,41,44,47],"killed_by":"Donu and Deca","ascension_level":6}