{"gold_per_floor":[112,187,200,200,217,275,275,286,309,335,335,348,380,399,399,473,473,485,495,495,495,495,495],"floor_reached":23,"playtime":747,"items_purged":[],"score":422,"play_id":"33f5b364-e004-4c9f-b91d-fb14e325e153","local_time":"20181201163153","is_ascension_mode":true,"campfire_choices":[{"data":"Neutralize","floor":7.0,"key":"SMITH"},{"floor":11.0,"key":"REST"},{"data":"Glass Knife","floor":15.0,"key":"SMITH"}],"neow_cost":"NONE","seed_source_timestamp":7691427991655,"circlet_count":0,"master_deck":["AscendersBane","Defend_G+1","Defend_G+1","Defend_G+1","Defend_G+1","Defend_G+1","Strike_G+1","Strike_G+1","Strike_G+1","Strike_G+1","Strike_G+1","Survivor","Neutralize+1","Riddle With Holes","Sucker Punch","Dagger Spray","Bouncing Flask","Glass Knife+1","Cloak And Dagger","Dodge and Roll","Envenom","Noxious Fumes+1","Necronomicurse"],"special_seed":0,"relics":["Ring of the Snake","NeowsBlessing","Tiny Chest","Centennial Puzzle","Pen Nib","Vajra","Busted Crown","Necronomicon"],"potions_floor_usage":[23,23],"damage_taken":[{"damage":0.0,"enemies":"Jaw Worm","floor":1.0,"turns":1.0},{"damage":0.0,"enemies":"2 Louse","floor":3.0,"turns":1.0},{"damage":0.0,"enemies":"Cultist","floor":5.0,"turns":1.0},{"damage":6.0,"enemies":"Gremlin Nob","floor":6.0,"turns":3.0},{"damage":3.0,"enemies":"Looter","floor":8.0,"turns":4.0},{"damage":25.0,"enemies":"Lagavulin","floor":10.0,"turns":5.0},{"damage":9.0,"enemies":"2 Fungi Beasts","floor":12.0,"turns":2.0},{"damage":6.0,"enemies":"Gremlin Nob","floor":13.0,"turns":3.0},{"damage":0.0,"enemies":"3 Louse","floor":14.0,"turns":2.0},{"damage":2.0,"enemies":"Slime Boss","floor":16.0,"turns":6.0},{"damage":0.0,"enemies":"Chosen","floor":18.0,"turns":3.0},{"damage":17.0,"enemies":"2 Thieves","floor":19.0,"turns":4.0},{"damage":6.0,"enemies":"Colosseum Slavers","floor":22.0,"turns":3.0},{"damage":22,"enemies":"Gremlin Leader","floor":23,"turns":4}],"seed_played":"5275260737595597614","potions_obtained":[{"floor":1.0,"key":"Energy Potion"},{"floor":3.0,"key":"SteroidPotion"},{"floor":4.0,"key":"LiquidBronze"},{"floor":6.0,"key":"Regen Potion"},{"floor":10.0,"key":"Explosive Potion"},{"floor":13.0,"key":"AttackPotion"},{"floor":16.0,"key":"EssenceOfSteel"}],"is_trial":false,"path_per_floor":["M","?","M","?","M","E","R","M","T","E","R","M","E","M","R","B",null,"M","M","?","?","?","E"],"character_chosen":"THE_SILENT","items_purchased":[],"campfire_rested":1,"item_purchase_floors":[],"current_hp_per_floor":[59,48,48,48,48,42,42,39,39,29,48,39,33,33,33,31,57,57,40,40,19,13,0],"gold":495,"neow_bonus":"THREE_ENEMY_KILL","is_prod":false,"is_daily":false,"chose_seed":false,"campfire_upgraded":2,"win_rate":0,"timestamp":1543699913,"path_taken":["M","?","M","?","?","E","R","M","T","E","R","M","E","M","R","BOSS","M","M","?","?","?","E"],"build_version":"2018-11-15","purchased_purges":0,"victory":false,"max_hp_per_floor":[66,66,66,66,66,66,66,66,66,66,66,66,66,66,66,66,66,66,66,66,66,66,66],"card_choices":[{"not_picked":["Poisoned Stab","Deadly Poison"],"picked":"Riddle With Holes","floor":1.0},{"not_picked":["Bouncing Flask","Blur"],"picked":"Sucker Punch","floor":3.0},{"not_picked":["Leg Sweep","Finisher"],"picked":"Dagger Spray","floor":5.0},{"not_picked":["PiercingWail","Catalyst","Acrobatics"],"picked":"SKIP","floor":6.0},{"not_picked":["Blade Dance","Night Terror"],"picked":"Bouncing Flask","floor":8.0},{"not_picked":["Outmaneuver","Bane","Slice"],"picked":"SKIP","floor":10.0},{"not_picked":["Outmaneuver","Slice"],"picked":"Glass Knife","floor":12.0},{"not_picked":["Bane","Leg Sweep"],"picked":"Cloak And Dagger","floor":13.0},{"not_picked":["Quick Slash","Deadly Poison"],"picked":"Dodge and Roll","floor":14.0},{"not_picked":["Grand Finale","Tools of the Trade"],"picked":"Envenom","floor":16.0},{"not_picked":["Acrobatics+1"],"picked":"SKIP","floor":18.0},{"not_picked":[],"picked":"Noxious Fumes+1","floor":19.0}],"player_experience":471044,"relics_obtained":[{"floor":6.0,"key":"Tiny Chest"},{"floor":9.0,"key":"Centennial Puzzle"},{"floor":10.0,"key":"Pen Nib"},{"floor":13.0,"key":"Vajra"},{"floor":21.0,"key":"Necronomicon"}],"event_choices":[{"damage_healed":0.0,"max_hp_gain":0.0,"max_hp_loss":0.0,"gold_gain":75.0,"event_name":"World of Goop","player_choice":"Gather Gold","floor":2.0,"gold_loss":0.0,"damage_taken":11.0},{"damage_healed":0.0,"max_hp_gain":0.0,"max_hp_loss":0.0,"gold_gain":0.0,"event_name":"Lab","player_choice":"Got Potions","floor":4.0,"gold_loss":0.0,"damage_taken":0.0},{"damage_healed":0.0,"max_hp_gain":0.0,"max_hp_loss":0.0,"gold_gain":0.0,"event_name":"Back to Basics","player_choice":"Simplicity","floor":20.0,"gold_loss":0.0,"damage_taken":0.0,"cards_upgraded":["Defend_G","Defend_G","Defend_G","Defend_G","Defend_G","Strike_G","Strike_G","Strike_G","Strike_G","Strike_G"]},{"damage_healed":0.0,"max_hp_gain":0.0,"max_hp_loss":0.0,"gold_gain":0.0,"event_name":"Cursed Tome","player_choice":"Obtained Book","floor":21.0,"gold_loss":0.0,"damage_taken":21.0},{"damage_healed":0.0,"max_hp_gain":0.0,"max_hp_loss":0.0,"gold_gain":0.0,"event_name":"Colosseum","player_choice":"Fight","floor":22.0,"gold_loss":0.0,"damage_taken":0.0},{"damage_healed":0.0,"max_hp_gain":0.0,"max_hp_loss":0.0,"gold_gain":0.0,"event_name":"Colosseum","player_choice":"Fled From Nobs","floor":22.0,"gold_loss":0.0,"damage_taken":0.0}],"is_beta":false,"boss_relics":[{"not_picked":["HoveringKite","Cursed Key"],"picked":"Busted Crown"}],"items_purged_floors":[],"is_endless":false,"potions_floor_spawned":[1,3,6,10,13,16],"killed_by":"Gremlin Leader","ascension_level":20}