{"gold_per_floor":[116,116,41,55,69,69,96,124,151,151,171,71,97,110,110,210,210,227,238,13,13,29,63,75,12,24,36,48,74,116,128],"floor_reached":31,"playtime":973,"items_purged":["Defend_R","Strike_R"],"score":311,"play_id":"5e1882bd-66d9-4e7e-87ac-b23ffcb5aa91","local_time":"20190115124503","is_ascension_mode":true,"campfire_choices":[{"data":"Inflame","floor":6,"key":"SMITH"},{"floor":15,"key":"REST"},{"floor":24,"key":"REST"},{"floor":27,"key":"REST"}],"neow_cost":"NONE","seed_source_timestamp":472594828971143,"circlet_count":0,"master_deck":["Strike_R","Strike_R","Strike_R","Defend_R+1","Defend_R","Bash+1","Inflame+1","Clash","True Grit+1","Impervious","Inflame"],"relics":["Burning Blood","Juzu Bracelet","Bag of Preparation","Pen Nib","War Paint","Runic Dome","PreservedInsect","MawBank","Ornamental Fan","Regal Pillow"],"potions_floor_usage":[16,16,30,31],"damage_taken":[{"damage":6,"enemies":"2 Louse","floor":1,"turns":4},{"damage":1,"enemies":"Cultist","floor":4,"turns":3},{"damage":0,"enemies":"Small Slimes","floor":5,"turns":3},{"damage":26,"enemies":"Lagavulin","floor":8,"turns":5},{"damage":2,"enemies":"3 Louse","floor":11,"turns":3},{"damage":35,"enemies":"3 Sentries","floor":13,"turns":7},{"damage":3,"enemies":"Looter","floor":14,"turns":3},{"damage":48,"enemies":"Slime Boss","floor":16,"turns":11},{"damage":12,"enemies":"Chosen","floor":18,"turns":4},{"damage":25,"enemies":"3 Byrds","floor":19,"turns":6},{"damage":17,"enemies":"Colosseum Slavers","floor":21,"turns":5},{"damage":24,"enemies":"Shelled Parasite and Fungi","floor":22,"turns":5},{"damage":9,"enemies":"Gremlin Leader","floor":23,"turns":4},{"damage":27,"enemies":"Centurion and Healer","floor":29,"turns":4},{"damage":37,"enemies":"Book of Stabbing","floor":30,"turns":5},{"damage":23,"enemies":"3 Cultists","floor":31,"turns":4}],"seed_played":"-2702577039309279872","potions_obtained":[{"floor":1,"key":"SpeedPotion"},{"floor":8,"key":"FearPotion"},{"floor":13,"key":"EssenceOfSteel"},{"floor":16,"key":"FearPotion"},{"floor":19,"key":"LiquidBronze"},{"floor":30,"key":"Strength Potion"}],"is_trial":false,"path_per_floor":["M","?","$","M","M","R","T","E","T","?","M","$","E","M","R","B",null,"M","M","$","?","M","E","R","?","T","R","?","M","E","M"],"character_chosen":"IRONCLAD","items_purchased":["PreservedInsect","Inflame"],"campfire_rested":3,"item_purchase_floors":[20,20],"current_hp_per_floor":[80,80,80,80,80,80,80,60,60,60,64,64,35,38,62,20,80,74,55,55,44,26,23,47,47,47,71,71,50,19,0],"gold":128,"neow_bonus":"REMOVE_CARD","is_prod":false,"is_daily":false,"chose_seed":false,"campfire_upgraded":1,"win_rate":0,"timestamp":1547585103,"path_taken":["M","?","?","?","M","R","?","E","T","?","M","$","E","M","R","BOSS","M","M","$","?","M","E","R","?","T","R","?","M","E","M"],"build_version":"2019-01-10","purchased_purges":2,"victory":false,"max_hp_per_floor":[80,80,80,80,80,80,80,80,80,80,80,80,80,80,80,80,80,80,80,80,80,80,80,80,80,80,80,80,80,80,80],"card_choices":[{"not_picked":["Flex","Metallicize"],"picked":"Inflame","floor":1},{"not_picked":["Bloodletting","Entrench","Flex"],"picked":"SKIP","floor":4},{"not_picked":["Clothesline","Wild Strike","Armaments"],"picked":"SKIP","floor":5},{"not_picked":["Clothesline","Pommel Strike"],"picked":"Clash","floor":8},{"not_picked":["Fiend Fire","Rupture"],"picked":"True Grit","floor":11},{"not_picked":["Anger","Pommel Strike","Heavy Blade"],"picked":"SKIP","floor":13},{"not_picked":["Heavy Blade","Feel No Pain","Headbutt"],"picked":"SKIP","floor":14},{"not_picked":["Brutality","Fiend Fire"],"picked":"Impervious","floor":16},{"not_picked":["Perfected Strike","Flex","Thunderclap"],"picked":"SKIP","floor":18},{"not_picked":["Flex","Headbutt","Heavy Blade+1"],"picked":"SKIP","floor":19},{"not_picked":["Second Wind","Combust+1","Havoc+1"],"picked":"SKIP","floor":22},{"not_picked":["Evolve","Pummel","True Grit"],"picked":"SKIP","floor":23},{"not_picked":["Body Slam","Wild Strike","Sword Boomerang"],"picked":"SKIP","floor":29},{"not_picked":["Clothesline","Body Slam","Wild Strike"],"picked":"SKIP","floor":30}],"player_experience":134086,"relics_obtained":[{"floor":7,"key":"Juzu Bracelet"},{"floor":8,"key":"Bag of Preparation"},{"floor":9,"key":"Pen Nib"},{"floor":13,"key":"War Paint"},{"floor":23,"key":"MawBank"},{"floor":26,"key":"Ornamental Fan"},{"floor":30,"key":"Regal Pillow"}],"event_choices":[{"damage_healed":0,"gold_gain":0,"player_choice":"Forge","damage_taken":0,"max_hp_gain":0,"max_hp_loss":0,"event_name":"Accursed Blacksmith","floor":2,"gold_loss":0,"cards_upgraded":["Bash"]},{"damage_healed":0,"gold_gain":0,"player_choice":"Ignored","damage_taken":0,"max_hp_gain":0,"max_hp_loss":0,"event_name":"Golden Idol","floor":10,"gold_loss":0},{"damage_healed":0,"gold_gain":0,"player_choice":"Fight","damage_taken":0,"max_hp_gain":0,"max_hp_loss":0,"event_name":"Colosseum","floor":21,"gold_loss":0},{"damage_healed":0,"gold_gain":0,"player_choice":"Fled From Nobs","damage_taken":0,"max_hp_gain":0,"max_hp_loss":0,"event_name":"Colosseum","floor":21,"gold_loss":0},{"cards_removed":["Defend_R"],"damage_healed":0,"gold_gain":0,"player_choice":"Gave Gold","damage_taken":0,"max_hp_gain":0,"max_hp_loss":0,"event_name":"Beggar","floor":25,"gold_loss":75},{"damage_healed":0,"gold_gain":0,"player_choice":"Got Potions","damage_taken":0,"max_hp_gain":0,"max_hp_loss":0,"event_name":"Lab","floor":28,"gold_loss":0}],"is_beta":false,"boss_relics":[{"not_picked":["Lizard Tail","Ectoplasm"],"picked":"Runic Dome"}],"items_purged_floors":[3,12],"is_endless":false,"potions_floor_spawned":[1,8,13,16,19,23,30],"killed_by":"3 Cultists","ascension_level":2}