{"gold_per_floor":[109,109,122,136,136,136,148,148,232,246,263,263],"floor_reached":12,"playtime":124,"items_purged":[],"score":72,"play_id":"8762cafb-f024-4490-a77e-d3f9225352e6","local_time":"20190709141814","is_ascension_mode":false,"campfire_choices":[{"data":"Bash","floor":6,"key":"SMITH"},{"data":"Strike_R","floor":8,"key":"SMITH"}],"neow_cost":"NONE","seed_source_timestamp":6314338397690541,"circlet_count":0,"master_deck":["Strike_R","Strike_R","Strike_R","Strike_R","Strike_R+1","Defend_R","Defend_R","Defend_R","Defend_R","Bash+1"],"relics":["Burning Blood","NeowsBlessing","FaceOfCleric","Tiny Chest"],"potions_floor_usage":[],"damage_taken":[{"damage":0,"enemies":"Cultist","floor":1,"turns":1},{"damage":0,"enemies":"Jaw Worm","floor":3,"turns":1},{"damage":0,"enemies":"Small Slimes","floor":4,"turns":1},{"damage":16,"enemies":"Red Slaver","floor":7,"turns":3},{"damage":10,"enemies":"Looter","floor":10,"turns":3},{"damage":6,"enemies":"2 Fungi Beasts","floor":11,"turns":3},{"damage":0,"enemies":"Large Slime","floor":12,"turns":1}],"seed_played":"8768475160479753945","potions_obtained":[{"floor":1,"key":"Poison Potion"},{"floor":5,"key":"Strength Potion"},{"floor":5,"key":"BloodPotion"}],"is_trial":false,"path_per_floor":["M","?","M","M","?","R","M","R","T","M","M","M"],"character_chosen":"IRONCLAD","items_purchased":[],"campfire_rested":0,"item_purchase_floors":[],"current_hp_per_floor":[80,80,81,82,82,82,73,73,73,70,71,71],"gold":263,"neow_bonus":"THREE_ENEMY_KILL","is_prod":false,"is_daily":false,"chose_seed":false,"campfire_upgraded":2,"win_rate":0,"timestamp":1562696294,"path_taken":["M","?","?","M","?","R","M","R","T","M","M","M"],"build_version":"2019-07-05","purchased_purges":0,"victory":false,"max_hp_per_floor":[80,80,81,82,82,82,83,83,83,84,85,85],"card_choices":[{"not_picked":["Intimidate","Rage","Pommel Strike"],"picked":"SKIP","floor":1},{"not_picked":["Anger","True Grit","Blood for Blood"],"picked":"SKIP","floor":3},{"not_picked":["Armaments","Wild Strike","Flex"],"picked":"SKIP","floor":4},{"not_picked":["Whirlwind","Pummel","Rampage"],"picked":"SKIP","floor":7},{"not_picked":["Cleave","Infernal Blade","Flex"],"picked":"SKIP","floor":10},{"not_picked":["Disarm","Cleave","Sword Boomerang"],"picked":"SKIP","floor":11}],"player_experience":930646,"relics_obtained":[{"floor":9,"key":"Tiny Chest"}],"event_choices":[{"damage_healed":0,"gold_gain":0,"player_choice":"Trade","damage_taken":0,"relics_obtained":["FaceOfCleric"],"max_hp_gain":0,"max_hp_loss":0,"event_name":"FaceTrader","floor":2,"gold_loss":0},{"damage_healed":0,"gold_gain":0,"player_choice":"Got Potions","damage_taken":0,"max_hp_gain":0,"max_hp_loss":0,"event_name":"Lab","floor":5,"gold_loss":0}],"is_beta":false,"boss_relics":[],"items_purged_floors":[],"is_endless":false,"potions_floor_spawned":[1,7],"killed_by":"Large Slime","ascension_level":0}