{"gold_per_floor":[115,131,18,38,55,55,85,160,183,183,193,64,64,92,92,170,170,188,26,26,40,60,60,60,76,101,101,121,21,56,75,75,75],"floor_reached":33,"playtime":1247,"items_purged":["Strike_R","Strike_R"],"score":604,"play_id":"1bf38844-1a9e-4326-84e7-2c5c75e64c2c","local_time":"20190213155434","is_ascension_mode":true,"campfire_choices":[{"data":"Bash","floor":6.0,"key":"SMITH"},{"floor":13.0,"key":"REST"},{"data":"Pommel Strike","floor":15.0,"key":"SMITH"},{"floor":23.0,"key":"REST"},{"floor":27.0,"key":"REST"},{"floor":32,"key":"REST"}],"neow_cost":"NONE","seed_source_timestamp":0,"circlet_count":0,"master_deck":["AscendersBane","Strike_R","Strike_R+1","Defend_R","Defend_R","Defend_R","Defend_R","Bash+1","Headbutt","Flame Barrier","Iron Wave+1","Sword Boomerang","Shrug It Off","Pommel Strike+1","Shrug It Off","Twin Strike","Exhume","Clothesline","RitualDagger","Uppercut","Ghostly Armor","True Grit+1"],"special_seed":0,"relics":["Burning Blood","Omamori","Whetstone","Vajra","Calipers","Fusion Hammer","Lantern","Blood Vial","Happy Flower"],"potions_floor_usage":[33],"damage_taken":[{"damage":9.0,"enemies":"2 Louse","floor":1.0,"turns":3.0},{"damage":2.0,"enemies":"Cultist","floor":2.0,"turns":4.0},{"damage":0.0,"enemies":"Jaw Worm","floor":4.0,"turns":4.0},{"damage":11.0,"enemies":"Blue Slaver","floor":5.0,"turns":5.0},{"damage":28.0,"enemies":"3 Sentries","floor":7.0,"turns":10.0},{"damage":8.0,"enemies":"Red Slaver","floor":11.0,"turns":5.0},{"damage":0.0,"enemies":"Gremlin Nob","floor":14.0,"turns":3.0},{"damage":18.0,"enemies":"Slime Boss","floor":16.0,"turns":7.0},{"damage":20.0,"enemies":"2 Thieves","floor":18.0,"turns":4.0},{"damage":15.0,"enemies":"3 Byrds","floor":21.0,"turns":5.0},{"damage":9.0,"enemies":"Snecko","floor":22.0,"turns":6.0},{"damage":27.0,"enemies":"Shelled Parasite and Fungi","floor":25.0,"turns":7.0},{"damage":10,"enemies":"Centurion and Healer","floor":28,"turns":5},{"damage":63,"enemies":"Gremlin Leader","floor":30,"turns":8},{"damage":0,"enemies":"Snake Plant","floor":31,"turns":3},{"damage":64,"enemies":"Automaton","floor":33,"turns":6}],"seed_played":"1061607459032528369","potions_obtained":[{"floor":4.0,"key":"Explosive Potion"},{"floor":5.0,"key":"FearPotion"},{"floor":7.0,"key":"Weak Potion"},{"floor":14.0,"key":"AttackPotion"},{"floor":16.0,"key":"Fire Potion"},{"floor":21.0,"key":"Ancient Potion"}],"is_trial":false,"path_per_floor":["M","M","?","M","M","R","E","?","T","?","M","$","R","E","R","B",null,"M","$","?","M","M","R","?","M","T","R","M","$","E","M","R","B"],"character_chosen":"IRONCLAD","items_purchased":["Shrug It Off","Lantern"],"campfire_rested":4,"item_purchase_floors":[12,19],"current_hp_per_floor":[72,76,76,82,77,77,55,44,44,44,42,42,66,72,72,60,77,63,63,57,48,45,69,74,53,53,77,75,75,20,28,52,0],"gold":75,"neow_bonus":"TEN_PERCENT_HP_BONUS","is_prod":false,"is_daily":false,"chose_seed":false,"campfire_upgraded":2,"win_rate":0,"timestamp":1550073274,"path_taken":["M","M","?","M","?","R","E","?","T","?","M","$","R","E","R","BOSS","M","$","?","M","M","R","?","?","T","R","M","?","E","M","R","BOSS"],"build_version":"2019-01-23","purchased_purges":2,"victory":false,"max_hp_per_floor":[82,82,82,82,82,82,82,82,82,82,82,82,82,82,82,82,82,82,82,82,82,82,82,82,82,82,82,82,82,82,82,82,82],"card_choices":[{"not_picked":["Armaments","Combust"],"picked":"Headbutt","floor":1.0},{"not_picked":["Body Slam","Shockwave"],"picked":"Flame Barrier","floor":2.0},{"not_picked":["Second Wind","Flex"],"picked":"Iron Wave","floor":4.0},{"not_picked":["Body Slam","Clash"],"picked":"Sword Boomerang","floor":5.0},{"not_picked":["Carnage","Perfected Strike"],"picked":"Shrug It Off","floor":7.0},{"not_picked":["Spot Weakness","Battle Trance"],"picked":"Pommel Strike","floor":11.0},{"not_picked":["Pommel Strike","Heavy Blade"],"picked":"Twin Strike","floor":14.0},{"not_picked":["Berserk","Brutality"],"picked":"Exhume","floor":16.0},{"not_picked":["Second Wind","Body Slam"],"picked":"Clothesline","floor":18.0},{"not_picked":["Heavy Blade","Clothesline"],"picked":"Uppercut","floor":21.0},{"not_picked":["Combust","Body Slam","Dual Wield"],"picked":"SKIP","floor":22.0},{"not_picked":["Cleave","Perfected Strike","Power Through"],"picked":"SKIP","floor":25.0},{"not_picked":["Reckless Charge+1","Sword Boomerang"],"picked":"Ghostly Armor","floor":28},{"not_picked":["Dark Embrace","Wild Strike"],"picked":"True Grit+1","floor":30},{"not_picked":["Heavy Blade","Carnage","Flex"],"picked":"SKIP","floor":31}],"player_experience":1207074,"relics_obtained":[{"floor":7.0,"key":"Whetstone"},{"floor":9.0,"key":"Vajra"},{"floor":14.0,"key":"Calipers"},{"floor":26.0,"key":"Blood Vial"},{"floor":30,"key":"Happy Flower"}],"event_choices":[{"damage_healed":0.0,"max_hp_gain":0.0,"max_hp_loss":0.0,"gold_gain":0.0,"event_name":"WeMeetAgain","player_choice":"Paid Gold","floor":3.0,"gold_loss":113.0,"damage_taken":0.0,"relics_obtained":["Omamori"]},{"damage_healed":0.0,"max_hp_gain":0.0,"max_hp_loss":0.0,"gold_gain":75.0,"event_name":"World of Goop","player_choice":"Gather Gold","floor":8.0,"gold_loss":0.0,"damage_taken":11.0},{"damage_healed":0.0,"max_hp_gain":0.0,"max_hp_loss":0.0,"gold_gain":0.0,"cards_transformed":["Strike_R"],"event_name":"Transmorgrifier","player_choice":"Transformed","floor":10.0,"gold_loss":0.0,"damage_taken":0.0,"cards_obtained":["Warcry"]},{"damage_healed":0.0,"max_hp_gain":0.0,"max_hp_loss":0.0,"gold_gain":0.0,"event_name":"Nest","player_choice":"Joined the Cult","floor":20.0,"gold_loss":0.0,"damage_taken":6.0,"cards_obtained":["RitualDagger"]},{"cards_removed":["Warcry"],"damage_healed":5.0,"max_hp_gain":0.0,"max_hp_loss":0.0,"gold_gain":0.0,"event_name":"Bonfire Elementals","player_choice":"Offered Common","floor":24.0,"gold_loss":0.0,"damage_taken":0.0},{"cards_removed":["Warcry"],"damage_healed":5.0,"max_hp_gain":0.0,"max_hp_loss":0.0,"gold_gain":0.0,"event_name":"Bonfire Elementals","player_choice":"Offered Special","floor":24.0,"gold_loss":0.0,"damage_taken":0.0}],"is_beta":false,"boss_relics":[{"not_picked":["Runic Cube","Busted Crown"],"picked":"Fusion Hammer"}],"items_purged_floors":[12,29],"is_endless":false,"potions_floor_spawned":[4,5,7,11,14,16,21,22],"killed_by":"Automaton","ascension_level":20}