{"gold_per_floor":[112,112,127,151,151,182,239,46,99,116,116,116,127,139,139,234,234,251,251,268,287,25,58,58,58,58,58,58,76,94,94,94,190,190,204,252,252,272,283,283,312,312,312,312,325,325,335,350,350,350],"floor_reached":51,"playtime":2145,"items_purged":[],"score":998,"play_id":"f2fbe4d7-8065-4931-9401-ae5bbfbf343f","local_time":"20180720214408","is_ascension_mode":true,"campfire_choices":[{"data":"Zap","floor":11.0,"key":"SMITH"},{"data":"Loop","floor":15.0,"key":"SMITH"},{"floor":25.0,"key":"REST"},{"data":"Self Repair","floor":27.0,"key":"SMITH"},{"data":"Defragment","floor":32.0,"key":"SMITH"},{"floor":40.0,"key":"REST"},{"floor":42,"key":"REST"},{"data":"Go for the Eyes","floor":44,"key":"SMITH"},{"data":"Buffer","floor":46,"key":"SMITH"},{"data":"Loop","floor":49,"key":"SMITH"}],"neow_cost":"","seed_source_timestamp":0,"circlet_count":0,"master_deck":["Defend_B","Defend_B","Defend_B","Defend_B","Zap+1","Dualcast","Loop+1","Beam Cell+1","Self Repair+1","Hologram","Reinforced Body+1","Ball Lightning+1","Ball Lightning","Electrodynamics","Core Surge+1","Reinforced Body+1","Stack+1","Leap+1","Genetic Algorithm","Coolheaded+1","Ball Lightning","Defragment+1","Go for the Eyes","Stack","Buffer+1","Ball Lightning","Loop+1","Madness","Madness","Cold Snap+1","Go for the Eyes+1","Go for the Eyes","Go for the Eyes","Seek"],"special_seed":0,"relics":["Cracked Core","Boot","Potion Belt","Mercury Hourglass","Lee\u0027s Waffle","Bronze Scales","Astrolabe","Shuriken","War Paint","Whetstone","Sozu","Bird Faced Urn","Kunai","Bottled Tornado"],"potions_floor_usage":[41,41],"damage_taken":[{"damage":1.0,"enemies":"2 Louse","floor":1.0,"turns":3.0},{"damage":0.0,"enemies":"Small Slimes","floor":3.0,"turns":3.0},{"damage":39.0,"enemies":"3 Sentries","floor":6.0,"turns":8.0},{"damage":0.0,"enemies":"3 Sentries","floor":7.0,"turns":6.0},{"damage":0.0,"enemies":"Cultist","floor":10.0,"turns":3.0},{"damage":0.0,"enemies":"Exordium Thugs","floor":13.0,"turns":3.0},{"damage":0.0,"enemies":"Blue Slaver","floor":14.0,"turns":3.0},{"damage":4.0,"enemies":"Slime Boss","floor":16.0,"turns":7.0},{"damage":4.0,"enemies":"3 Byrds","floor":18.0,"turns":2.0},{"damage":0.0,"enemies":"Chosen","floor":20.0,"turns":5.0},{"damage":1.0,"enemies":"Sentry and Sphere","floor":21.0,"turns":5.0},{"damage":23.0,"enemies":"Slavers","floor":23.0,"turns":4.0},{"damage":34.0,"enemies":"Snake Plant","floor":29.0,"turns":3.0},{"damage":1.0,"enemies":"Centurion and Healer","floor":30.0,"turns":6.0},{"damage":63.0,"enemies":"Automaton","floor":33.0,"turns":10.0},{"damage":0.0,"enemies":"Flame Bruiser 1 Orb","floor":35.0,"turns":4.0},{"damage":26.0,"floor":36.0,"turns":5.0},{"damage":0.0,"enemies":"Orb Walker","floor":38.0,"turns":3.0},{"damage":31.0,"enemies":"Spire Growth","floor":39.0,"turns":5.0},{"damage":48,"enemies":"2 Orb Walkers","floor":41,"turns":6},{"damage":5,"enemies":"3 Darklings","floor":45,"turns":3},{"damage":21,"enemies":"Transient","floor":47,"turns":5},{"damage":0,"enemies":"Spire Growth","floor":48,"turns":5},{"damage":71,"enemies":"Donu and Deca","floor":50,"turns":8}],"seed_played":"-251815712030246913","potions_obtained":[{"floor":1.0,"key":"Poison Potion"},{"floor":3.0,"key":"EssenceOfSteel"},{"floor":7.0,"key":"Poison Potion"},{"floor":10.0,"key":"Dexterity Potion"},{"floor":16.0,"key":"SkillPotion"},{"floor":20.0,"key":"Fire Potion"},{"floor":24.0,"key":"Fruit Juice"},{"floor":29.0,"key":"Fruit Juice"},{"floor":30.0,"key":"Regen Potion"}],"is_trial":false,"path_per_floor":["M","?","M","T","$","E","?","$","T","M","R","$","M","M","R","B",null,"M","?","M","M","$","E","?","R","T","R","$","M","M","?","R","B",null,"M","?","?","M","M","R","E","R","T","R","M","R","M","M","R","B"],"character_chosen":"DEFECT","items_purchased":["Lee\u0027s Waffle","Shuriken"],"campfire_rested":3,"item_purchase_floors":[8,22],"current_hp_per_floor":[67,67,67,67,67,28,35,82,82,82,82,82,82,82,82,82,82,78,62,69,75,75,52,52,78,78,78,78,59,73,73,73,35,82,92,76,64,66,53,82,54,83,83,83,80,80,75,93,93,44],"gold":350,"neow_bonus":"","is_prod":false,"is_daily":false,"chose_seed":false,"campfire_upgraded":7,"win_rate":0,"timestamp":1532137448,"path_taken":["M","?","?","?","$","E","?","$","T","M","R","$","M","M","R","BOSS","M","?","M","M","$","E","?","R","T","R","$","M","M","?","R","BOSS","M","?","?","M","?","R","E","R","T","R","M","R","M","M","R","BOSS"],"build_version":"2018-07-19v2","purchased_purges":0,"victory":true,"max_hp_per_floor":[75,75,75,75,75,75,75,82,82,82,82,82,82,82,82,82,82,82,87,87,87,87,87,87,87,87,87,87,92,97,97,97,97,97,97,97,97,97,97,97,97,97,97,97,97,97,97,97,97,97],"card_choices":[{"not_picked":["Blizzard","Go for the Eyes"],"picked":"Loop","floor":1.0},{"not_picked":["Redo","Scrape"],"picked":"Beam Cell","floor":3.0},{"not_picked":["Coolheaded","Reboot"],"picked":"Self Repair","floor":6.0},{"not_picked":["Barrage","Skim"],"picked":"Hologram","floor":7.0},{"not_picked":["Blizzard","Tempest"],"picked":"Reinforced Body","floor":10.0},{"not_picked":["Static Discharge","Recycle"],"picked":"Ball Lightning","floor":13.0},{"not_picked":["Tempest","Doom and Gloom"],"picked":"Ball Lightning","floor":14.0},{"not_picked":["Fission","Buffer"],"picked":"Electrodynamics","floor":16.0},{"not_picked":["Sweeping Beam","Consume"],"picked":"Leap+1","floor":18.0},{"not_picked":["Compile Driver+1","Consume"],"picked":"Genetic Algorithm","floor":20.0},{"not_picked":["Beam Cell","Gash"],"picked":"Coolheaded","floor":21.0},{"not_picked":["Redo","Rebound+1"],"picked":"Ball Lightning","floor":23.0},{"not_picked":["Creative AI","Darkness"],"picked":"Defragment","floor":29.0},{"not_picked":["Ball Lightning+1","Gash"],"picked":"Go for the Eyes","floor":30.0},{"not_picked":["Core Surge","All For One"],"picked":"Buffer","floor":33.0},{"not_picked":["Skim","Barrage+1"],"picked":"Ball Lightning","floor":35.0},{"not_picked":["Darkness","Compile Driver+1"],"picked":"Loop","floor":36.0},{"not_picked":["Hologram","Scrape+1"],"picked":"Cold Snap+1","floor":38.0},{"not_picked":["Compile Driver+1","Steam+1"],"picked":"Go for the Eyes","floor":39.0},{"not_picked":["Steam+1","Double Energy+1"],"picked":"Go for the Eyes","floor":41},{"not_picked":["Barrage+1","Fusion"],"picked":"Go for the Eyes","floor":45},{"not_picked":["Rebound","Beam Cell"],"picked":"Seek","floor":47},{"not_picked":["Hologram","Tempest+1","Streamline"],"picked":"SKIP","floor":48}],"player_experience":139598,"relics_obtained":[{"floor":4.0,"key":"Boot"},{"floor":6.0,"key":"Potion Belt"},{"floor":9.0,"key":"Bronze Scales"},{"floor":23.0,"key":"War Paint"},{"floor":26.0,"key":"Whetstone"},{"floor":36.0,"key":"Bird Faced Urn"},{"floor":41,"key":"Kunai"},{"floor":43,"key":"Bottled Tornado"}],"event_choices":[{"event_name":"Liars Game","player_choice":"disagreed","floor":2.0,"damage_taken":0.0},{"event_name":"Dead Adventurer","player_choice":"Searched \u00272\u0027 times","floor":7.0,"damage_taken":0.0},{"event_name":"Forgotten Altar","player_choice":"Shed Blood","floor":19.0,"damage_taken":0.0},{"event_name":"The Lab","player_choice":"Got Potions","floor":24.0,"damage_taken":0.0},{"event_name":"Transmorgrifier","player_choice":"Transform","floor":31.0,"damage_taken":0.0},{"event_name":"Mysterious Sphere","player_choice":"Fight","floor":36.0,"damage_taken":0.0},{"event_name":"Winding Halls","player_choice":"Embrace Madness","floor":37.0,"damage_taken":0.0}],"is_beta":false,"boss_relics":[{"not_picked":["Empty Cage","Tiny House"],"picked":"Astrolabe"},{"not_picked":["White Beast Statue","Philosopher\u0027s Stone"],"picked":"Sozu"}],"items_purged_floors":[],"is_endless":false,"potions_floor_spawned":[1,3,7,10,16,20,29,30,38,45,48],"ascension_level":7}