{"gold_per_floor":[117,134,145,95,95,95,120,120,147,212,227,247,247,43,43,139,139,152,167,54,68,68,68,81,81,81,12,45,5,5,34,34,133,133,152,152,152,152,169,198,198,153,204,60,78,78,78,95,95,95],"floor_reached":51,"playtime":1860,"items_purged":[],"score":1008,"play_id":"826e7562-8c71-4f8d-a885-fb7a023945e8","local_time":"20180721164939","is_ascension_mode":true,"campfire_choices":[{"data":"Zap","floor":6.0,"key":"SMITH"},{"floor":8.0,"key":"REST"},{"floor":13.0,"key":"REST"},{"data":"Dualcast","floor":15.0,"key":"SMITH"},{"floor":23.0,"key":"REST"},{"data":"Biased Cognition","floor":25.0,"key":"SMITH"},{"floor":30.0,"key":"REST"},{"floor":32.0,"key":"REST"},{"floor":46.0,"key":"REST"},{"floor":49.0,"key":"REST"}],"neow_cost":"NONE","seed_source_timestamp":0,"circlet_count":0,"master_deck":["Zap+1","Dualcast+1","Melter","Auto Shields","Ball Lightning","Electrodynamics","Gash","Ball Lightning","Biased Cognition+1","Streamline","Tempest","Redo","Barrage","Streamline","Hologram+1","Coolheaded","Loop","Chill","Gash","Conserve Battery","Defragment","Go for the Eyes+1","Defragment","Creative AI","Stack","Apotheosis","Darkness","Cold Snap+1","Writhe","Coolheaded","Go for the Eyes","Glacier+1","Ball Lightning+1"],"special_seed":0,"relics":["Cracked Core","Cables","Bronze Scales","Centennial Puzzle","DataDisk","ClockworkSouvenir","Pandora\u0027s Box","Shuriken","Boot","Unceasing Top","Sozu","Letter Opener","Dream Catcher","Blood Vial","Oddly Smooth Stone"],"potions_floor_usage":[],"damage_taken":[{"damage":1.0,"enemies":"2 Louse","floor":1.0,"turns":2.0},{"damage":0.0,"enemies":"Small Slimes","floor":2.0,"turns":4.0},{"damage":0.0,"enemies":"Cultist","floor":3.0,"turns":4.0},{"damage":30.0,"enemies":"3 Sentries","floor":7.0,"turns":6.0},{"damage":4.0,"enemies":"3 Sentries","floor":10.0,"turns":3.0},{"damage":0.0,"enemies":"Exordium Thugs","floor":11.0,"turns":1.0},{"damage":0.0,"enemies":"2 Fungi Beasts","floor":12.0,"turns":2.0},{"damage":9.0,"enemies":"The Guardian","floor":16.0,"turns":8.0},{"damage":1.0,"enemies":"Chosen","floor":18.0,"turns":2.0},{"damage":12.0,"enemies":"Shell Parasite","floor":19.0,"turns":2.0},{"damage":6.0,"enemies":"Cultist and Chosen","floor":21.0,"turns":3.0},{"damage":6.0,"enemies":"Chosen and Byrds","floor":24.0,"turns":3.0},{"damage":35.0,"enemies":"Gremlin Leader","floor":28.0,"turns":4.0},{"damage":25.0,"enemies":"Slavers","floor":31.0,"turns":3.0},{"damage":43.0,"enemies":"Champ","floor":33.0,"turns":8.0},{"damage":9.0,"enemies":"Orb Walker","floor":35.0,"turns":2.0},{"damage":15.0,"enemies":"3 Darklings","floor":39.0,"turns":2.0},{"damage":30.0,"enemies":"Giant Head","floor":40.0,"turns":6.0},{"damage":0.0,"enemies":"Spire Growth","floor":45.0,"turns":6.0},{"damage":0.0,"enemies":"Transient","floor":48.0,"turns":5.0},{"damage":34,"enemies":"Time Eater","floor":50,"turns":9}],"seed_played":"1196783330817817793","potions_obtained":[{"floor":3.0,"key":"Fire Potion"},{"floor":7.0,"key":"Swift Potion"},{"floor":10.0,"key":"Strength Potion"},{"floor":11.0,"key":"Strength Potion"}],"is_trial":false,"path_per_floor":["M","M","M","?","T","R","E","R","T","?","M","M","R","$","R","B",null,"M","M","$","M","?","R","M","R","T","$","E","$","R","E","R","B",null,"M","?","?","T","M","E","?","$","T","$","M","R","?","M","R","B"],"character_chosen":"DEFECT","items_purchased":["ClockworkSouvenir","Loop","Chill","Defragment","Defragment","Coolheaded","Oddly Smooth Stone"],"campfire_rested":7,"item_purchase_floors":[14,20,20,27,29,42,44],"current_hp_per_floor":[67,67,67,67,67,67,37,59,59,55,55,55,75,75,75,66,73,72,60,60,54,54,75,69,69,69,69,34,34,56,31,53,10,59,50,50,50,50,35,5,24,24,24,24,26,48,48,50,72,40],"gold":95,"neow_bonus":"TRANSFORM_CARD","is_prod":false,"is_daily":false,"chose_seed":true,"campfire_upgraded":3,"win_rate":0,"timestamp":1532206179,"path_taken":["M","M","M","?","?","R","E","R","T","?","?","M","R","$","R","BOSS","M","M","$","M","?","R","M","R","T","$","E","$","R","E","R","BOSS","M","?","?","?","?","E","?","$","T","$","M","R","?","M","R","BOSS"],"build_version":"2018-07-19v2","purchased_purges":0,"victory":true,"max_hp_per_floor":[75,75,75,75,75,75,75,75,75,75,75,75,75,75,75,75,75,75,75,75,75,75,75,75,75,75,75,75,75,75,75,75,75,75,75,75,75,75,75,75,75,75,75,75,75,75,75,75,75,75],"card_choices":[{"not_picked":["Steam","Stack"],"picked":"Auto Shields","floor":1.0},{"not_picked":["Chaos","Stack","Chill"],"picked":"SKIP","floor":2.0},{"not_picked":["Redo","Lockon"],"picked":"Ball Lightning","floor":3.0},{"not_picked":["Coolheaded","Loop"],"picked":"Electrodynamics","floor":7.0},{"not_picked":["Steam","Recycle"],"picked":"Gash","floor":10.0},{"not_picked":["Steam Power","Streamline","Compile Driver"],"picked":"SKIP","floor":11.0},{"not_picked":["FTL","Undo"],"picked":"Ball Lightning","floor":12.0},{"not_picked":["Hyperbeam","Meteor Strike"],"picked":"Biased Cognition","floor":16.0},{"not_picked":["Auto Shields","Undo"],"picked":"Hologram+1","floor":18.0},{"not_picked":["Gash","Auto Shields"],"picked":"Coolheaded","floor":19.0},{"not_picked":["Redo","Rip and Tear+1"],"picked":"Gash","floor":21.0},{"not_picked":["Gash","Stack"],"picked":"Conserve Battery","floor":24.0},{"not_picked":["Barrage+1","Sweeping Beam"],"picked":"Go for the Eyes+1","floor":28.0},{"not_picked":["Core Surge","Reprogram","Thunder Strike"],"picked":"SKIP","floor":31.0},{"not_picked":["Machine Learning","Meteor Strike"],"picked":"Creative AI","floor":33.0},{"not_picked":["Self Repair","Sweeping Beam+1"],"picked":"Stack","floor":35.0},{"not_picked":["Finesse","Blind"],"picked":"Apotheosis","floor":37.0},{"not_picked":["Reprogram","Ball Lightning"],"picked":"Darkness","floor":39.0},{"not_picked":["Rebound+1","Hologram"],"picked":"Cold Snap+1","floor":40.0},{"not_picked":["Rip and Tear","Skim"],"picked":"Go for the Eyes","floor":45.0},{"not_picked":["Coolheaded","Aggregate"],"picked":"Glacier+1","floor":46.0},{"not_picked":["Consume+1","Redo"],"picked":"Ball Lightning+1","floor":48.0}],"player_experience":149122,"relics_obtained":[{"floor":5.0,"key":"Cables"},{"floor":7.0,"key":"Bronze Scales"},{"floor":9.0,"key":"Centennial Puzzle"},{"floor":10.0,"key":"DataDisk"},{"floor":26.0,"key":"Shuriken"},{"floor":28.0,"key":"Boot"},{"floor":31.0,"key":"Unceasing Top"},{"floor":38.0,"key":"Letter Opener"},{"floor":40.0,"key":"Dream Catcher"},{"floor":43.0,"key":"Blood Vial"}],"event_choices":[{"event_name":"The Cleric","player_choice":"Card Removal","floor":4.0,"damage_taken":0.0},{"event_name":"Dead Adventurer","player_choice":"Searched \u00272\u0027 times","floor":10.0,"damage_taken":0.0},{"event_name":"Beggar","player_choice":"Ignored","floor":22.0,"damage_taken":0.0},{"event_name":"Falling","player_choice":"Removed Attack","floor":36.0,"damage_taken":0.0},{"event_name":"SensoryStone","player_choice":"Memory 1","floor":37.0,"damage_taken":0.0},{"event_name":"Winding Halls","player_choice":"Writhe","floor":41.0,"damage_taken":0.0},{"event_name":"Mysterious Sphere","player_choice":"Ignore","floor":47.0,"damage_taken":0.0}],"is_beta":false,"boss_relics":[{"not_picked":["Busted Crown","Eternal Feather"],"picked":"Pandora\u0027s Box"},{"not_picked":["Runic Dome","Lizard Tail"],"picked":"Sozu"}],"items_purged_floors":[],"is_endless":false,"potions_floor_spawned":[3,7,10,11,16,19,24,28,31,40,45,48],"ascension_level":9}