{"gold_per_floor":[110,110,33,43,43,71,71,100,100,114,114,29,41,41,41,41],"floor_reached":16,"playtime":244,"items_purged":[],"score":266,"play_id":"305bac37-f363-4f07-9090-517f337eb3e9","local_time":"20190526002031","is_ascension_mode":true,"campfire_choices":[{"data":"Defragment","floor":7,"key":"SMITH"},{"floor":11,"key":"REST"},{"data":"Streamline","floor":15,"key":"SMITH"}],"neow_cost":"NONE","seed_source_timestamp":2463118478079859,"circlet_count":0,"master_deck":["AscendersBane","Strike_B","Strike_B","Strike_B","Defend_B","Defend_B","Defend_B","Defend_B","Zap","Dualcast","Defragment+1","FTL","Streamline+1","Steam","BootSequence","FTL","Conserve Battery"],"relics":["Cracked Core","NeowsBlessing","Ancient Tea Set","Frozen Egg 2","Shuriken"],"potions_floor_usage":[8],"damage_taken":[{"damage":0,"enemies":"Cultist","floor":1,"turns":1},{"damage":0,"enemies":"Jaw Worm","floor":4,"turns":1},{"damage":0,"enemies":"3 Sentries","floor":6,"turns":1},{"damage":32,"enemies":"Gremlin Nob","floor":8,"turns":4},{"damage":0,"enemies":"Small Slimes","floor":10,"turns":3},{"damage":0,"enemies":"Red Slaver","floor":13,"turns":2},{"damage":46,"enemies":"Hexaghost","floor":16,"turns":9}],"seed_played":"-6572288611224729350","potions_obtained":[{"floor":1,"key":"AttackPotion"},{"floor":13,"key":"Explosive Potion"}],"is_trial":false,"path_per_floor":["M","?","$","M","?","E","R","E","T","M","R","$","M","$","R","B"],"character_chosen":"DEFECT","items_purchased":["Defragment","FTL"],"campfire_rested":1,"item_purchase_floors":[3,12],"current_hp_per_floor":[64,64,64,64,57,57,57,25,25,25,46,46,46,46,46,0],"gold":41,"neow_bonus":"THREE_ENEMY_KILL","is_prod":false,"is_daily":false,"chose_seed":false,"campfire_upgraded":2,"win_rate":0,"timestamp":1558844431,"path_taken":["M","?","$","M","?","E","R","E","T","M","R","$","M","?","R","BOSS"],"build_version":"2019-01-23","purchased_purges":0,"victory":false,"max_hp_per_floor":[71,71,71,71,71,71,71,71,71,71,71,71,71,71,71,71],"card_choices":[{"not_picked":["Skim","Hello World","Gash"],"picked":"SKIP","floor":1},{"not_picked":["Doom and Gloom","Hologram"],"picked":"FTL","floor":4},{"not_picked":["Capacitor","BootSequence"],"picked":"Streamline","floor":6},{"not_picked":["Heatsinks","Sweeping Beam"],"picked":"Steam","floor":8},{"not_picked":["Compile Driver","Double Energy"],"picked":"BootSequence","floor":10},{"not_picked":["Turbo","Leap"],"picked":"Conserve Battery","floor":13}],"player_experience":714782,"relics_obtained":[{"floor":6,"key":"Ancient Tea Set"},{"floor":8,"key":"Frozen Egg 2"},{"floor":9,"key":"Shuriken"}],"event_choices":[{"damage_healed":0,"gold_gain":0,"player_choice":"Ignored","damage_taken":0,"max_hp_gain":0,"max_hp_loss":0,"event_name":"Liars Game","floor":2,"gold_loss":0},{"cards_removed":["Strike_B"],"damage_healed":0,"gold_gain":0,"player_choice":"Card Removal","damage_taken":7,"max_hp_gain":0,"max_hp_loss":0,"event_name":"Golden Wing","floor":5,"gold_loss":0}],"is_beta":false,"boss_relics":[],"items_purged_floors":[],"is_endless":false,"potions_floor_spawned":[1,13],"killed_by":"Hexaghost","ascension_level":20}