{"gold_per_floor":[114,114,114,128,148,148,177,192,192,211,211,211,42,52,52,52],"floor_reached":16,"playtime":433,"items_purged":[],"score":204,"play_id":"57b675e0-6d65-4886-a5ef-593c7aae2b9c","local_time":"20190626211703","is_ascension_mode":true,"campfire_choices":[{"data":"Bash","floor":6.0,"key":"SMITH"},{"data":"Uppercut","floor":15,"key":"SMITH"}],"neow_cost":"PERCENT_DAMAGE","seed_source_timestamp":5215994153015737,"circlet_count":0,"master_deck":["AscendersBane","Strike_R","Strike_R","Strike_R","Strike_R","Strike_R","Defend_R","Defend_R","Defend_R","Defend_R","Bash+1","Spot Weakness","Impervious","Headbutt","Twin Strike","Spot Weakness","Uppercut+1","Feed","Juggernaut"],"special_seed":0,"relics":["Burning Blood","Ice Cream","Dodecahedron","Ginger","Ornamental Fan"],"potions_floor_usage":[14,16],"damage_taken":[{"damage":9.0,"enemies":"Jaw Worm","floor":1.0,"turns":5.0},{"damage":11.0,"enemies":"2 Louse","floor":4.0,"turns":4.0},{"damage":1.0,"enemies":"Cultist","floor":5.0,"turns":3.0},{"damage":31.0,"enemies":"Gremlin Nob","floor":7.0,"turns":4.0},{"damage":12.0,"enemies":"3 Louse","floor":8.0,"turns":4.0},{"damage":6.0,"enemies":"Exordium Wildlife","floor":10.0,"turns":3.0},{"damage":10,"enemies":"Large Slime","floor":14,"turns":5},{"damage":17,"enemies":"Hexaghost","floor":16,"turns":4}],"seed_played":"-3957620095907898614","potions_obtained":[{"floor":4.0,"key":"Strength Potion"},{"floor":5.0,"key":"LiquidBronze"}],"is_trial":false,"path_per_floor":["M","?","?","M","M","R","E","M","T","M","?","T","$","M","R","B"],"character_chosen":"IRONCLAD","items_purchased":["Feed"],"campfire_rested":0,"item_purchase_floors":[13],"current_hp_per_floor":[61,50,50,45,50,50,25,19,19,19,19,19,19,15,15,0],"gold":52,"neow_bonus":"TWENTY_PERCENT_HP_BONUS","is_prod":false,"is_daily":false,"chose_seed":false,"campfire_upgraded":2,"win_rate":0,"timestamp":1561598223,"path_taken":["M","?","?","M","M","R","E","M","T","?","?","?","$","M","R","BOSS"],"build_version":"2019-01-23","purchased_purges":0,"victory":false,"max_hp_per_floor":[89,89,89,89,89,89,89,89,89,89,89,89,89,89,89,89],"card_choices":[{"not_picked":["Clothesline","Hemokinesis"],"picked":"Spot Weakness","floor":1.0},{"not_picked":["Battle Trance","Pommel Strike"],"picked":"Twin Strike","floor":4.0},{"not_picked":["Clash","Blood for Blood","Flex"],"picked":"SKIP","floor":5.0},{"not_picked":["Headbutt","Armaments"],"picked":"Spot Weakness","floor":7.0},{"not_picked":["Thunderclap","Clothesline"],"picked":"Uppercut","floor":8.0},{"not_picked":["Heavy Blade","Anger","Body Slam"],"picked":"SKIP","floor":10.0},{"not_picked":["Rupture","Anger"],"picked":"Juggernaut","floor":14}],"player_experience":789643,"relics_obtained":[{"floor":7.0,"key":"Dodecahedron"},{"floor":9.0,"key":"Ginger"},{"floor":12.0,"key":"Ornamental Fan"}],"event_choices":[{"damage_healed":0.0,"max_hp_gain":0.0,"max_hp_loss":0.0,"gold_gain":0.0,"event_name":"Scrap Ooze","player_choice":"Success","floor":2.0,"gold_loss":0.0,"damage_taken":11.0,"relics_obtained":["Ice Cream"]},{"damage_healed":0.0,"max_hp_gain":0.0,"max_hp_loss":0.0,"gold_gain":0.0,"event_name":"Match and Keep!","player_choice":"2 cards matched","floor":3.0,"gold_loss":0.0,"damage_taken":0.0,"cards_obtained":["Impervious","Headbutt"]},{"damage_healed":0.0,"max_hp_gain":0.0,"max_hp_loss":0.0,"gold_gain":0.0,"event_name":"Liars Game","player_choice":"Ignored","floor":11.0,"gold_loss":0.0,"damage_taken":0.0}],"is_beta":false,"boss_relics":[],"items_purged_floors":[],"is_endless":false,"potions_floor_spawned":[4,5,10],"killed_by":"Hexaghost","ascension_level":20}