{"gold_per_floor":[148,168,168,168,168,168,203,203,226,226,238,238,265,28,28,28],"floor_reached":16,"playtime":345,"items_purged":["Strike_R"],"score":201,"play_id":"a25689ab-b91b-4dbe-89b8-09a6d594a5f3","local_time":"20190302185710","is_ascension_mode":true,"campfire_choices":[{"data":"Bash","floor":6,"key":"SMITH"},{"data":"Clothesline","floor":8,"key":"SMITH"},{"data":"Feel No Pain","floor":10,"key":"SMITH"},{"data":"Shrug It Off","floor":15,"key":"SMITH"}],"neow_cost":"NONE","seed_source_timestamp":6155987606283890,"circlet_count":0,"master_deck":["AscendersBane","Strike_R","Strike_R","Strike_R","Strike_R","Defend_R","Defend_R","Defend_R","Defend_R","Bash+1","Clothesline+1","Feel No Pain+1","Uppercut+1","Shrug It Off+1","Pummel+1"],"relics":["Burning Blood","Tiny Chest","Regal Pillow","Molten Egg 2","Anchor","PreservedInsect","Gremlin Horn","Art of War","Bag of Marbles"],"potions_floor_usage":[16,16],"damage_taken":[{"damage":4,"enemies":"Jaw Worm","floor":1,"turns":5},{"damage":4,"enemies":"Small Slimes","floor":2,"turns":4},{"damage":24,"enemies":"Gremlin Nob","floor":7,"turns":4},{"damage":6,"enemies":"2 Louse","floor":11,"turns":3},{"damage":25,"enemies":"Lagavulin","floor":13,"turns":5},{"damage":35,"enemies":"Hexaghost","floor":16,"turns":11}],"seed_played":"2074171669565271414","potions_obtained":[{"floor":1,"key":"Explosive Potion"},{"floor":11,"key":"Swift Potion"}],"is_trial":false,"path_per_floor":["M","M","?","T","?","R","E","R","T","R","M","T","E","$","R","B"],"character_chosen":"IRONCLAD","items_purchased":["Bag of Marbles"],"campfire_rested":0,"item_purchase_floors":[14],"current_hp_per_floor":[70,72,67,67,67,67,49,49,49,49,49,49,30,30,30,0],"gold":28,"neow_bonus":"RANDOM_COMMON_RELIC","is_prod":false,"is_daily":false,"chose_seed":false,"campfire_upgraded":4,"win_rate":0,"timestamp":1551571030,"path_taken":["M","M","?","?","?","R","E","R","T","R","M","?","E","$","R","BOSS"],"build_version":"2019-01-23","purchased_purges":1,"victory":false,"max_hp_per_floor":[75,75,75,75,75,75,75,75,75,75,75,75,75,75,75,75],"card_choices":[{"not_picked":["Uppercut","Clash"],"picked":"Clothesline","floor":1},{"not_picked":["Disarm","Rupture"],"picked":"Feel No Pain","floor":2},{"not_picked":["Headbutt+1","Clash+1"],"picked":"Uppercut+1","floor":7},{"not_picked":["Seeing Red","Pommel Strike+1"],"picked":"Shrug It Off","floor":11},{"not_picked":["Clash+1","True Grit"],"picked":"Pummel+1","floor":13}],"player_experience":580416,"relics_obtained":[{"floor":4,"key":"Molten Egg 2"},{"floor":7,"key":"Anchor"},{"floor":9,"key":"PreservedInsect"},{"floor":12,"key":"Gremlin Horn"},{"floor":13,"key":"Art of War"}],"event_choices":[{"damage_healed":0,"gold_gain":0,"player_choice":"Success","damage_taken":5,"relics_obtained":["Regal Pillow"],"max_hp_gain":0,"max_hp_loss":0,"event_name":"Scrap Ooze","floor":3,"gold_loss":0},{"damage_healed":0,"gold_gain":0,"player_choice":"Ignored","damage_taken":0,"max_hp_gain":0,"max_hp_loss":0,"event_name":"Liars Game","floor":5,"gold_loss":0}],"is_beta":false,"boss_relics":[],"items_purged_floors":[14],"is_endless":false,"potions_floor_spawned":[1,11,13],"killed_by":"Hexaghost","ascension_level":18}