{"gold_per_floor":[112,112,124,124,124,152,171,171,171,171],"floor_reached":10,"playtime":129,"items_purged":[],"score":182,"play_id":"1d294cc7-73a0-4876-8892-8e2031ef4e61","local_time":"20190709085341","is_ascension_mode":true,"campfire_choices":[{"data":"Loop","floor":8,"key":"SMITH"}],"neow_cost":"NONE","seed_source_timestamp":6888748069200,"circlet_count":0,"master_deck":["AscendersBane","Strike_B","Strike_B","Strike_B","Strike_B","Defend_B","Defend_B","Defend_B","Defend_B","Zap","Dualcast","Ball Lightning","Regret","Fusion+1","Loop+1"],"relics":["Cracked Core","NeowsBlessing","Gremlin Horn","Ginger","Vajra","Toxic Egg 2"],"potions_floor_usage":[],"damage_taken":[{"damage":0,"enemies":"Small Slimes","floor":1,"turns":1},{"damage":0,"enemies":"Jaw Worm","floor":3,"turns":1},{"damage":0,"enemies":"3 Sentries","floor":6,"turns":1},{"damage":18,"enemies":"2 Louse","floor":7,"turns":3},{"damage":53,"enemies":"Lagavulin","floor":10,"turns":5}],"seed_played":"4857713385539368520","potions_obtained":[],"is_trial":false,"path_per_floor":["M","?","M","?","T","E","M","R","T","E"],"character_chosen":"DEFECT","items_purchased":[],"campfire_rested":0,"item_purchase_floors":[],"current_hp_per_floor":[64,64,64,64,64,64,46,46,46,0],"gold":171,"neow_bonus":"THREE_ENEMY_KILL","is_prod":false,"is_daily":false,"chose_seed":false,"campfire_upgraded":1,"win_rate":0,"timestamp":1562687621,"path_taken":["M","?","M","?","?","E","?","R","T","E"],"build_version":"2019-07-05","purchased_purges":0,"victory":false,"max_hp_per_floor":[71,71,71,71,71,71,71,71,71,71],"card_choices":[{"not_picked":["Streamline","Force Field"],"picked":"Ball Lightning","floor":1},{"not_picked":["Beam Cell","Hologram"],"picked":"Fusion","floor":3},{"not_picked":["Recycle","Consume","Scrape"],"picked":"SKIP","floor":6},{"not_picked":["Consume","Redo"],"picked":"Loop","floor":7}],"player_experience":1245784,"relics_obtained":[{"floor":5,"key":"Ginger"},{"floor":6,"key":"Vajra"},{"floor":9,"key":"Toxic Egg 2"}],"event_choices":[{"damage_healed":0,"gold_gain":0,"player_choice":"Box","damage_taken":0,"relics_obtained":["Gremlin Horn"],"max_hp_gain":0,"max_hp_loss":0,"event_name":"Big Fish","floor":2,"gold_loss":0,"cards_obtained":["Regret"]},{"damage_healed":0,"gold_gain":0,"player_choice":"Grow","damage_taken":0,"max_hp_gain":0,"max_hp_loss":0,"event_name":"Living Wall","floor":4,"gold_loss":0,"cards_upgraded":["Fusion"]}],"is_beta":false,"boss_relics":[],"items_purged_floors":[],"is_endless":false,"potions_floor_spawned":[],"killed_by":"Lagavulin","ascension_level":20}