{"gold_per_floor":[111,36,54,13,32,59,59,71,119,119,138,164,164,176,176,247,247,220,135,150,150,36,36,67,81,81,94,107,107],"floor_reached":29,"playtime":1229,"items_purged":["Strike_G"],"score":514,"play_id":"bad43293-3b83-4a52-a5a0-d2953c0f3258","local_time":"20181130234855","is_ascension_mode":true,"campfire_choices":[{"floor":7,"key":"REST"},{"data":"Neutralize","floor":13,"key":"SMITH"},{"data":"Deadly Poison","floor":15,"key":"SMITH"},{"floor":23,"key":"REST"}],"neow_cost":"NONE","seed_source_timestamp":106668947400665,"circlet_count":0,"master_deck":["AscendersBane","Defend_G","Defend_G","Defend_G","Defend_G","Strike_G","Strike_G","Strike_G","Strike_G","Survivor","Neutralize+1","Crippling Poison","Flying Knee","Masterful Stab","Blade Dance","Infinite Blades","Cloak And Dagger","Deadly Poison+1","Night Terror","Accuracy+1","Leg Sweep","Sucker Punch","Infinite Blades","Choke+1","Infinite Blades","Backflip","Envenom","PiercingWail","Cloak And Dagger"],"relics":["Ring of the Snake","Mummified Hand","Anchor","Meat on the Bone","Blood Vial","Fusion Hammer","Prayer Wheel","Shovel","Boot"],"potions_floor_usage":[8,16,24],"damage_taken":[{"damage":1,"enemies":"Cultist","floor":1,"turns":5},{"damage":2,"enemies":"Jaw Worm","floor":3,"turns":4},{"damage":0,"enemies":"2 Louse","floor":5,"turns":2},{"damage":41,"enemies":"Lagavulin","floor":6,"turns":8},{"damage":5,"enemies":"Lots of Slimes","floor":8,"turns":3},{"damage":0,"enemies":"Looter","floor":11,"turns":3},{"damage":16,"enemies":"3 Sentries","floor":12,"turns":9},{"damage":0,"enemies":"Blue Slaver","floor":14,"turns":3},{"damage":43,"enemies":"The Guardian","floor":16,"turns":12},{"damage":16,"enemies":"2 Thieves","floor":18,"turns":4},{"damage":13,"enemies":"Shell Parasite","floor":20,"turns":4},{"damage":50,"enemies":"Book of Stabbing","floor":24,"turns":6},{"damage":23,"enemies":"3 Cultists","floor":25,"turns":5},{"damage":15,"enemies":"Centurion and Healer","floor":27,"turns":4},{"damage":12,"enemies":"Chosen and Byrds","floor":28,"turns":5},{"damage":24,"enemies":"3 Cultists","floor":29,"turns":3}],"seed_played":"-6510487062920087900","potions_obtained":[{"floor":1,"key":"Swift Potion"},{"floor":6,"key":"Swift Potion"},{"floor":8,"key":"Ancient Potion"},{"floor":14,"key":"Regen Potion"},{"floor":16,"key":"GhostInAJar"},{"floor":27,"key":"Ancient Potion"}],"is_trial":false,"path_per_floor":["M","$","M","$","M","E","R","M","T","T","M","E","R","M","R","B",null,"M","?","M","?","$","R","E","M","T","M","M","M"],"character_chosen":"THE_SILENT","items_purchased":["Masterful Stab","Sucker Punch","Infinite Blades"],"campfire_rested":2,"item_purchase_floors":[4,22,22],"current_hp_per_floor":[58,58,56,56,56,15,34,29,29,29,41,37,37,39,39,25,56,42,42,43,43,43,62,26,17,17,16,18,0],"gold":107,"neow_bonus":"TRANSFORM_CARD","is_prod":false,"is_daily":false,"chose_seed":false,"campfire_upgraded":2,"win_rate":0,"timestamp":1543639735,"path_taken":["M","?","M","$","M","E","R","?","T","?","M","E","R","M","R","BOSS","M","?","M","?","$","R","E","M","T","M","M","M"],"build_version":"2018-11-15","purchased_purges":1,"victory":false,"max_hp_per_floor":[66,66,66,66,66,66,66,66,66,66,66,66,66,66,66,66,66,66,66,66,66,66,66,66,66,66,66,66,66],"card_choices":[{"not_picked":["Infinite Blades","Deadly Poison"],"picked":"Flying Knee","floor":1},{"not_picked":["Finisher","Bane","Acrobatics"],"picked":"SKIP","floor":3},{"not_picked":["Tactician","Escape Plan"],"picked":"Blade Dance","floor":5},{"not_picked":["Poisoned Stab","Blade Dance"],"picked":"Infinite Blades","floor":6},{"not_picked":["Bane","PiercingWail","Finisher"],"picked":"SKIP","floor":8},{"not_picked":["Adrenaline","PiercingWail"],"picked":"Cloak And Dagger","floor":11},{"not_picked":["Expertise","Slice","Setup"],"picked":"SKIP","floor":12},{"not_picked":["Concentrate","Slice"],"picked":"Deadly Poison","floor":14},{"not_picked":["Storm of Steel","Phantasmal Killer"],"picked":"Night Terror","floor":16},{"not_picked":["Dodge and Roll+1","Infinite Blades"],"picked":"Accuracy+1","floor":18},{"not_picked":["Outmaneuver","Distraction"],"picked":"Leg Sweep","floor":20},{"not_picked":["Deflect","Choke","Skewer"],"picked":"SKIP","floor":20},{"not_picked":["Riddle With Holes","Poisoned Stab"],"picked":"Choke+1","floor":24},{"not_picked":["Quick Slash","All Out Attack"],"picked":"Infinite Blades","floor":25},{"not_picked":["Tactician","PiercingWail"],"picked":"Backflip","floor":25},{"not_picked":["Deadly Poison","Poisoned Stab"],"picked":"Envenom","floor":27},{"not_picked":["Catalyst","Skewer","Deadly Poison"],"picked":"SKIP","floor":27},{"not_picked":["Acrobatics","Quick Slash"],"picked":"PiercingWail","floor":28},{"not_picked":["Calculated Gamble","Outmaneuver"],"picked":"Cloak And Dagger","floor":28}],"player_experience":468635,"relics_obtained":[{"floor":6,"key":"Mummified Hand"},{"floor":9,"key":"Anchor"},{"floor":10,"key":"Meat on the Bone"},{"floor":12,"key":"Blood Vial"},{"floor":24,"key":"Shovel"},{"floor":26,"key":"Boot"}],"event_choices":[{"damage_healed":0,"gold_gain":0,"player_choice":"Obtained Relic","damage_taken":0,"relics_obtained":["Prayer Wheel"],"max_hp_gain":0,"max_hp_loss":0,"event_name":"Addict","floor":19,"gold_loss":85},{"damage_healed":0,"gold_gain":0,"player_choice":"Got Potions","damage_taken":0,"max_hp_gain":0,"max_hp_loss":0,"event_name":"Lab","floor":21,"gold_loss":0}],"is_beta":false,"boss_relics":[{"not_picked":["Runic Dome","Philosopher\u0027s Stone"],"picked":"Fusion Hammer"}],"items_purged_floors":[2],"is_endless":false,"potions_floor_spawned":[1,6,8,14,16,27,28],"killed_by":"3 Cultists","ascension_level":20}