{"gold_per_floor":[219,239,259,259,275,275,300,22,22,22,46,57,132,57,57,155,155,168,0,0,0,0,0,14,48,48,62,62,75,75,75,75,173,173,184,1183,1011,1028,421,421,440,440,495,495,495,508,538,4,4,4],"floor_reached":51,"playtime":2182,"items_purged":["Strike_B","Normality","Normality","Strike_B"],"score":1210,"play_id":"8e50cc67-c11e-47ef-b6a6-0969af9b16ca","local_time":"20190710200637","is_ascension_mode":true,"campfire_choices":[{"data":"Zap","floor":6,"key":"SMITH"},{"data":"Consume","floor":10,"key":"SMITH"},{"floor":15,"key":"REST"},{"data":"Capacitor","floor":23,"key":"SMITH"},{"floor":28,"key":"REST"},{"floor":30,"key":"REST"},{"floor":32,"key":"REST"},{"data":"Buffer","floor":40,"key":"SMITH"},{"floor":49,"key":"REST"}],"neow_cost":"NONE","seed_source_timestamp":90547917865810,"circlet_count":0,"master_deck":["AscendersBane","Defend_B","Defend_B","Defend_B","Defend_B","Zap+1","Dualcast","Consume+1","Ball Lightning","Conserve Battery","Capacitor+1","Echo Form","Cold Snap","Go for the Eyes+1","Chill","Aggregate","Buffer+1","Blizzard","Capacitor+1","Core Surge","Cold Snap","Consume+1","Biased Cognition","Glacier"],"relics":["Cracked Core","Centennial Puzzle","Lee\u0027s Waffle","Cables","Odd Mushroom","Philosopher\u0027s Stone","StoneCalendar","Matryoshka","Runic Pyramid","Runic Capacitor","Tiny Chest","Oddly Smooth Stone","Blood Vial","Thread and Needle","Bag of Preparation"],"potions_floor_usage":[16,18,25,27,29,50,50],"damage_taken":[{"damage":4,"enemies":"2 Louse","floor":1,"turns":2},{"damage":1,"enemies":"Cultist","floor":2,"turns":3},{"damage":14,"enemies":"Small Slimes","floor":3,"turns":4},{"damage":14,"enemies":"Exordium Wildlife","floor":5,"turns":5},{"damage":25,"enemies":"3 Sentries","floor":7,"turns":6},{"damage":17,"enemies":"The Mushroom Lair","floor":11,"turns":4},{"damage":18,"enemies":"Exordium Thugs","floor":12,"turns":4},{"damage":0,"enemies":"Slime Boss","floor":16,"turns":5},{"damage":35,"enemies":"3 Byrds","floor":18,"turns":4},{"damage":31,"enemies":"2 Thieves","floor":24,"turns":4},{"damage":17,"enemies":"Gremlin Leader","floor":25,"turns":5},{"damage":2,"enemies":"Centurion and Healer","floor":27,"turns":7},{"damage":7,"enemies":"3 Cultists","floor":29,"turns":6},{"damage":38,"enemies":"Collector","floor":33,"turns":14},{"damage":0,"enemies":"3 Shapes","floor":35,"turns":6},{"damage":10,"enemies":"Orb Walker","floor":38,"turns":5},{"damage":29,"enemies":"4 Shapes","floor":41,"turns":6},{"damage":6,"enemies":"Transient","floor":46,"turns":5},{"damage":0,"enemies":"Giant Head","floor":47,"turns":10},{"damage":10,"enemies":"Donu and Deca","floor":50,"turns":11}],"seed_played":"-422352327178056330","potions_obtained":[{"floor":3,"key":"Ancient Potion"},{"floor":4,"key":"PowerPotion"},{"floor":16,"key":"Swift Potion"},{"floor":24,"key":"LiquidBronze"},{"floor":25,"key":"Block Potion"},{"floor":27,"key":"EssenceOfSteel"},{"floor":46,"key":"Ancient Potion"}],"is_trial":false,"path_per_floor":["M","M","M","?","M","R","E","$","T","R","?","M","?","$","R","B",null,"M","?","?","$","?","R","M","E","T","M","R","M","R","?","R","B",null,"M","?","$","M","$","R","M","?","T","?","?","M","E","$","R","B",null],"character_chosen":"DEFECT","items_purchased":["Capacitor","Lee\u0027s Waffle","Blizzard","Runic Capacitor","Tiny Chest","Core Surge","Biased Cognition","Glacier","Bag of Preparation"],"campfire_rested":5,"item_purchase_floors":[8,8,37,39,39,39,48,48,48],"current_hp_per_floor":[64,63,49,49,35,35,10,82,82,82,65,47,36,36,60,60,77,42,42,42,42,69,69,38,21,21,19,43,36,60,60,82,44,73,73,73,73,63,63,63,34,34,34,34,34,30,32,32,56,48],"gold":4,"neow_bonus":"HUNDRED_GOLD","is_prod":false,"is_daily":false,"chose_seed":false,"campfire_upgraded":4,"win_rate":0,"timestamp":1562781997,"path_taken":["M","M","M","?","?","R","E","$","T","R","?","M","?","?","R","BOSS","M","?","?","?","?","R","M","E","T","?","R","M","R","?","R","BOSS","M","?","$","M","$","R","M","?","T","?","?","?","E","?","R","BOSS"],"build_version":"2019-07-05","purchased_purges":4,"victory":true,"max_hp_per_floor":[75,75,75,75,75,75,75,82,82,82,82,82,82,82,82,82,82,82,82,82,82,82,82,82,82,82,82,82,82,82,82,82,82,82,82,82,82,82,82,82,82,82,82,82,82,82,82,82,82,82],"card_choices":[{"not_picked":["Stack","Redo"],"picked":"Consume","floor":1},{"not_picked":["Fusion","Scrape","Compile Driver"],"picked":"SKIP","floor":2},{"not_picked":["Turbo","Melter"],"picked":"Ball Lightning","floor":3},{"not_picked":["Melter","Stack"],"picked":"Conserve Battery","floor":5},{"not_picked":["Double Energy","Undo","Storm"],"picked":"SKIP","floor":7},{"not_picked":["Hologram","Hyperbeam","Ball Lightning"],"picked":"SKIP","floor":12},{"not_picked":["Meteor Strike","Fission"],"picked":"Echo Form","floor":16},{"not_picked":["Hello World","Gash"],"picked":"Cold Snap","floor":18},{"not_picked":["Sunder+1","Redo"],"picked":"Go for the Eyes+1","floor":24},{"not_picked":["Aggregate","Blizzard+1"],"picked":"Chill","floor":25},{"not_picked":["Recycle","FTL+1","Hello World"],"picked":"SKIP","floor":27},{"not_picked":["Genetic Algorithm+1","Static Discharge+1","Darkness+1"],"picked":"SKIP","floor":29},{"not_picked":["Electrodynamics","Creative AI"],"picked":"Buffer","floor":33},{"not_picked":["Compile Driver+1","Hologram+1","Static Discharge"],"picked":"SKIP","floor":35},{"not_picked":["Streamline","Lockon"],"picked":"Capacitor+1","floor":38},{"not_picked":["Sweeping Beam","Auto Shields"],"picked":"Cold Snap","floor":41},{"not_picked":["Skim","Undo","Reprogram"],"picked":"SKIP","floor":46},{"not_picked":["Reprogram","Steam","Heatsinks+1"],"picked":"SKIP","floor":47}],"player_experience":62905,"relics_obtained":[{"floor":7,"key":"Centennial Puzzle"},{"floor":9,"key":"Cables"},{"floor":11,"key":"Odd Mushroom"},{"floor":25,"key":"StoneCalendar"},{"floor":26,"key":"Matryoshka"},{"floor":43,"key":"Oddly Smooth Stone"},{"floor":43,"key":"Blood Vial"},{"floor":47,"key":"Thread and Needle"}],"event_choices":[{"damage_healed":0,"gold_gain":0,"player_choice":"Got Potions","damage_taken":0,"max_hp_gain":0,"max_hp_loss":0,"event_name":"Lab","floor":4,"gold_loss":0},{"damage_healed":0,"gold_gain":0,"player_choice":"Fought Mushrooms","damage_taken":0,"max_hp_gain":0,"max_hp_loss":0,"event_name":"Mushrooms","floor":11,"gold_loss":0},{"damage_healed":0,"gold_gain":75,"player_choice":"Gather Gold","damage_taken":11,"max_hp_gain":0,"max_hp_loss":0,"event_name":"World of Goop","floor":13,"gold_loss":0},{"damage_healed":0,"gold_gain":0,"player_choice":"Paid Fearfully","damage_taken":0,"max_hp_gain":0,"max_hp_loss":0,"event_name":"Masked Bandits","floor":19,"gold_loss":168},{"damage_healed":0,"gold_gain":0,"player_choice":"Ignored","damage_taken":0,"max_hp_gain":0,"max_hp_loss":0,"event_name":"The Mausoleum","floor":20,"gold_loss":0},{"damage_healed":27,"gold_gain":0,"player_choice":"Heal","damage_taken":0,"max_hp_gain":0,"max_hp_loss":0,"event_name":"The Library","floor":22,"gold_loss":0},{"damage_healed":0,"gold_gain":0,"cards_transformed":["Strike_B","Strike_B"],"player_choice":"Became Test Subject","damage_taken":0,"max_hp_gain":0,"max_hp_loss":0,"event_name":"Drug Dealer","floor":31,"gold_loss":0,"cards_obtained":["Heatsinks","Aggregate"]},{"damage_healed":0,"gold_gain":999,"player_choice":"Gold","damage_taken":0,"max_hp_gain":0,"max_hp_loss":0,"event_name":"MindBloom","floor":36,"gold_loss":0,"cards_obtained":["Normality","Normality"]},{"damage_healed":0,"gold_gain":0,"player_choice":"Ignored","damage_taken":0,"max_hp_gain":0,"max_hp_loss":0,"event_name":"Tomb of Lord Red Mask","floor":42,"gold_loss":0},{"cards_removed":["Heatsinks"],"damage_healed":0,"gold_gain":0,"player_choice":"Removed Power","damage_taken":0,"max_hp_gain":0,"max_hp_loss":0,"event_name":"Falling","floor":44,"gold_loss":0},{"damage_healed":0,"gold_gain":0,"player_choice":"Copied","damage_taken":0,"max_hp_gain":0,"max_hp_loss":0,"event_name":"Duplicator","floor":45,"gold_loss":0,"cards_obtained":["Consume"]}],"is_beta":false,"boss_relics":[{"not_picked":["Coffee Dripper","Runic Dome"],"picked":"Philosopher\u0027s Stone"},{"not_picked":["Calling Bell","Eternal Feather"],"picked":"Runic Pyramid"}],"items_purged_floors":[14,37,39,48],"is_endless":false,"potions_floor_spawned":[3,5,11,12,16,24,25,27,46],"ascension_level":11}