{"path_per_floor":["M","?","?","M","M","M","$","R","T","M","?","?","M","M","R","B",null,"M","?","?","$","M","R","M"],"character_chosen":"IRONCLAD","items_purchased":["Headbutt","Regal Pillow"],"gold_per_floor":[110,110,110,127,142,158,58,58,84,97,97,97,116,132,132,231,231,241,191,191,47,59,59,73],"floor_reached":25,"campfire_rested":2,"playtime":1365,"current_hp_per_floor":[80,64,61,59,62,62,62,80,80,80,80,90,89,87,87,61,90,60,60,60,60,37,79,44],"items_purged":["Strike_R"],"gold":73,"play_id":"044377c8-a97f-4855-857c-33a98bd39307","is_prod":false,"is_daily":false,"is_ascension_mode":false,"campfire_upgraded":1,"path_taken":["M","?","?","M","M","M","$","R","T","M","?","?","M","M","R","BOSS","M","?","?","?","M","R","M","E"],"build_version":"2018-01-25-PROD3","purchased_purges":1,"victory":false,"master_deck":["Strike_R","Strike_R","Strike_R+1","Strike_R","Defend_R","Defend_R+1","Defend_R+1","Bash","Reckless Charge","Disarm+1","Cleave","Seeing Red","Headbutt","Heavy Blade","Madness","Bash","Rampage+1","Clothesline","Demon Form","Spot Weakness+1","Heavy Blade+1"],"max_hp_per_floor":[80,80,80,80,80,80,80,80,80,80,80,90,90,90,90,90,90,90,90,90,90,90,90,90],"relics":["Burning Blood","Prayer Wheel","War Paint","Black Star","Regal Pillow"],"card_choices":[{"not_picked":["Feel No Pain","True Grit"],"picked":"Reckless Charge"},{"not_picked":["Shockwave","Clash"],"picked":"Disarm"},{"not_picked":["Juggernaut","Iron Wave"],"picked":"Cleave"},{"not_picked":["Sword Boomerang","Disarm"],"picked":"Seeing Red"},{"not_picked":["Warcry","Blood for Blood"],"picked":"Heavy Blade"},{"not_picked":["Rage","True Grit"],"picked":"Rampage"},{"not_picked":["Combust","Second Wind"],"picked":"Clothesline"},{"not_picked":["Double Tap","Berserk"],"picked":"Demon Form"},{"not_picked":["Bloodletting","Sword Boomerang"],"picked":"Spot Weakness"},{"not_picked":["Shrug It Off","True Grit"],"picked":"Heavy Blade"}],"player_experience":28791,"potions_floor_usage":[14,16,24,25],"damage_taken":[{"damage":1,"enemies":"Cultist","floor":1,"turns":3},{"damage":8,"enemies":"2 Louse","floor":4,"turns":2},{"damage":3,"enemies":"Small Slimes","floor":5,"turns":4},{"damage":6,"enemies":"3 Louse","floor":6,"turns":3},{"damage":0,"enemies":"Large Slime","floor":10,"turns":3},{"damage":7,"enemies":"2 Fungi Beasts","floor":13,"turns":3},{"damage":8,"enemies":"Lots of Slimes","floor":14,"turns":3},{"damage":32,"enemies":"The Guardian","floor":16,"turns":8},{"damage":36,"enemies":"Chosen","floor":18,"turns":5},{"damage":29,"enemies":"Shell Parasite","floor":22,"turns":5},{"damage":41,"enemies":"Centurion and Healer","floor":24,"turns":6},{"damage":50,"enemies":"Slavers","floor":25,"turns":4}],"event_choices":[{"event_name":"Shining Light","player_choice":"Entered Light","floor":2,"damage_taken":0},{"event_name":"Scrap Ooze","player_choice":"success","floor":3,"damage_taken":3},{"event_name":"Match and Keep!","player_choice":"2 cards matched","floor":11,"damage_taken":0},{"event_name":"Bonfire Elementals","player_choice":"RARE","floor":12,"damage_taken":0},{"event_name":"The Joust","player_choice":"Bet on Murderer","floor":19,"damage_taken":0},{"event_name":"Vampires","player_choice":"Ignored","floor":20,"damage_taken":0}],"boss_relics":[{"not_picked":["Astrolabe","Eternal Feather"],"picked":"Black Star"}],"potions_floor_spawned":[1,5,6,16,22],"seed_played":"8907130996008572614","killed_by":"Slavers","ascension_level":0,"is_trial":false}