{"path_per_floor":["M","?","M","$","?","E","M","M","T","R","M","?","R","M","R","B",null,"M","?","?","M","$","R","M","R","T","R"],"character_chosen":"THE_SILENT","items_purchased":["Quick Slash","Dagger Throw","Outmaneuver"],"gold_per_floor":[115,115,131,34,34,67,86,99,99,99,117,117,117,129,129,227,227,239,154,154,167,91,91,103,103,172,172],"floor_reached":28,"campfire_rested":3,"playtime":1371,"current_hp_per_floor":[70,70,68,68,43,24,24,24,24,45,45,45,66,66,66,46,70,62,62,62,62,62,62,46,67,67,67],"items_purged":["Strike_G"],"gold":172,"score":218,"play_id":"d69cb840-7f4d-4dd2-b16f-98da16d40b8a","is_prod":false,"is_daily":false,"is_ascension_mode":false,"campfire_upgraded":3,"path_taken":["M","?","M","$","?","E","M","M","T","R","M","?","R","M","R","BOSS","M","?","?","M","$","R","M","R","T","R","E"],"build_version":"2018-02-08-PROD1","purchased_purges":1,"victory":false,"master_deck":["Defend_G","Defend_G","Defend_G","Defend_G","Strike_G","Strike_G","Strike_G","Strike_G","Survivor","Neutralize+1","Venomology","Backflip","Sucker Punch+1","Quick Slash","Heel Hook","Acrobatics","Blur","Prepared+1","Flying Knee","Acrobatics+1","Dagger Throw","Outmaneuver","Distraction+1"],"max_hp_per_floor":[70,70,70,70,70,70,70,70,70,70,70,70,70,70,70,70,70,70,70,70,70,70,70,70,70,70,70],"relics":["Ring of the Snake","Paper Crane","Juzu Bracelet","Tingsha","White Beast Statue","Tough Bandages","Toxic Egg 2"],"card_choices":[{"not_picked":["Flying Knee","Riddle With Holes"],"picked":"Backflip"},{"not_picked":["Deflect","Riddle With Holes"],"picked":"Sucker Punch"},{"not_picked":["PiercingWail","Flying Knee"],"picked":"Heel Hook"},{"not_picked":["Deflect","All Out Attack"],"picked":"Acrobatics"},{"not_picked":["Glass Knife","Slice"],"picked":"Blur"},{"not_picked":["Deflect","Slice"],"picked":"Prepared"},{"not_picked":["Masterful Stab","Deadly Poison"],"picked":"Flying Knee"},{"not_picked":["Bane","Sucker Punch"],"picked":"Acrobatics"},{"not_picked":["Dagger Throw","Calculated Gamble"],"picked":"Distraction"}],"player_experience":72902,"potions_floor_usage":[1,3,6,6,8,11,16,16,21,24,28,28,28],"damage_taken":[{"damage":0,"enemies":"Small Slimes","floor":1,"turns":4},{"damage":2,"enemies":"Blue Slaver","floor":3,"turns":6},{"damage":19,"enemies":"3 Sentries","floor":6,"turns":6},{"damage":0,"enemies":"2 Louse","floor":7,"turns":2},{"damage":0,"enemies":"Lots of Slimes","floor":8,"turns":1},{"damage":0,"enemies":"Red Slaver","floor":11,"turns":5},{"damage":0,"enemies":"Looter","floor":14,"turns":3},{"damage":20,"enemies":"The Guardian","floor":16,"turns":11},{"damage":8,"enemies":"Shell Parasite","floor":18,"turns":10},{"damage":0,"enemies":"Spheric Guardian","floor":21,"turns":6},{"damage":16,"enemies":"Chosen and Byrds","floor":24,"turns":9},{"damage":75,"enemies":"Gremlin Leader","floor":28,"turns":8}],"event_choices":[{"event_name":"Purifier","player_choice":"One Purge","floor":2,"damage_taken":0},{"event_name":"Scrap Ooze","player_choice":"success","floor":5,"damage_taken":25},{"event_name":"Accursed Blacksmith","player_choice":"Forge","floor":12,"damage_taken":0},{"event_name":"Addict","player_choice":"Obtained Relic","floor":19,"damage_taken":0},{"event_name":"Cursed Tome","player_choice":"Ignored","floor":20,"damage_taken":0}],"boss_relics":[{"not_picked":["Snecko Eye","Tiny House"],"picked":"White Beast Statue"}],"potions_floor_spawned":[3,8,14,18,21,24],"seed_played":"5327613564951992294","killed_by":"Gremlin Leader","ascension_level":0,"is_trial":false}