{"gold_per_floor":[111,121,121,70,86,115,134,168,248,262,279,279,294,313,313,313],"floor_reached":16,"playtime":487,"items_purged":[],"score":232,"play_id":"71859dba-b0ba-4ed4-b083-069c3e1016d2","local_time":"20190519170601","is_ascension_mode":true,"campfire_choices":[{"floor":12,"key":"REST"},{"floor":15,"key":"REST"}],"neow_cost":"NONE","seed_source_timestamp":1918508728177581,"circlet_count":0,"master_deck":["AscendersBane","Strike_B","Strike_B","Strike_B","Defend_B","Defend_B","Defend_B","Defend_B","Zap","Dualcast","Go for the Eyes","Coolheaded","Ball Lightning","Static Discharge","Auto Shields","Creative AI","Capacitor+1","Defragment+1","Ball Lightning","Ball Lightning","Leap","Echo Form+1"],"relics":["Cracked Core","NeowsBlessing","Mercury Hourglass","Prayer Wheel","Frozen Egg 2"],"potions_floor_usage":[8,8,11,16],"damage_taken":[{"damage":0,"enemies":"2 Louse","floor":1,"turns":1},{"damage":0,"enemies":"Cultist","floor":2,"turns":1},{"damage":0,"enemies":"Small Slimes","floor":5,"turns":1},{"damage":22,"enemies":"3 Sentries","floor":6,"turns":8},{"damage":2,"enemies":"3 Louse","floor":7,"turns":3},{"damage":6,"enemies":"Gremlin Nob","floor":8,"turns":3},{"damage":4,"enemies":"Looter","floor":10,"turns":3},{"damage":22,"enemies":"Gremlin Gang","floor":11,"turns":3},{"damage":5,"enemies":"Red Slaver","floor":13,"turns":2},{"damage":8,"enemies":"Blue Slaver","floor":14,"turns":2},{"damage":37,"enemies":"The Guardian","floor":16,"turns":8}],"seed_played":"-2494616963670056756","potions_obtained":[{"floor":2,"key":"Poison Potion"},{"floor":6,"key":"FocusPotion"},{"floor":10,"key":"SneckoOil"},{"floor":14,"key":"Weak Potion"}],"is_trial":false,"path_per_floor":["M","M","?","$","M","E","M","E","T","M","M","R","M","M","R","B"],"character_chosen":"DEFECT","items_purchased":["Ball Lightning"],"campfire_rested":2,"item_purchase_floors":[4],"current_hp_per_floor":[64,64,64,64,64,42,40,34,34,30,8,29,24,16,37,0],"gold":313,"neow_bonus":"THREE_ENEMY_KILL","is_prod":false,"is_daily":false,"chose_seed":false,"campfire_upgraded":0,"win_rate":0,"timestamp":1558299961,"path_taken":["M","M","?","$","?","E","M","E","T","?","M","R","?","M","R","BOSS"],"build_version":"2019-01-23","purchased_purges":0,"victory":false,"max_hp_per_floor":[71,71,71,71,71,71,71,71,71,71,71,71,71,71,71,71],"card_choices":[{"not_picked":["Gash","Beam Cell"],"picked":"Go for the Eyes","floor":1},{"not_picked":["Barrage","Rip and Tear"],"picked":"Coolheaded","floor":2},{"not_picked":["Tempest","Lockon"],"picked":"Static Discharge","floor":5},{"not_picked":["Beam Cell","Redo","Gash"],"picked":"SKIP","floor":6},{"not_picked":["Steam","Sweeping Beam"],"picked":"Auto Shields","floor":7},{"not_picked":["Doom and Gloom","Reprogram"],"picked":"Creative AI","floor":8},{"not_picked":["Tempest","Coolheaded"],"picked":"Capacitor+1","floor":10},{"not_picked":["Barrage","Recycle","Darkness"],"picked":"SKIP","floor":10},{"not_picked":["Sweeping Beam","Undo"],"picked":"Defragment+1","floor":11},{"not_picked":["Darkness","Coolheaded"],"picked":"Ball Lightning","floor":11},{"not_picked":["Aggregate","Double Energy"],"picked":"Ball Lightning","floor":13},{"not_picked":["Barrage","Sweeping Beam","Streamline"],"picked":"SKIP","floor":13},{"not_picked":["Darkness","Double Energy"],"picked":"Leap","floor":14},{"not_picked":["Stack","Loop+1"],"picked":"Echo Form+1","floor":14}],"player_experience":696368,"relics_obtained":[{"floor":6,"key":"Mercury Hourglass"},{"floor":8,"key":"Prayer Wheel"},{"floor":9,"key":"Frozen Egg 2"}],"event_choices":[{"cards_removed":["Strike_B"],"damage_healed":0,"gold_gain":0,"player_choice":"Purged","damage_taken":0,"max_hp_gain":0,"max_hp_loss":0,"event_name":"Purifier","floor":3,"gold_loss":0}],"is_beta":false,"boss_relics":[],"items_purged_floors":[],"is_endless":false,"potions_floor_spawned":[2,6,7,10,14],"killed_by":"The Guardian","ascension_level":20}