{"gold_per_floor":[118,137,87,87,87,113,113,132,155,155,80,80,100,25,25,25],"floor_reached":16,"playtime":518,"items_purged":["Strike_R"],"score":142,"play_id":"135cc90b-1c6f-4d17-a977-6507cf33fc58","local_time":"20190625155545","is_ascension_mode":true,"campfire_choices":[{"data":"Armaments","floor":7,"key":"SMITH"},{"data":"True Grit","floor":12,"key":"SMITH"},{"floor":15,"key":"REST"}],"neow_cost":"NONE","seed_source_timestamp":266122235404248,"circlet_count":0,"master_deck":["Strike_R","Strike_R","Defend_R","Defend_R","Defend_R","Defend_R","Bash","Iron Wave","Shrug It Off","Armaments+1","True Grit+1","Pommel Strike","Spot Weakness"],"relics":["Burning Blood","Dream Catcher","Bag of Preparation"],"potions_floor_usage":[6,13,16],"damage_taken":[{"damage":3,"enemies":"Jaw Worm","floor":1,"turns":5},{"damage":4,"enemies":"Small Slimes","floor":2,"turns":5},{"damage":45,"enemies":"Lagavulin","floor":6,"turns":14},{"damage":0,"enemies":"2 Louse","floor":8,"turns":3},{"damage":36,"enemies":"Exordium Thugs","floor":13,"turns":8},{"damage":54,"enemies":"Slime Boss","floor":16,"turns":10}],"seed_played":"7347596527410084601","potions_obtained":[{"floor":2,"key":"Dexterity Potion"},{"floor":8,"key":"Weak Potion"},{"floor":13,"key":"Regen Potion"}],"is_trial":false,"path_per_floor":["M","M","$","?","?","E","R","M","T","?","$","R","M","$","R","B"],"character_chosen":"IRONCLAD","items_purchased":["Armaments","Spot Weakness"],"campfire_rested":1,"item_purchase_floors":[3,11],"current_hp_per_floor":[75,77,77,70,75,36,36,42,42,42,42,42,12,12,37,0],"gold":25,"neow_bonus":"REMOVE_CARD","is_prod":false,"is_daily":false,"chose_seed":false,"campfire_upgraded":2,"win_rate":0,"timestamp":1561449345,"path_taken":["M","M","$","?","?","E","R","M","T","?","$","R","M","?","R","BOSS"],"build_version":"2019-01-23","purchased_purges":1,"victory":false,"max_hp_per_floor":[80,80,80,80,85,85,85,85,85,85,85,85,85,85,85,85],"card_choices":[{"not_picked":["Anger","Clothesline"],"picked":"Iron Wave","floor":1},{"not_picked":["Shockwave","Warcry"],"picked":"Shrug It Off","floor":2},{"not_picked":["Rupture","Heavy Blade"],"picked":"True Grit","floor":6},{"not_picked":["Armaments","Iron Wave"],"picked":"Pommel Strike","floor":8},{"not_picked":["Sword Boomerang","Warcry","Perfected Strike"],"picked":"SKIP","floor":13}],"player_experience":1009293,"relics_obtained":[{"floor":6,"key":"Dream Catcher"},{"floor":9,"key":"Bag of Preparation"}],"event_choices":[{"cards_removed":["Strike_R"],"damage_healed":0,"gold_gain":0,"player_choice":"Card Removal","damage_taken":7,"max_hp_gain":0,"max_hp_loss":0,"event_name":"Golden Wing","floor":4,"gold_loss":0},{"damage_healed":0,"gold_gain":0,"player_choice":"Donut","damage_taken":0,"max_hp_gain":5,"max_hp_loss":0,"event_name":"Big Fish","floor":5,"gold_loss":0},{"damage_healed":0,"gold_gain":0,"player_choice":"Fled","damage_taken":0,"max_hp_gain":0,"max_hp_loss":0,"event_name":"Scrap Ooze","floor":10,"gold_loss":0}],"is_beta":false,"boss_relics":[],"items_purged_floors":[14],"is_endless":false,"potions_floor_spawned":[2,8,13],"killed_by":"Slime Boss","ascension_level":9}