{"gold_per_floor":[110,126,126,37,52,77,88,88,88,99,7,26,46,81,81,152,152,128,71,71,71,71],"floor_reached":22,"playtime":815,"items_purged":[],"score":392,"play_id":"2c811c16-8ce8-4ff5-9092-e6289b8a71a0","local_time":"20190703050939","is_ascension_mode":true,"campfire_choices":[{"data":"Chaos","floor":8,"key":"SMITH"},{"data":"Creative AI","floor":15,"key":"SMITH"}],"neow_cost":"NONE","seed_source_timestamp":1655547220074700,"circlet_count":0,"master_deck":["AscendersBane","Strike_B","Strike_B","Strike_B","Strike_B","Defend_B","Defend_B","Defend_B","Defend_B","Zap","Dualcast","Rebound","Cold Snap","Fission","Leap","Skim","Chaos+1","Ball Lightning","Defragment","Ball Lightning","Double Energy","Melter","Creative AI+1","Echo Form","Aggregate+1","Conserve Battery","Shame"],"relics":["Cracked Core","NeowsBlessing","Darkstone Periapt","Bottled Flame","Shuriken","Inserter","Frozen Egg 2"],"potions_floor_usage":[13,13],"damage_taken":[{"damage":0,"enemies":"Jaw Worm","floor":1,"turns":1},{"damage":0,"enemies":"Cultist","floor":2,"turns":1},{"damage":0,"enemies":"Small Slimes","floor":5,"turns":1},{"damage":24,"enemies":"3 Sentries","floor":6,"turns":8},{"damage":6,"enemies":"Looter","floor":7,"turns":3},{"damage":11,"enemies":"Exordium Thugs","floor":10,"turns":6},{"damage":5,"enemies":"Blue Slaver","floor":12,"turns":2},{"damage":14,"enemies":"Lots of Slimes","floor":13,"turns":11},{"damage":5,"enemies":"Gremlin Nob","floor":14,"turns":3},{"damage":48,"enemies":"Slime Boss","floor":16,"turns":8},{"damage":25,"enemies":"2 Thieves","floor":18,"turns":4},{"damage":37,"enemies":"3 Byrds","floor":22,"turns":3}],"seed_played":"5784893142686687310","potions_obtained":[{"floor":1,"key":"Energy Potion"},{"floor":2,"key":"Regen Potion"},{"floor":3,"key":"Regen Potion"}],"is_trial":false,"path_per_floor":["M","M","?","$","M","E","M","R","T","M","$","M","M","E","R","B",null,"M","$","?","?","M"],"character_chosen":"DEFECT","items_purchased":["Fission","Defragment","Ball Lightning","Conserve Battery"],"campfire_rested":0,"item_purchase_floors":[4,11,11,19],"current_hp_per_floor":[64,64,64,64,64,40,34,34,34,23,23,18,58,53,53,5,55,30,30,36,36,0],"gold":71,"neow_bonus":"THREE_ENEMY_KILL","is_prod":false,"is_daily":false,"chose_seed":false,"campfire_upgraded":2,"win_rate":0,"timestamp":1562155779,"path_taken":["M","M","?","$","?","E","M","R","T","M","$","M","?","E","R","BOSS","M","$","?","?","?"],"build_version":"2019-07-01","purchased_purges":0,"victory":false,"max_hp_per_floor":[71,71,71,71,71,71,71,71,71,71,71,71,71,71,71,71,71,71,71,77,77,77],"card_choices":[{"not_picked":["Reinforced Body","Compile Driver"],"picked":"Rebound","floor":1},{"not_picked":["Self Repair","Darkness"],"picked":"Cold Snap","floor":2},{"not_picked":["Rebound","Conserve Battery"],"picked":"Leap","floor":5},{"not_picked":["Streamline","Steam Power"],"picked":"Skim","floor":6},{"not_picked":["Double Energy","Hello World"],"picked":"Chaos","floor":7},{"not_picked":["Undo","Hyperbeam"],"picked":"Ball Lightning","floor":10},{"not_picked":["Aggregate","Turbo"],"picked":"Double Energy","floor":12},{"not_picked":["Streamline","Beam Cell"],"picked":"Melter","floor":13},{"not_picked":["Barrage","Reprogram"],"picked":"Creative AI","floor":14},{"not_picked":["Buffer","Thunder Strike"],"picked":"Echo Form","floor":16},{"not_picked":["BootSequence","Compile Driver"],"picked":"Aggregate+1","floor":18}],"player_experience":1230215,"relics_obtained":[{"floor":6,"key":"Darkstone Periapt"},{"floor":9,"key":"Bottled Flame"},{"floor":14,"key":"Shuriken"}],"event_choices":[{"damage_healed":0,"gold_gain":0,"player_choice":"Got Potions","damage_taken":0,"max_hp_gain":0,"max_hp_loss":0,"event_name":"Lab","floor":3,"gold_loss":0},{"damage_healed":0,"gold_gain":0,"player_choice":"Stole Relic","damage_taken":0,"relics_obtained":["Frozen Egg 2"],"max_hp_gain":0,"max_hp_loss":0,"event_name":"Addict","floor":20,"gold_loss":0,"cards_obtained":["Shame"]},{"damage_healed":0,"gold_gain":0,"player_choice":"Ignored","damage_taken":0,"max_hp_gain":0,"max_hp_loss":0,"event_name":"Ghosts","floor":21,"gold_loss":0}],"is_beta":false,"boss_relics":[{"not_picked":["Lizard Tail","Eternal Feather"],"picked":"Inserter"}],"items_purged_floors":[],"is_endless":false,"potions_floor_spawned":[1,2,10],"killed_by":"3 Byrds","ascension_level":20}