{"gold_per_floor":[218,237,237,237,248,279,279,290,336,351,415,415,434,444,444,541,541,451,309,309,234,234,234,234,234,234,157,157,157,157,157,157,157,157,157,7,7,0,0,0,0,0,0,0,0,0,0,0,0,0],"floor_reached":51,"playtime":2285,"items_purged":["Strike_G"],"score":901,"play_id":"5076c8a9-3316-4de8-bd3a-6bfdfa07b394","local_time":"20180803221347","is_ascension_mode":true,"campfire_choices":[{"data":"Neutralize","floor":7.0,"key":"SMITH"},{"data":"Leg Sweep","floor":12.0,"key":"SMITH"},{"floor":15.0,"key":"REST"},{"data":"Noxious Fumes","floor":23.0,"key":"SMITH"},{"floor":32.0,"key":"REST"},{"data":"After Image","floor":40,"key":"SMITH"},{"floor":42,"key":"REST"},{"data":"J.A.X.","floor":49,"key":"SMITH"}],"neow_cost":"NONE","seed_source_timestamp":0,"circlet_count":0,"master_deck":["Defend_G","Defend_G","Defend_G","Defend_G","Defend_G","Strike_G+1","Strike_G","Strike_G+1","Survivor","Neutralize+1","Dagger Throw","Poisoned Stab","Dagger Spray","Accuracy","Leg Sweep+1","Cloak And Dagger","Cloak And Dagger","Deadly Poison","Backflip","After Image+1","Sucker Punch","Noxious Fumes+1","Dodge and Roll+1","Deadly Poison","J.A.X.+1","Terror","PiercingWail+1","Malaise","Madness","Madness","Sucker Punch+1","Blade Dance"],"special_seed":0,"relics":["Ring of the Snake","Paper Crane","Omamori","Whetstone","Ectoplasm","StoneCalendar","Bronze Scales","Juzu Bracelet","Lantern","Cursed Key","Vajra","Red Mask","Snake Skull","Dream Catcher"],"potions_floor_usage":[50,50],"damage_taken":[{"damage":8.0,"enemies":"2 Louse","floor":1.0,"turns":3.0},{"damage":0.0,"enemies":"Jaw Worm","floor":2.0,"turns":5.0},{"damage":2.0,"enemies":"Small Slimes","floor":5.0,"turns":3.0},{"damage":22.0,"enemies":"3 Sentries","floor":6.0,"turns":11.0},{"damage":0.0,"enemies":"Red Slaver","floor":8.0,"turns":4.0},{"damage":5.0,"enemies":"Lots of Slimes","floor":10.0,"turns":2.0},{"damage":7.0,"enemies":"Gremlin Nob","floor":11.0,"turns":6.0},{"damage":9.0,"enemies":"Gremlin Gang","floor":13.0,"turns":4.0},{"damage":0.0,"enemies":"Red Slaver","floor":14.0,"turns":3.0},{"damage":3.0,"enemies":"The Guardian","floor":16.0,"turns":13.0},{"damage":6.0,"enemies":"2 Thieves","floor":18.0,"turns":5.0},{"damage":3.0,"enemies":"Shell Parasite","floor":20.0,"turns":6.0},{"damage":0.0,"enemies":"Book of Stabbing","floor":24.0,"turns":7.0},{"damage":0.0,"enemies":"Centurion and Healer","floor":25.0,"turns":7.0},{"damage":40.0,"enemies":"Slavers","floor":29.0,"turns":7.0},{"damage":3.0,"enemies":"Snake Plant","floor":31.0,"turns":4.0},{"damage":3.0,"enemies":"Champ","floor":33.0,"turns":11.0},{"damage":3,"enemies":"3 Shapes","floor":35,"turns":5},{"damage":0,"enemies":"Flame Bruiser 1 Orb","floor":39,"turns":7},{"damage":38,"enemies":"2 Orb Walkers","floor":41,"turns":6},{"damage":21,"enemies":"Sphere and 2 Shapes","floor":45,"turns":7},{"damage":5,"enemies":"Maw","floor":48,"turns":8},{"damage":19,"enemies":"Donu and Deca","floor":50,"turns":10}],"seed_played":"7190048781020708071","potions_obtained":[{"floor":6.0,"key":"SpeedPotion"},{"floor":8.0,"key":"GhostInAJar"},{"floor":11.0,"key":"PowerPotion"},{"floor":29.0,"key":"GhostInAJar"},{"floor":33.0,"key":"GhostInAJar"}],"is_trial":false,"path_per_floor":["M","M","$","?","M","E","R","M","T","M","?","R","M","M","R","B",null,"M","$","M","?","?","R","E","M","T","?","?","E","?","M","R","B",null,"M","$","?","?","M","R","E","R","T","?","M","?","?","M","R","B"],"character_chosen":"THE_SILENT","items_purchased":["Noxious Fumes","Vajra"],"campfire_rested":3,"item_purchase_floors":[19,36],"current_hp_per_floor":[62,62,62,67,65,43,43,43,43,38,31,31,22,22,44,41,75,69,69,66,66,66,66,66,66,66,66,66,26,26,23,45,42,75,72,72,63,63,63,63,25,47,47,47,26,75,75,70,70,51],"gold":0,"neow_bonus":"HUNDRED_GOLD","is_prod":false,"is_daily":false,"chose_seed":false,"campfire_upgraded":5,"win_rate":0,"timestamp":1533348827,"path_taken":["M","M","$","?","M","E","R","M","T","M","?","R","M","M","R","BOSS","M","$","M","?","?","R","E","M","T","?","?","E","?","M","R","BOSS","M","?","?","?","M","R","E","R","T","?","M","?","?","M","R","BOSS"],"build_version":"2018-08-02","purchased_purges":1,"victory":true,"max_hp_per_floor":[70,70,70,75,75,75,75,75,75,75,75,75,75,75,75,75,75,75,75,75,75,75,75,75,75,75,75,75,75,75,75,75,75,75,75,75,75,75,75,75,75,75,75,75,75,75,75,75,75,75],"card_choices":[{"not_picked":["Blade Dance","Accuracy"],"picked":"Dagger Throw","floor":1.0},{"not_picked":["Crippling Poison","Terror"],"picked":"Poisoned Stab","floor":2.0},{"not_picked":["Sucker Punch","Slice"],"picked":"Dagger Spray","floor":5.0},{"not_picked":["Tactician","Finisher"],"picked":"Accuracy","floor":6.0},{"not_picked":["PiercingWail","Bouncing Flask"],"picked":"Leg Sweep","floor":8.0},{"not_picked":["Acrobatics","Quick Slash"],"picked":"Cloak And Dagger","floor":10.0},{"not_picked":["Slice","Deadly Poison"],"picked":"Cloak And Dagger","floor":11.0},{"not_picked":["Terror","Escape Plan"],"picked":"Deadly Poison","floor":13.0},{"not_picked":["Dodge and Roll","Cloak And Dagger"],"picked":"Backflip","floor":14.0},{"not_picked":["Night Terror","Wraith Form v2"],"picked":"After Image","floor":16.0},{"not_picked":["Setup+1","Quick Slash"],"picked":"Sucker Punch","floor":18.0},{"not_picked":["Choke","Eviscerate"],"picked":"Dagger Spray","floor":20.0},{"not_picked":["Dagger Throw","Choke"],"picked":"Dodge and Roll+1","floor":24.0},{"not_picked":["Slice","Bouncing Flask"],"picked":"Deadly Poison","floor":25.0},{"not_picked":["Choke","Eviscerate"],"picked":"Terror","floor":29.0},{"not_picked":["Tactician","Flechettes"],"picked":"PiercingWail+1","floor":31.0},{"not_picked":["Burst","Tools of the Trade"],"picked":"Malaise","floor":33.0},{"not_picked":["Outmaneuver+1","Acrobatics+1","Prepared"],"picked":"SKIP","floor":35},{"not_picked":["Dagger Throw","Acrobatics"],"picked":"Sucker Punch+1","floor":39},{"not_picked":["Bullet Time","Expertise"],"picked":"Blade Dance","floor":41},{"not_picked":["Flying Knee+1","PiercingWail","Dagger Throw+1"],"picked":"SKIP","floor":45},{"not_picked":["Bouncing Flask+1","Flying Knee","Eviscerate+1"],"picked":"SKIP","floor":48}],"player_experience":199540,"relics_obtained":[{"floor":6.0,"key":"Paper Crane"},{"floor":9.0,"key":"Omamori"},{"floor":11.0,"key":"Whetstone"},{"floor":24.0,"key":"StoneCalendar"},{"floor":26.0,"key":"Bronze Scales"},{"floor":29.0,"key":"Lantern"},{"floor":41,"key":"Snake Skull"},{"floor":43,"key":"Dream Catcher"}],"event_choices":[{"event_name":"Big Fish","player_choice":"Donut","floor":4.0,"damage_taken":0.0},{"event_name":"Dead Adventurer","player_choice":"Searched \u00272\u0027 times","floor":11.0,"damage_taken":0.0},{"event_name":"Beggar","player_choice":"Gave Gold","floor":21.0,"damage_taken":0.0},{"event_name":"Nest","player_choice":"Stole From Cult","floor":22.0,"damage_taken":0.0},{"event_name":"Drug Dealer","player_choice":"Got JAXXED","floor":27.0,"damage_taken":0.0},{"event_name":"WeMeetAgain","player_choice":"Potion","floor":28.0,"damage_taken":0.0},{"event_name":"Vampires","player_choice":"Ignored","floor":30.0,"damage_taken":0.0},{"event_name":"Winding Halls","player_choice":"Embrace Madness","floor":37,"damage_taken":0},{"event_name":"Tomb of Lord Red Mask","player_choice":"Paid","floor":38,"damage_taken":0},{"event_name":"SecretPortal","player_choice":"Rejected Portal.","floor":44,"damage_taken":0},{"event_name":"MindBloom","player_choice":"Heal","floor":46,"damage_taken":0},{"event_name":"Falling","player_choice":"Removed Attack","floor":47,"damage_taken":0}],"is_beta":false,"boss_relics":[{"not_picked":["Black Star","Lizard Tail"],"picked":"Ectoplasm"},{"not_picked":["Tiny House","Busted Crown"],"picked":"Cursed Key"}],"items_purged_floors":[19],"is_endless":false,"potions_floor_spawned":[6,8,11,11,16,20,29,33,39,41],"ascension_level":3}