{"gold_per_floor":[109,89,101,121,138,166,178,194,194,223,223,243,256,256,256,359,359,339,354,171,181,33,33],"floor_reached":23,"playtime":1107,"items_purged":[],"score":207,"play_id":"b82bae99-7ca3-4853-9293-8e012529a7ff","local_time":"20180702215403","is_ascension_mode":false,"campfire_choices":[{"floor":11,"key":"REST"},{"floor":15,"key":"REST"}],"neow_cost":"NONE","seed_source_timestamp":5480346402451111,"circlet_count":0,"master_deck":["Strike_B","Strike_B","Strike_B","Strike_B","Defend_B","Defend_B","Defend_B","Defend_B","Zap","Dualcast","Auto Shields+1","Defragment","Capacitor","Conserve Battery+1","Beam Cell","Barrage","Auto Shields","FTL","Ball Lightning","White Noise","Machine Learning","Defragment","Ball Lightning+1","Self Repair","White Noise+1"],"relics":["Cracked Core","Happy Flower","Boot","War Paint","Runic Pyramid","Dream Catcher","Orichalcum"],"potions_floor_usage":[],"damage_taken":[{"damage":0,"enemies":"2 Louse","floor":1,"turns":3},{"damage":0,"enemies":"Small Slimes","floor":3,"turns":4},{"damage":0,"enemies":"Cultist","floor":4,"turns":3},{"damage":4,"enemies":"Blue Slaver","floor":5,"turns":4},{"damage":22,"enemies":"Lagavulin","floor":6,"turns":8},{"damage":0,"enemies":"Looter","floor":7,"turns":4},{"damage":11,"enemies":"Exordium Wildlife","floor":8,"turns":5},{"damage":22,"enemies":"Gremlin Nob","floor":10,"turns":5},{"damage":8,"enemies":"Lots of Slimes","floor":12,"turns":4},{"damage":0,"enemies":"Red Slaver","floor":13,"turns":3},{"damage":19,"enemies":"Slime Boss","floor":16,"turns":8},{"damage":7,"enemies":"2 Thieves","floor":18,"turns":4},{"damage":7,"enemies":"Spheric Guardian","floor":19,"turns":4},{"damage":19,"enemies":"Chosen and Byrds","floor":21,"turns":6},{"damage":62,"enemies":"Slavers","floor":23,"turns":5}],"seed_played":"-1914152585275068092","potions_obtained":[{"floor":1,"key":"Block Potion"},{"floor":3,"key":"SteroidPotion"},{"floor":7,"key":"Swift Potion"},{"floor":21,"key":"Regen Potion"}],"is_trial":false,"path_per_floor":["M","?","M","M","M","E","M","M","T","E","R","M","M","?","R","B",null,"M","M","$","M","$"],"character_chosen":"DEFECT","items_purchased":["Self Repair","Dream Catcher","Orichalcum"],"campfire_rested":2,"item_purchase_floors":[20,20,22],"current_hp_per_floor":[82,82,82,82,78,56,56,45,45,23,47,39,39,44,70,51,87,80,73,73,61,61,0],"gold":33,"neow_bonus":"TEN_PERCENT_HP_BONUS","is_prod":false,"is_daily":false,"chose_seed":false,"campfire_upgraded":0,"win_rate":0,"timestamp":1530582843,"path_taken":["M","?","?","M","M","E","M","M","T","E","R","M","M","?","R","BOSS","M","?","$","M","?","E"],"build_version":"2018-06-28","purchased_purges":0,"victory":false,"max_hp_per_floor":[82,82,82,82,82,82,82,82,82,82,82,82,82,87,87,87,87,87,87,87,87,87,87],"card_choices":[{"not_picked":["Go for the Eyes","Stack"],"picked":"Auto Shields","floor":1},{"not_picked":["Turbo","Gash"],"picked":"Defragment","floor":3},{"not_picked":["Cold Snap","Compile Driver"],"picked":"Capacitor","floor":4},{"not_picked":["Sweeping Beam","Stack"],"picked":"Conserve Battery","floor":5},{"not_picked":["Amplify","Lockon"],"picked":"Beam Cell","floor":6},{"not_picked":["Turbo","Aggregate"],"picked":"Barrage","floor":7},{"not_picked":["Turbo","Barrage"],"picked":"Auto Shields","floor":8},{"not_picked":["Static Discharge","Reprogram"],"picked":"FTL","floor":10},{"not_picked":["Steam","Compile Driver"],"picked":"Ball Lightning","floor":12},{"not_picked":["Rebound","Blizzard"],"picked":"White Noise","floor":13},{"not_picked":["Core Surge","Reboot"],"picked":"Machine Learning","floor":16},{"not_picked":["Gash","Compile Driver"],"picked":"Defragment","floor":18},{"not_picked":["Stack","Barrage+1"],"picked":"Ball Lightning+1","floor":19},{"not_picked":["Barrage","Turbo"],"picked":"White Noise+1","floor":21}],"player_experience":51347,"relics_obtained":[{"floor":6,"key":"Happy Flower"},{"floor":9,"key":"Boot"},{"floor":10,"key":"War Paint"}],"event_choices":[{"event_name":"World of Goop","player_choice":"Left","floor":2,"damage_taken":0},{"event_name":"Big Fish","player_choice":"Donut","floor":14,"damage_taken":0}],"boss_relics":[{"not_picked":["Busted Crown","White Beast Statue"],"picked":"Runic Pyramid"}],"items_purged_floors":[],"is_endless":false,"potions_floor_spawned":[1,3,7,12,13,18,21],"killed_by":"Slavers","ascension_level":0}