{"gold_per_floor":[13,13,23,23,23,23,34,66,91,91],"floor_reached":10,"playtime":225,"items_purged":[],"score":132,"play_id":"3afdc663-2090-4fd9-8b22-d6922ea9e60e","local_time":"20190618133306","is_ascension_mode":true,"campfire_choices":[{"data":"Neutralize","floor":6.0,"key":"SMITH"}],"neow_cost":"NO_GOLD","seed_source_timestamp":363579423963100,"circlet_count":0,"master_deck":["AscendersBane","Defend_G","Defend_G","Defend_G","Defend_G","Defend_G","Strike_G","Strike_G","Strike_G","Strike_G","Strike_G","Survivor","Neutralize+1","Corpse Explosion","Footwork","Flying Knee","Dagger Spray","Venomology"],"special_seed":0,"relics":["Ring of the Snake","Bag of Marbles","Dream Catcher"],"potions_floor_usage":[],"damage_taken":[{"damage":3.0,"enemies":"2 Louse","floor":1.0,"turns":2.0},{"damage":5.0,"enemies":"Small Slimes","floor":3.0,"turns":3.0},{"damage":4.0,"enemies":"Jaw Worm","floor":7.0,"turns":4.0},{"damage":17.0,"enemies":"Lagavulin","floor":8.0,"turns":9.0},{"damage":62,"enemies":"Gremlin Nob","floor":10,"turns":4}],"seed_played":"4985719437706000065","potions_obtained":[{"floor":7.0,"key":"Energy Potion"}],"is_trial":false,"path_per_floor":["M","?","M","$","?","R","M","E","T","E"],"character_chosen":"THE_SILENT","items_purchased":[],"campfire_rested":0,"item_purchase_floors":[],"current_hp_per_floor":[56,56,51,51,56,56,52,35,35,0],"gold":91,"neow_bonus":"THREE_RARE_CARDS","is_prod":false,"is_daily":false,"chose_seed":false,"campfire_upgraded":1,"win_rate":0,"timestamp":1560861186,"path_taken":["M","?","M","$","?","R","M","E","T","E"],"build_version":"2019-01-23","purchased_purges":0,"victory":false,"max_hp_per_floor":[66,66,66,66,71,71,71,71,71,71],"card_choices":[{"not_picked":["Tools of the Trade","Venomology"],"picked":"Corpse Explosion","floor":0.0},{"not_picked":["Cloak And Dagger","Blur"],"picked":"Footwork","floor":1.0},{"not_picked":["Acrobatics","Accuracy"],"picked":"Flying Knee","floor":3.0},{"not_picked":["Deflect","Quick Slash"],"picked":"Dagger Spray","floor":7.0},{"not_picked":["Backflip","Blade Dance"],"picked":"Venomology","floor":8.0}],"player_experience":1475015,"relics_obtained":[{"floor":8.0,"key":"Bag of Marbles"},{"floor":9.0,"key":"Dream Catcher"}],"event_choices":[{"damage_healed":0.0,"max_hp_gain":0.0,"max_hp_loss":0.0,"gold_gain":0.0,"event_name":"Liars Game","player_choice":"Ignored","floor":2.0,"gold_loss":0.0,"damage_taken":0.0},{"damage_healed":0.0,"max_hp_gain":5.0,"max_hp_loss":0.0,"gold_gain":0.0,"event_name":"Big Fish","player_choice":"Donut","floor":5.0,"gold_loss":0.0,"damage_taken":0.0}],"is_beta":false,"boss_relics":[],"items_purged_floors":[],"is_endless":false,"potions_floor_spawned":[7],"killed_by":"Gremlin Nob","ascension_level":20}