{"gold_per_floor":[117,127,137,155,80,80,106,120,120,148,167,187,187,222,222,295,295,312,312,328,341,341,341,367,367,393,393,405,425,452,463,463,463],"floor_reached":33,"playtime":1148,"items_purged":["Strike_R"],"score":622,"play_id":"6cf1085f-29b4-4f01-a8b5-8face2d75e08","local_time":"20190707121540","is_ascension_mode":true,"campfire_choices":[{"data":"Bash","floor":6.0,"key":"SMITH"},{"floor":13.0,"key":"REST"},{"data":"Immolate","floor":15.0,"key":"SMITH"},{"data":"Infernal Blade","floor":23,"key":"SMITH"},{"data":"Double Tap","floor":32,"key":"SMITH"}],"neow_cost":"PERCENT_DAMAGE","seed_source_timestamp":352633275230800,"circlet_count":0,"master_deck":["AscendersBane","Strike_R","Defend_R","Defend_R","Defend_R","Defend_R","Bash+1","Anger","Battle Trance","Spot Weakness","Sword Boomerang","Sword Boomerang","Flex","Pummel","Impervious","Shrug It Off","Immolate+1","Double Tap+1","Infernal Blade","Infernal Blade+1","Metallicize","Armaments+1","Disarm+1","Immolate"],"special_seed":0,"relics":["Burning Blood","Orichalcum","Question Card","Paper Frog","Bag of Marbles","Sozu","Gremlin Horn","Smiling Mask","Nunchaku"],"potions_floor_usage":[24,24],"damage_taken":[{"damage":0.0,"enemies":"Cultist","floor":1.0,"turns":3.0},{"damage":5.0,"enemies":"2 Louse","floor":2.0,"turns":3.0},{"damage":7.0,"enemies":"Small Slimes","floor":3.0,"turns":3.0},{"damage":14.0,"enemies":"Exordium Thugs","floor":4.0,"turns":4.0},{"damage":30.0,"enemies":"Lagavulin","floor":7.0,"turns":5.0},{"damage":5.0,"enemies":"Gremlin Gang","floor":8.0,"turns":4.0},{"damage":8.0,"enemies":"Gremlin Nob","floor":10.0,"turns":3.0},{"damage":3.0,"enemies":"2 Fungi Beasts","floor":11.0,"turns":2.0},{"damage":1.0,"enemies":"Looter","floor":12.0,"turns":3.0},{"damage":14.0,"enemies":"3 Sentries","floor":14.0,"turns":7.0},{"damage":28.0,"enemies":"Hexaghost","floor":16.0,"turns":9.0},{"damage":6.0,"enemies":"3 Byrds","floor":18.0,"turns":3.0},{"damage":5,"enemies":"2 Thieves","floor":20,"turns":3},{"damage":0,"enemies":"Chosen and Byrds","floor":21,"turns":2},{"damage":4,"enemies":"Slavers","floor":24,"turns":4},{"damage":4,"enemies":"3 Cultists","floor":28,"turns":3},{"damage":0,"enemies":"Shelled Parasite and Fungi","floor":29,"turns":1},{"damage":24,"enemies":"Gremlin Leader","floor":30,"turns":5},{"damage":0,"enemies":"Centurion and Healer","floor":31,"turns":2},{"damage":47,"enemies":"Collector","floor":33,"turns":5}],"seed_played":"-8207490471047081882","potions_obtained":[{"floor":1.0,"key":"Swift Potion"},{"floor":3.0,"key":"Fire Potion"},{"floor":7.0,"key":"Block Potion"}],"is_trial":false,"path_per_floor":["M","M","M","M","$","R","E","M","T","E","M","M","R","E","R","B",null,"M","?","M","M","?","R","E","?","T","?","M","M","E","M","R","B"],"character_chosen":"IRONCLAD","items_purchased":[],"campfire_rested":1,"item_purchase_floors":[],"current_hp_per_floor":[56,57,56,48,48,48,24,25,25,23,26,31,53,45,45,23,62,62,62,63,69,69,69,71,50,50,50,52,58,40,46,46,0],"gold":463,"neow_bonus":"TRANSFORM_TWO_CARDS","is_prod":false,"is_daily":false,"chose_seed":false,"campfire_upgraded":4,"win_rate":0,"timestamp":1562498140,"path_taken":["M","M","M","?","$","R","E","M","T","E","M","?","R","E","R","BOSS","M","?","?","M","?","R","E","?","T","?","?","M","E","M","R","BOSS"],"build_version":"2019-07-05","purchased_purges":1,"victory":false,"max_hp_per_floor":[75,75,75,75,75,75,75,75,75,75,75,75,75,75,75,75,75,75,75,75,75,75,75,75,80,80,80,80,80,80,80,80,80],"card_choices":[{"not_picked":["Battle Trance","Havoc"],"picked":"Spot Weakness","floor":1.0},{"not_picked":["Wild Strike","Fire Breathing"],"picked":"Sword Boomerang","floor":2.0},{"not_picked":["Armaments","Shrug It Off"],"picked":"Sword Boomerang","floor":3.0},{"not_picked":["Body Slam","True Grit"],"picked":"Flex","floor":4.0},{"not_picked":["Sword Boomerang","Dual Wield","Sever Soul"],"picked":"SKIP","floor":7.0},{"not_picked":["Anger","Cleave"],"picked":"Pummel","floor":8.0},{"not_picked":["Twin Strike","Corruption","Burning Pact"],"picked":"Impervious","floor":10.0},{"not_picked":["Clash","Armaments","Sever Soul","Corruption"],"picked":"SKIP","floor":11.0},{"not_picked":["Body Slam","Combust","Ghostly Armor"],"picked":"Shrug It Off","floor":12.0},{"not_picked":["Shrug It Off","Armaments","Sever Soul"],"picked":"Immolate","floor":14.0},{"not_picked":["Dark Embrace","Bludgeon","Brutality"],"picked":"Double Tap","floor":16.0},{"not_picked":["Iron Wave","Headbutt","Rage","Combust"],"picked":"SKIP","floor":18.0},{"not_picked":["Havoc","Armaments","Ghostly Armor"],"picked":"Infernal Blade","floor":20},{"not_picked":["Feel No Pain+1","Headbutt","Twin Strike","True Grit"],"picked":"SKIP","floor":21},{"not_picked":["Armaments","Intimidate","Perfected Strike"],"picked":"Metallicize","floor":24},{"not_picked":["Clothesline","Heavy Blade","Shrug It Off"],"picked":"Armaments+1","floor":28},{"not_picked":["Anger","Infernal Blade","Entrench"],"picked":"Disarm+1","floor":29},{"not_picked":["Body Slam","Havoc","Warcry"],"picked":"Immolate","floor":30},{"not_picked":["Twin Strike","Heavy Blade","Iron Wave","Sword Boomerang"],"picked":"SKIP","floor":31}],"player_experience":1541500,"relics_obtained":[{"floor":7.0,"key":"Orichalcum"},{"floor":9.0,"key":"Question Card"},{"floor":10.0,"key":"Paper Frog"},{"floor":14.0,"key":"Bag of Marbles"},{"floor":24,"key":"Gremlin Horn"},{"floor":26,"key":"Smiling Mask"},{"floor":30,"key":"Nunchaku"}],"event_choices":[{"damage_healed":0,"gold_gain":0,"cards_transformed":["Strike_R"],"player_choice":"Transformed","damage_taken":0,"max_hp_gain":0,"max_hp_loss":0,"event_name":"Transmorgrifier","floor":19,"gold_loss":0,"cards_obtained":["Infernal Blade"]},{"damage_healed":0,"gold_gain":0,"player_choice":"Ignored","damage_taken":0,"max_hp_gain":0,"max_hp_loss":0,"event_name":"Ghosts","floor":22,"gold_loss":0},{"damage_healed":0,"gold_gain":0,"player_choice":"Shed Blood","damage_taken":26,"max_hp_gain":5,"max_hp_loss":0,"event_name":"Forgotten Altar","floor":25,"gold_loss":0},{"damage_healed":0,"gold_gain":0,"player_choice":"Ignored","damage_taken":0,"max_hp_gain":0,"max_hp_loss":0,"event_name":"N\u0027loth","floor":27,"gold_loss":0}],"is_beta":false,"boss_relics":[{"not_picked":["Calling Bell","Runic Pyramid"],"picked":"Sozu"}],"items_purged_floors":[5],"is_endless":false,"potions_floor_spawned":[1,3,7,11,12,16,18,21,29,30],"killed_by":"Collector","ascension_level":20}