{"gold_per_floor":[111,123,48,60,60,60,90,90,116,127,145,164,164,183,183,261,261,278,278,66,66,116,116,66,66,66,66,81,93,43,53,53,53],"floor_reached":33,"playtime":891,"items_purged":["Strike_G","Writhe","Strike_G"],"score":494,"play_id":"8c1a0d82-4b3e-468d-8351-0539d73ed9c1","local_time":"20190501211822","is_ascension_mode":true,"campfire_choices":[{"data":"Bane","floor":6.0,"key":"SMITH"},{"data":"Terror","floor":8.0,"key":"SMITH"},{"floor":13.0,"key":"REST"},{"data":"Dodge and Roll","floor":15.0,"key":"SMITH"},{"data":"Tools of the Trade","floor":23.0,"key":"SMITH"},{"data":"Bouncing Flask","floor":25.0,"key":"SMITH"},{"data":"Bouncing Flask","floor":27.0,"key":"SMITH"},{"floor":32,"key":"REST"}],"neow_cost":"NONE","seed_source_timestamp":701452448357900,"circlet_count":0,"master_deck":["AscendersBane","Defend_G","Defend_G","Defend_G","Defend_G","Defend_G","Strike_G","Strike_G","Survivor","Neutralize+1","Bouncing Flask+1","Dagger Spray+1","Bane+1","Terror+1","Dodge and Roll+1","Bouncing Flask+1","Poisoned Stab","Crippling Poison","Tools of the Trade+1","Bane","Backflip"],"special_seed":0,"relics":["Ring of the Snake","Pen Nib","Smiling Mask","Eternal Feather","Bronze Scales","Mummified Hand","Snake Skull"],"potions_floor_usage":[28],"damage_taken":[{"damage":1.0,"enemies":"Jaw Worm","floor":1.0,"turns":6.0},{"damage":8.0,"enemies":"Small Slimes","floor":2.0,"turns":4.0},{"damage":0.0,"enemies":"Cultist","floor":4.0,"turns":3.0},{"damage":17.0,"enemies":"Lagavulin","floor":7.0,"turns":5.0},{"damage":0.0,"enemies":"Lots of Slimes","floor":10.0,"turns":1.0},{"damage":12.0,"enemies":"Exordium Thugs","floor":11.0,"turns":5.0},{"damage":2.0,"enemies":"Large Slime","floor":12.0,"turns":2.0},{"damage":0.0,"enemies":"Blue Slaver","floor":14.0,"turns":4.0},{"damage":23.0,"enemies":"Slime Boss","floor":16.0,"turns":8.0},{"damage":13.0,"enemies":"Shell Parasite","floor":18.0,"turns":6.0},{"damage":7,"enemies":"2 Thieves","floor":28,"turns":4},{"damage":0,"enemies":"Cultist and Chosen","floor":29,"turns":5},{"damage":32,"enemies":"Snake Plant","floor":31,"turns":5},{"damage":61,"enemies":"Automaton","floor":33,"turns":6}],"seed_played":"4176852482166978291","potions_obtained":[{"floor":1.0,"key":"Dexterity Potion"},{"floor":2.0,"key":"Swift Potion"},{"floor":4.0,"key":"Poison Potion"},{"floor":10.0,"key":"Weak Potion"},{"floor":16.0,"key":"PowerPotion"},{"floor":18.0,"key":"Strength Potion"},{"floor":29,"key":"GamblersBrew"}],"is_trial":false,"path_per_floor":["M","M","?","M","?","R","E","R","T","M","M","M","R","M","R","B",null,"M","?","$","?","?","R","$","R","T","R","M","M","$","M","R","B"],"character_chosen":"THE_SILENT","items_purchased":["Bronze Scales"],"campfire_rested":2,"item_purchase_floors":[20],"current_hp_per_floor":[58,50,50,50,50,50,33,33,33,33,21,19,38,38,38,15,53,40,40,40,40,40,52,52,64,64,66,59,59,59,27,58,0],"gold":53,"neow_bonus":"UPGRADE_CARD","is_prod":false,"is_daily":false,"chose_seed":false,"campfire_upgraded":6,"win_rate":0,"timestamp":1556741902,"path_taken":["M","M","?","M","?","R","E","R","T","?","M","M","R","?","R","BOSS","M","?","$","?","?","R","$","R","T","R","M","M","?","M","R","BOSS"],"build_version":"2019-01-23","purchased_purges":3,"victory":false,"max_hp_per_floor":[66,66,66,66,66,66,66,66,66,66,66,66,66,66,66,66,66,66,66,66,66,66,66,66,66,66,66,66,66,66,66,66,66],"card_choices":[{"not_picked":["PiercingWail","Accuracy"],"picked":"Bouncing Flask","floor":1.0},{"not_picked":["Reflex","Terror"],"picked":"Dagger Spray","floor":2.0},{"not_picked":["Predator","Tactician"],"picked":"Bane","floor":4.0},{"not_picked":["Concentrate","Wraith Form v2"],"picked":"Terror","floor":7.0},{"not_picked":["Finisher","Prepared"],"picked":"Dodge and Roll","floor":10.0},{"not_picked":["Dagger Throw","All Out Attack"],"picked":"Bouncing Flask","floor":11.0},{"not_picked":["Dodge and Roll","Dagger Spray"],"picked":"Poisoned Stab","floor":12.0},{"not_picked":["Backflip","Deadly Poison"],"picked":"Crippling Poison","floor":14.0},{"not_picked":["Venomology","Storm of Steel"],"picked":"Tools of the Trade","floor":16.0},{"not_picked":["Quick Slash","Dagger Spray"],"picked":"Bane","floor":18.0},{"not_picked":["Quick Slash","Poisoned Stab"],"picked":"Backflip","floor":28},{"not_picked":["PiercingWail","Dagger Spray","Flying Knee"],"picked":"SKIP","floor":29},{"not_picked":["Quick Slash","PiercingWail","Outmaneuver"],"picked":"SKIP","floor":31}],"player_experience":1329913,"relics_obtained":[{"floor":7.0,"key":"Pen Nib"},{"floor":9.0,"key":"Smiling Mask"},{"floor":26.0,"key":"Snake Skull"}],"event_choices":[{"cards_removed":["Strike_G"],"damage_healed":0.0,"max_hp_gain":0.0,"max_hp_loss":0.0,"gold_gain":0.0,"event_name":"The Cleric","player_choice":"Card Removal","floor":3.0,"gold_loss":75.0,"damage_taken":0.0},{"damage_healed":0.0,"max_hp_gain":0.0,"max_hp_loss":0.0,"gold_gain":0.0,"event_name":"Upgrade Shrine","player_choice":"Upgraded","floor":5.0,"gold_loss":0.0,"damage_taken":0.0,"cards_upgraded":["Dagger Spray"]},{"damage_healed":0.0,"max_hp_gain":0.0,"max_hp_loss":0.0,"gold_gain":0.0,"event_name":"Ghosts","player_choice":"Ignored","floor":19.0,"gold_loss":0.0,"damage_taken":0.0},{"damage_healed":0.0,"max_hp_gain":0.0,"max_hp_loss":0.0,"gold_gain":0.0,"event_name":"The Mausoleum","player_choice":"Opened","floor":21.0,"gold_loss":0.0,"damage_taken":0.0,"relics_obtained":["Mummified Hand"],"cards_obtained":["Writhe"]},{"damage_healed":0.0,"max_hp_gain":0.0,"max_hp_loss":0.0,"gold_gain":50.0,"event_name":"Nest","player_choice":"Stole From Cult","floor":22.0,"gold_loss":0.0,"damage_taken":0.0}],"is_beta":false,"boss_relics":[{"not_picked":["Runic Pyramid","Black Star"],"picked":"Eternal Feather"}],"items_purged_floors":[20,24,30],"is_endless":false,"potions_floor_spawned":[1,2,4,10,14,16,18,29],"killed_by":"Automaton","ascension_level":20}