{"gold_per_floor":[109,34,48,48,48,48,81,81,81,81,95,95,45,78,78,176,176,188,188,188,113,213,246,259,259,259,259,288,288,67,85,85,180,180,199,216,116,116,216,216],"floor_reached":40,"playtime":1258,"items_purged":["Strike_B","Defend_B"],"score":499,"play_id":"debd1f97-08fc-4ff8-9355-0b9d6148d6bd","local_time":"20190115223925","is_ascension_mode":true,"campfire_choices":[{"floor":6,"key":"REST"},{"floor":8,"key":"REST"},{"data":"Dualcast","floor":10,"key":"SMITH"},{"data":"Self Repair","floor":12,"key":"SMITH"},{"data":"Zap","floor":15,"key":"SMITH"},{"floor":25,"key":"REST"},{"floor":27,"key":"REST"},{"floor":29,"key":"REST"},{"floor":32,"key":"REST"}],"neow_cost":"NONE","seed_source_timestamp":507967604316883,"circlet_count":0,"master_deck":["Strike_B+1","Strike_B+1","Zap+1","Dualcast+1","Hologram","Go for the Eyes","Rebound","Self Repair+1","All For One","Double Energy+1","Chaos+1","Doom and Gloom+1","Gash","Electrodynamics","Cold Snap+1","Go for the Eyes+1","Coolheaded","Streamline+1","Ball Lightning+1","Auto Shields","Core Surge+1","Redo+1","Leap","Coolheaded","Tempest","Jack Of All Trades"],"relics":["Cracked Core","NeowsBlessing","Torii","WingedGreaves","Pear","Strawberry","Astrolabe","Molten Egg 2","Dodecahedron","Darkstone Periapt","Inserter","FossilizedHelix"],"potions_floor_usage":[16,33],"damage_taken":[{"damage":0,"enemies":"2 Louse","floor":1,"turns":1},{"damage":0,"enemies":"Small Slimes","floor":3,"turns":1},{"damage":0,"enemies":"Lagavulin","floor":7,"turns":1},{"damage":0,"enemies":"Jaw Worm","floor":11,"turns":3},{"damage":11,"enemies":"Gremlin Nob","floor":14,"turns":4},{"damage":47,"enemies":"The Guardian","floor":16,"turns":9},{"damage":20,"enemies":"2 Thieves","floor":18,"turns":2},{"damage":42,"enemies":"Book of Stabbing","floor":23,"turns":6},{"damage":9,"enemies":"Shell Parasite","floor":24,"turns":3},{"damage":26,"enemies":"Slavers","floor":28,"turns":3},{"damage":17,"enemies":"Shelled Parasite and Fungi","floor":31,"turns":4},{"damage":45,"enemies":"Champ","floor":33,"turns":10},{"damage":8,"enemies":"3 Shapes","floor":35,"turns":3},{"damage":33,"enemies":"3 Darklings","floor":36,"turns":3},{"damage":7,"enemies":"Mind Bloom Boss Battle","floor":39,"turns":7},{"damage":67,"enemies":"Giant Head","floor":40,"turns":8}],"seed_played":"6337779222313838024","potions_obtained":[{"floor":3,"key":"FearPotion"},{"floor":11,"key":"SteroidPotion"},{"floor":14,"key":"SmokeBomb"},{"floor":24,"key":"Ancient Potion"},{"floor":39,"key":"Weak Potion"}],"is_trial":false,"path_per_floor":["M","$","M","?","?","R","E","R","T","R","M","R","?","E","R","B",null,"M","?","?","?","?","E","M","R","T","R","E","R","$","M","R","B",null,"M","M","$","?","?","E"],"character_chosen":"DEFECT","items_purchased":["Coolheaded","Streamline+1","Ball Lightning+1","Coolheaded","Tempest"],"campfire_rested":6,"item_purchase_floors":[30,30,30,37,37],"current_hp_per_floor":[75,75,75,60,35,57,57,75,85,85,85,85,85,91,91,61,92,72,54,54,54,54,22,23,52,52,81,55,84,84,77,97,52,97,89,56,56,56,59,0],"gold":216,"neow_bonus":"THREE_ENEMY_KILL","is_prod":false,"is_daily":false,"chose_seed":false,"campfire_upgraded":3,"win_rate":0,"timestamp":1547620765,"path_taken":["M","$","M","?","?","R","E","R","T","R","M","R","?","E","R","BOSS","M","?","?","?","?","E","M","R","T","R","E","R","$","M","R","BOSS","M","M","$","?","?","E"],"build_version":"2019-01-10","purchased_purges":2,"victory":false,"max_hp_per_floor":[75,75,75,75,75,75,75,75,85,85,85,85,85,92,92,92,92,92,97,97,97,97,97,97,97,97,97,97,97,97,97,97,97,97,97,97,97,97,97,97],"card_choices":[{"not_picked":["BootSequence","Go for the Eyes"],"picked":"Hologram","floor":1},{"not_picked":["Compile Driver","Hologram"],"picked":"Go for the Eyes","floor":3},{"not_picked":["Compile Driver","Go for the Eyes"],"picked":"Rebound","floor":7},{"not_picked":["Gash","Double Energy"],"picked":"Self Repair","floor":11},{"not_picked":["Compile Driver","Turbo"],"picked":"Self Repair","floor":14},{"not_picked":["Biased Cognition","Multi-Cast"],"picked":"All For One","floor":16},{"not_picked":["Lockon","Melter+1"],"picked":"Gash","floor":18},{"not_picked":["Go for the Eyes","Leap"],"picked":"Electrodynamics","floor":23},{"not_picked":["Doom and Gloom+1","Turbo"],"picked":"Cold Snap+1","floor":24},{"not_picked":["Conserve Battery","Aggregate+1"],"picked":"Go for the Eyes+1","floor":28},{"not_picked":["Turbo","Fusion+1"],"picked":"Auto Shields","floor":31},{"not_picked":["Thunder Strike+1","Seek"],"picked":"Core Surge+1","floor":33},{"not_picked":["Hologram","Reinforced Body+1"],"picked":"Redo+1","floor":35},{"not_picked":["Compile Driver+1","Steam"],"picked":"Leap","floor":36},{"not_picked":["Good Instincts","Dark Shackles"],"picked":"Jack Of All Trades","floor":38}],"player_experience":138102,"relics_obtained":[{"floor":7,"key":"WingedGreaves"},{"floor":9,"key":"Pear"},{"floor":14,"key":"Strawberry"},{"floor":23,"key":"Molten Egg 2"},{"floor":26,"key":"Dodecahedron"},{"floor":28,"key":"Darkstone Periapt"},{"floor":39,"key":"FossilizedHelix"}],"event_choices":[{"damage_healed":0,"gold_gain":0,"player_choice":"Entered Light","damage_taken":15,"max_hp_gain":0,"max_hp_loss":0,"event_name":"Shining Light","floor":4,"gold_loss":0,"cards_upgraded":["Strike_B","Strike_B"]},{"damage_healed":0,"gold_gain":0,"player_choice":"Success","damage_taken":25,"relics_obtained":["Torii"],"max_hp_gain":0,"max_hp_loss":0,"event_name":"Scrap Ooze","floor":5,"gold_loss":0},{"cards_removed":["Defend_B"],"damage_healed":0,"gold_gain":0,"player_choice":"Card Removal","damage_taken":0,"max_hp_gain":0,"max_hp_loss":0,"event_name":"The Cleric","floor":13,"gold_loss":50},{"damage_healed":0,"gold_gain":0,"player_choice":"Shed Blood","damage_taken":23,"max_hp_gain":5,"max_hp_loss":0,"event_name":"Forgotten Altar","floor":19,"gold_loss":0},{"damage_healed":0,"gold_gain":0,"player_choice":"Ignored","damage_taken":0,"max_hp_gain":0,"max_hp_loss":0,"event_name":"Vampires","floor":20,"gold_loss":0},{"cards_removed":["Defend_B"],"damage_healed":0,"gold_gain":0,"player_choice":"Gave Gold","damage_taken":0,"max_hp_gain":0,"max_hp_loss":0,"event_name":"Beggar","floor":21,"gold_loss":75},{"damage_healed":0,"gold_gain":100,"player_choice":"Pray","damage_taken":0,"max_hp_gain":0,"max_hp_loss":0,"event_name":"Golden Shrine","floor":22,"gold_loss":0},{"damage_healed":0,"gold_gain":0,"player_choice":"Memory 1","damage_taken":0,"max_hp_gain":0,"max_hp_loss":0,"event_name":"SensoryStone","floor":38,"gold_loss":0},{"damage_healed":0,"gold_gain":0,"player_choice":"Fight","damage_taken":0,"max_hp_gain":0,"max_hp_loss":0,"event_name":"MindBloom","floor":39,"gold_loss":0}],"is_beta":false,"boss_relics":[{"not_picked":["Velvet Choker","Orrery"],"picked":"Astrolabe"},{"not_picked":["Sozu","Runic Pyramid"],"picked":"Inserter"}],"items_purged_floors":[2,30],"is_endless":false,"potions_floor_spawned":[3,11,14,24,28,39],"killed_by":"Giant Head","ascension_level":1}