{"path_per_floor":["M","$","?","$","M","E","?","R","T","$","R","T","R","M","R","B",null,"M","$","?","M","$","E","R","?","T","R","M","$","?","M","R"],"character_chosen":"IRONCLAD","items_purchased":["Jack Of All Trades"],"gold_per_floor":[115,40,40,40,56,82,82,82,105,5,5,5,5,19,19,123,123,133,8,8,27,27,59,59,59,113,113,125,36,36,47,47],"floor_reached":33,"campfire_rested":4,"playtime":1690,"current_hp_per_floor":[79,79,79,79,79,35,35,59,59,59,80,80,80,80,80,23,80,50,50,50,50,50,18,42,42,42,66,53,53,79,71,71],"items_purged":["Strike_R","Regret","Warcry"],"gold":47,"play_id":"cc0e6ddb-9f36-4790-a243-7d41f804a6f2","is_prod":false,"is_daily":false,"is_ascension_mode":false,"campfire_upgraded":3,"path_taken":["M","$","?","?","M","E","?","R","T","$","R","?","R","M","R","BOSS","M","$","?","M","$","E","R","?","T","R","?","$","?","M","R","BOSS"],"build_version":"2018-02-01-PROD3","purchased_purges":3,"victory":false,"master_deck":["Strike_R","Strike_R","Strike_R","Strike_R","Defend_R","Defend_R","Defend_R","Defend_R","Bash","Searing Blow+2","Iron Wave","Inflame","Double Tap+1","Metallicize+1","Bloodletting+1","Shrug It Off","Jack Of All Trades","Dropkick"],"max_hp_per_floor":[80,80,80,80,80,80,80,80,80,80,80,80,80,80,80,80,80,80,80,80,80,80,80,80,80,80,80,80,80,80,80,80],"relics":["Question Card","Oddly Smooth Stone","Vajra","Bag of Preparation","Omamori","Sozu","Meat on the Bone","Paper Frog","Prayer Wheel"],"card_choices":[{"not_picked":["Pummel","Fire Breathing","Body Slam"],"picked":"Searing Blow"},{"not_picked":["Warcry","Twin Strike","Clothesline"],"picked":"Iron Wave"},{"not_picked":["Flex","Warcry","Iron Wave"],"picked":"Inflame"},{"not_picked":["Burning Pact","Uppercut","Brutality"],"picked":"Warcry"},{"not_picked":["Brutality","Offering","Juggernaut"],"picked":"Double Tap"},{"not_picked":["Clash","Sever Soul","Heavy Blade"],"picked":"Metallicize"},{"not_picked":["Havoc","Hemokinesis","Wild Strike"],"picked":"Bloodletting"},{"not_picked":["Rupture","Iron Wave","Berserk"],"picked":"Shrug It Off"},{"not_picked":["Iron Wave","True Grit","Bloodletting"],"picked":"Dropkick"}],"player_experience":62025,"potions_floor_usage":[16],"damage_taken":[{"damage":1,"enemies":"Cultist","floor":1,"turns":4},{"damage":0,"enemies":"2 Louse","floor":5,"turns":2},{"damage":44,"enemies":"3 Sentries","floor":6,"turns":14},{"damage":0,"enemies":"Jaw Worm","floor":14,"turns":4},{"damage":57,"enemies":"Slime Boss","floor":16,"turns":12},{"damage":30,"enemies":"Shell Parasite","floor":18,"turns":5},{"damage":12,"enemies":"Spheric Guardian","floor":21,"turns":4},{"damage":44,"enemies":"Book of Stabbing","floor":23,"turns":7},{"damage":13,"enemies":"3 Cultists","floor":28,"turns":6},{"damage":8,"enemies":"Cultist and Chosen","floor":31,"turns":8},{"damage":84,"enemies":"Champ","floor":33,"turns":8}],"event_choices":[{"event_name":"Big Fish","player_choice":"Box","floor":3,"damage_taken":0},{"event_name":"Liars Game","player_choice":"disagreed","floor":7,"damage_taken":0},{"event_name":"The Mausoleum","player_choice":"Yes","floor":20,"damage_taken":0},{"event_name":"Drug Dealer","player_choice":"Ignored","floor":25,"damage_taken":0},{"event_name":"The Library","player_choice":"Heal","floor":30,"damage_taken":0}],"boss_relics":[{"not_picked":["Calling Bell","Cursed Key"],"picked":"Sozu"}],"potions_floor_spawned":[1,14,18,21,28],"seed_played":"5066737182674078978","killed_by":"Champ","ascension_level":0,"is_trial":false}