{"gold_per_floor":[110,35,35,35,35,35,64,125,125,135,166,241,273,293,293,372,372,384,434,414,430,457,489,505,531,531,531,531,210,243,71,71,145,145,157,157,157,11,233,268,268,40,40,40],"floor_reached":44,"playtime":1381,"items_purged":["Strike_B","Regret"],"score":1183,"play_id":"277073a4-95b5-47a4-89cc-c3a0f7068090","local_time":"20190708082700","is_ascension_mode":true,"campfire_choices":[{"data":"Ball Lightning","floor":6.0,"key":"SMITH"},{"floor":15.0,"key":"REST"},{"floor":28.0,"key":"REST"},{"data":"Loop","floor":32.0,"key":"SMITH"},{"floor":41,"key":"REST"}],"neow_cost":"NONE","seed_source_timestamp":2098774772861200,"circlet_count":0,"master_deck":["AscendersBane","Zap","Dualcast","Ball Lightning+1","BootSequence","Conserve Battery","Leap","Reboot","Leap","Chaos","Biased Cognition","Chaos","Cold Snap","Chill","Chill","Aggregate","Ball Lightning","Doom and Gloom","Loop+1","FTL+1","Tempest+1","Loop","Chill","Glacier"],"special_seed":0,"relics":["Cracked Core","NeowsBlessing","Letter Opener","Kunai","Mercury Hourglass","Pantograph","Incense Burner","Cables","Pandora\u0027s Box","Red Mask","Bottled Tornado","WingedGreaves","Pear","PrismaticShard","Mango","PreservedInsect","Snecko Eye","Sundial","Lee\u0027s Waffle"],"potions_floor_usage":[40],"damage_taken":[{"damage":0.0,"enemies":"Cultist","floor":1.0,"turns":1.0},{"damage":0.0,"enemies":"3 Sentries","floor":7.0,"turns":1.0},{"damage":0.0,"enemies":"Lagavulin Event","floor":8.0,"turns":1.0},{"damage":0.0,"enemies":"Jaw Worm","floor":10.0,"turns":2.0},{"damage":12.0,"enemies":"Gremlin Nob","floor":11.0,"turns":3.0},{"damage":13.0,"enemies":"Lagavulin","floor":13.0,"turns":6.0},{"damage":1.0,"enemies":"Small Slimes","floor":14.0,"turns":2.0},{"damage":10.0,"enemies":"Slime Boss","floor":16.0,"turns":8.0},{"damage":11.0,"enemies":"Shell Parasite","floor":18.0,"turns":3.0},{"damage":0.0,"enemies":"Spheric Guardian","floor":21.0,"turns":3.0},{"damage":2.0,"enemies":"Masked Bandits","floor":22.0,"turns":3.0},{"damage":1.0,"enemies":"Book of Stabbing","floor":23.0,"turns":4.0},{"damage":5.0,"enemies":"Cultist and Chosen","floor":24.0,"turns":3.0},{"damage":2.0,"enemies":"Gremlin Leader","floor":25.0,"turns":6.0},{"damage":9.0,"enemies":"Book of Stabbing","floor":30.0,"turns":5.0},{"damage":64.0,"enemies":"Automaton","floor":33.0,"turns":8.0},{"damage":32.0,"enemies":"3 Darklings","floor":35.0,"turns":5.0},{"damage":18,"enemies":"Reptomancer","floor":40,"turns":5},{"damage":108,"enemies":"Giant Head","floor":44,"turns":7}],"seed_played":"-1493926866687249867","potions_obtained":[{"floor":1.0,"key":"Ancient Potion"},{"floor":8.0,"key":"Ancient Potion"},{"floor":10.0,"key":"Swift Potion"},{"floor":13.0,"key":"Dexterity Potion"},{"floor":14.0,"key":"AttackPotion"},{"floor":18.0,"key":"FocusPotion"},{"floor":30.0,"key":"Explosive Potion"},{"floor":40,"key":"Fire Potion"}],"is_trial":false,"path_per_floor":["M","$","?","$","?","R","E","?","T","M","E","?","E","M","R","B",null,"M","?","?","M","?","E","M","E","T","?","R","$","E","$","R","B",null,"M","?","?","$","?","E","R","$","T","E"],"character_chosen":"DEFECT","items_purchased":["PrismaticShard","PreservedInsect","Glacier","Energy Potion","Lee\u0027s Waffle"],"campfire_rested":3,"item_purchase_floors":[29,31,38,38,42],"current_hp_per_floor":[64,64,64,64,43,43,43,43,43,43,31,20,7,6,27,42,64,53,53,53,53,51,50,45,43,53,30,55,55,60,60,60,21,80,48,48,48,48,48,30,58,102,102,0],"gold":40,"neow_bonus":"THREE_ENEMY_KILL","is_prod":false,"is_daily":false,"chose_seed":false,"campfire_upgraded":2,"win_rate":0,"timestamp":1562599620,"path_taken":["M","?","?","$","?","R","E","?","T","M","E","?","E","M","R","BOSS","M","?","?","?","?","E","M","E","T","?","R","$","E","$","R","BOSS","M","?","?","$","?","E","R","$","T","E"],"build_version":"2019-07-05","purchased_purges":2,"victory":false,"max_hp_per_floor":[71,71,71,71,71,71,71,71,71,71,71,71,71,71,71,71,71,71,71,71,71,71,71,71,71,81,86,86,86,100,100,100,100,100,100,95,95,95,95,95,95,102,102,102],"card_choices":[{"not_picked":["Capacitor","Go for the Eyes"],"picked":"Ball Lightning","floor":1.0},{"not_picked":["Meteor Strike","Fusion"],"picked":"BootSequence","floor":7.0},{"not_picked":["Fusion","Aggregate"],"picked":"Conserve Battery","floor":8.0},{"not_picked":["Double Energy","Stack"],"picked":"Leap","floor":10.0},{"not_picked":["Scrape","Auto Shields"],"picked":"Reboot","floor":11.0},{"not_picked":["Stack","Beam Cell"],"picked":"Leap","floor":13.0},{"not_picked":["Beam Cell","Consume"],"picked":"Chaos","floor":14.0},{"not_picked":["Amplify","Machine Learning"],"picked":"Biased Cognition","floor":16.0},{"not_picked":["Hologram","Consume"],"picked":"Loop","floor":18.0},{"not_picked":["Capacitor","Rip and Tear"],"picked":"FTL+1","floor":21.0},{"not_picked":["Leap+1","Melter"],"picked":"Redo+1","floor":22.0},{"not_picked":["Ball Lightning","Sweeping Beam"],"picked":"Tempest+1","floor":23.0},{"not_picked":["Doom and Gloom","Hologram"],"picked":"Loop","floor":24.0},{"not_picked":["Hello World","Recycle","Redo"],"picked":"SKIP","floor":25.0},{"not_picked":["Outmaneuver","Combust"],"picked":"Chill","floor":30.0},{"not_picked":["Hologram+1","Sword Boomerang","Dark Shackles"],"picked":"SKIP","floor":35.0},{"not_picked":["Madness","Cold Snap+1","Redo"],"picked":"SKIP","floor":40}],"player_experience":1236684,"relics_obtained":[{"floor":7.0,"key":"Kunai"},{"floor":9.0,"key":"Pantograph"},{"floor":11.0,"key":"Incense Burner"},{"floor":13.0,"key":"Cables"},{"floor":22.0,"key":"Red Mask"},{"floor":23.0,"key":"Bottled Tornado"},{"floor":25.0,"key":"WingedGreaves"},{"floor":26.0,"key":"Pear"},{"floor":30.0,"key":"Mango"},{"floor":40,"key":"Sundial"}],"event_choices":[{"damage_healed":0.0,"max_hp_gain":0.0,"max_hp_loss":0.0,"gold_gain":0.0,"event_name":"Big Fish","player_choice":"Box","floor":3.0,"gold_loss":0.0,"damage_taken":0.0,"relics_obtained":["Letter Opener"],"cards_obtained":["Regret"]},{"damage_healed":0.0,"max_hp_gain":0.0,"max_hp_loss":0.0,"gold_gain":0.0,"event_name":"Shining Light","player_choice":"Entered Light","floor":5.0,"gold_loss":0.0,"damage_taken":21.0,"cards_upgraded":["Defend_B","Strike_B"]},{"damage_healed":0.0,"max_hp_gain":0.0,"max_hp_loss":0.0,"gold_gain":30.0,"event_name":"Dead Adventurer","player_choice":"Searched \u00273\u0027 times","floor":8.0,"gold_loss":0.0,"damage_taken":0.0,"relics_obtained":["Mercury Hourglass"]},{"damage_healed":0.0,"max_hp_gain":0.0,"max_hp_loss":0.0,"gold_gain":75.0,"event_name":"World of Goop","player_choice":"Gather Gold","floor":12.0,"gold_loss":0.0,"damage_taken":11.0},{"damage_healed":0.0,"max_hp_gain":0.0,"max_hp_loss":0.0,"gold_gain":50.0,"event_name":"Nest","player_choice":"Stole From Cult","floor":19.0,"gold_loss":0.0,"damage_taken":0.0},{"damage_healed":0.0,"max_hp_gain":0.0,"max_hp_loss":0.0,"gold_gain":0.0,"event_name":"The Woman in Blue","player_choice":"Bought 1 Potion","floor":20.0,"gold_loss":0.0,"damage_taken":0.0},{"damage_healed":0.0,"max_hp_gain":0.0,"max_hp_loss":0.0,"gold_gain":0.0,"event_name":"Masked Bandits","player_choice":"Fought Bandits","floor":22.0,"gold_loss":0.0,"damage_taken":0.0},{"damage_healed":0.0,"max_hp_gain":5.0,"max_hp_loss":0.0,"gold_gain":0.0,"event_name":"Forgotten Altar","player_choice":"Shed Blood","floor":27.0,"gold_loss":0.0,"damage_taken":28.0},{"damage_healed":0.0,"max_hp_gain":0.0,"max_hp_loss":5.0,"gold_gain":0.0,"event_name":"Winding Halls","player_choice":"Max HP","floor":36.0,"gold_loss":0.0,"damage_taken":0.0},{"cards_removed":["Redo"],"damage_healed":0.0,"max_hp_gain":0.0,"max_hp_loss":0.0,"gold_gain":0.0,"event_name":"Falling","player_choice":"Removed Skill","floor":37.0,"gold_loss":0.0,"damage_taken":0.0},{"damage_healed":0.0,"max_hp_gain":0.0,"max_hp_loss":0.0,"gold_gain":222.0,"event_name":"Tomb of Lord Red Mask","player_choice":"Wore Mask","floor":39.0,"gold_loss":0.0,"damage_taken":0.0}],"is_beta":false,"boss_relics":[{"not_picked":["Fusion Hammer","White Beast Statue"],"picked":"Pandora\u0027s Box"},{"not_picked":["Runic Pyramid","Busted Crown"],"picked":"Snecko Eye"}],"items_purged_floors":[2,29],"is_endless":false,"potions_floor_spawned":[1,8,10,13,14,18,21,22,30,40],"killed_by":"Giant Head","ascension_level":20}