{"gold_per_floor":[118,118,51,64,64,95,115,190,190,190,39,39,39,69,69,167,167,185,195,195,195,214,214,231,231,310,338,338,351,121,137,137,233,233,243,243,256,274,274,274,306,306,353,371,397,414,337,356,356,356],"floor_reached":51,"playtime":1018,"items_purged":["Strike_R"],"score":787,"play_id":"b53ee73d-d842-4e79-8b2d-10c4eb94b592","local_time":"20190707010818","is_ascension_mode":false,"campfire_choices":[{"data":"Perfected Strike","floor":13.0,"key":"SMITH"},{"data":"Bash","floor":15.0,"key":"SMITH"},{"data":"Spot Weakness","floor":23.0,"key":"SMITH"},{"data":"Perfected Strike","floor":25.0,"key":"SMITH"},{"data":"Feel No Pain","floor":32.0,"key":"SMITH"},{"data":"Double Tap","floor":40.0,"key":"SMITH"},{"data":"Fiend Fire","floor":42.0,"key":"SMITH"},{"data":"Flame Barrier","floor":49,"key":"SMITH"}],"neow_cost":"NONE","seed_source_timestamp":6093203346396144,"circlet_count":0,"master_deck":["Strike_R","Strike_R","Defend_R","Defend_R","Defend_R","Defend_R","Bash+1","Iron Wave","Feel No Pain+1","Flame Barrier+1","Perfected Strike+1","Reckless Charge","Spot Weakness+1","Wild Strike","Reaper+1","Battle Trance+1","Perfected Strike+1","Twin Strike+1","Evolve+1","Twin Strike+1","Dropkick","Havoc+1","Headbutt","Double Tap+1","Carnage","Clothesline","Fiend Fire+1","Twin Strike+1","Perfected Strike+1","Carnage"],"special_seed":0,"relics":["Burning Blood","NeowsBlessing","Shuriken","Red Skull","Bag of Marbles","Nunchaku","Coffee Dripper","Paper Frog","PreservedInsect","Snecko Eye","Juzu Bracelet","Blood Vial","Whetstone"],"potions_floor_usage":[50],"damage_taken":[{"damage":0.0,"enemies":"Jaw Worm","floor":1.0,"turns":1.0},{"damage":0.0,"enemies":"Cultist","floor":4.0,"turns":1.0},{"damage":0.0,"enemies":"Lagavulin","floor":6.0,"turns":1.0},{"damage":0.0,"enemies":"Small Slimes","floor":7.0,"turns":3.0},{"damage":17.0,"enemies":"Gremlin Gang","floor":12.0,"turns":2.0},{"damage":25.0,"enemies":"Gremlin Nob","floor":14.0,"turns":4.0},{"damage":26.0,"enemies":"Slime Boss","floor":16.0,"turns":9.0},{"damage":15.0,"enemies":"2 Thieves","floor":18.0,"turns":4.0},{"damage":10.0,"enemies":"Chosen","floor":19.0,"turns":4.0},{"damage":15.0,"enemies":"Snake Plant","floor":22.0,"turns":3.0},{"damage":15.0,"enemies":"Cultist and Chosen","floor":24.0,"turns":4.0},{"damage":56.0,"enemies":"Gremlin Leader","floor":27.0,"turns":6.0},{"damage":0.0,"enemies":"Snecko","floor":29.0,"turns":2.0},{"damage":0.0,"enemies":"Chosen and Byrds","floor":31.0,"turns":3.0},{"damage":35.0,"enemies":"Champ","floor":33.0,"turns":6.0},{"damage":11.0,"enemies":"3 Shapes","floor":35.0,"turns":2.0},{"damage":12.0,"enemies":"3 Darklings","floor":37.0,"turns":2.0},{"damage":13.0,"enemies":"Maw","floor":38.0,"turns":6.0},{"damage":29.0,"enemies":"Reptomancer","floor":41.0,"turns":4.0},{"damage":24.0,"enemies":"Jaw Worm Horde","floor":44.0,"turns":3.0},{"damage":6.0,"enemies":"Nemesis","floor":45.0,"turns":3.0},{"damage":16.0,"enemies":"Spire Growth","floor":46.0,"turns":3.0},{"damage":25.0,"enemies":"Maw","floor":48.0,"turns":4.0},{"damage":47,"enemies":"Donu and Deca","floor":50,"turns":5}],"seed_played":"-1437587460878981576","potions_obtained":[{"floor":2.0,"key":"SkillPotion"},{"floor":2.0,"key":"Weak Potion"},{"floor":2.0,"key":"SmokeBomb"},{"floor":18.0,"key":"GamblersBrew"}],"is_trial":false,"path_per_floor":["M","?","$","M","?","E","M","?","T","?","$","M","R","E","R","B",null,"M","M","?","?","M","R","M","R","T","E","?","M","$","M","R","B",null,"M","?","M","M","?","R","E","R","T","M","E","M","$","M","R","B",null],"character_chosen":"IRONCLAD","items_purchased":["Feel No Pain","Bag of Marbles","PreservedInsect","Carnage"],"campfire_rested":0,"item_purchase_floors":[3,11,30,47],"current_hp_per_floor":[80,80,80,80,80,80,80,69,69,74,74,63,63,44,44,24,85,83,81,81,81,72,72,72,72,72,27,27,33,33,50,50,21,85,80,80,79,72,72,72,66,66,66,61,63,65,65,70,70,39],"gold":356,"neow_bonus":"THREE_ENEMY_KILL","is_prod":false,"is_daily":false,"chose_seed":false,"campfire_upgraded":8,"win_rate":0,"timestamp":1562476098,"path_taken":["M","?","?","?","?","E","?","?","T","?","$","M","R","E","R","BOSS","M","M","?","?","M","R","M","R","T","E","?","M","$","?","R","BOSS","M","?","?","?","?","R","E","R","T","M","E","M","$","M","R","BOSS"],"build_version":"2019-07-05","purchased_purges":1,"victory":true,"max_hp_per_floor":[80,80,80,80,80,80,80,80,80,85,85,85,85,85,85,85,85,85,85,85,85,85,85,85,85,85,85,85,85,85,85,85,85,85,85,85,85,85,85,85,85,85,85,85,85,85,85,85,85,85],"card_choices":[{"not_picked":["Body Slam","Power Through"],"picked":"Iron Wave","floor":1.0},{"not_picked":["Burning Pact","Power Through"],"picked":"Flame Barrier","floor":4.0},{"not_picked":["Sever Soul","True Grit"],"picked":"Reckless Charge","floor":6.0},{"not_picked":["Heavy Blade","Cleave"],"picked":"Spot Weakness","floor":7.0},{"not_picked":["Entrench","Disarm"],"picked":"Wild Strike","floor":14.0},{"not_picked":["Limit Break","Juggernaut"],"picked":"Reaper","floor":16.0},{"not_picked":["Headbutt","Second Wind"],"picked":"Battle Trance+1","floor":18.0},{"not_picked":["Sword Boomerang","Twin Strike"],"picked":"Perfected Strike","floor":19.0},{"not_picked":["Flex","Dropkick+1"],"picked":"Evolve+1","floor":22.0},{"not_picked":["Pommel Strike+1","Sword Boomerang"],"picked":"Twin Strike+1","floor":24.0},{"not_picked":["Blood for Blood+1","Limit Break"],"picked":"Dropkick","floor":27.0},{"not_picked":["Inflame","Shrug It Off"],"picked":"Havoc+1","floor":29.0},{"not_picked":["Cleave","Burning Pact"],"picked":"Headbutt","floor":31.0},{"not_picked":["Reaper","Impervious"],"picked":"Double Tap","floor":33.0},{"not_picked":["Infernal Blade","Battle Trance+1"],"picked":"Carnage","floor":35.0},{"not_picked":["Spot Weakness","Ghostly Armor+1"],"picked":"Clothesline","floor":37.0},{"not_picked":["Body Slam+1","Flex+1","Headbutt+1"],"picked":"SKIP","floor":38.0},{"not_picked":["Carnage+1","Perfected Strike"],"picked":"Fiend Fire","floor":41.0},{"not_picked":["Pummel+1","Combust+1"],"picked":"Twin Strike+1","floor":44.0},{"not_picked":["Headbutt+1","Battle Trance","Burning Pact+1"],"picked":"SKIP","floor":45.0},{"not_picked":["Anger","Rampage+1"],"picked":"Perfected Strike+1","floor":46.0},{"not_picked":["Clash+1","Body Slam+1","Anger+1"],"picked":"SKIP","floor":48.0}],"player_experience":902339,"relics_obtained":[{"floor":6.0,"key":"Shuriken"},{"floor":9.0,"key":"Red Skull"},{"floor":14.0,"key":"Nunchaku"},{"floor":27.0,"key":"Paper Frog"},{"floor":41.0,"key":"Juzu Bracelet"},{"floor":43.0,"key":"Blood Vial"},{"floor":45.0,"key":"Whetstone"}],"event_choices":[{"damage_healed":0.0,"max_hp_gain":0.0,"max_hp_loss":0.0,"gold_gain":0.0,"event_name":"Lab","player_choice":"Got Potions","floor":2.0,"gold_loss":0.0,"damage_taken":0.0},{"damage_healed":0.0,"max_hp_gain":0.0,"max_hp_loss":0.0,"gold_gain":0.0,"cards_transformed":["Strike_R"],"event_name":"Transmorgrifier","player_choice":"Transformed","floor":5.0,"gold_loss":0.0,"damage_taken":0.0,"cards_obtained":["Perfected Strike"]},{"damage_healed":0.0,"max_hp_gain":0.0,"max_hp_loss":0.0,"gold_gain":75.0,"event_name":"World of Goop","player_choice":"Gather Gold","floor":8.0,"gold_loss":0.0,"damage_taken":11.0},{"damage_healed":0.0,"max_hp_gain":5.0,"max_hp_loss":0.0,"gold_gain":0.0,"event_name":"Big Fish","player_choice":"Donut","floor":10.0,"gold_loss":0.0,"damage_taken":0.0},{"damage_healed":0.0,"max_hp_gain":0.0,"max_hp_loss":0.0,"gold_gain":0.0,"event_name":"The Library","player_choice":"Read","floor":20.0,"gold_loss":0.0,"damage_taken":0.0,"cards_obtained":["Twin Strike"]},{"damage_healed":0.0,"max_hp_gain":0.0,"max_hp_loss":0.0,"gold_gain":0.0,"event_name":"The Mausoleum","player_choice":"Ignored","floor":21.0,"gold_loss":0.0,"damage_taken":0.0},{"damage_healed":0.0,"max_hp_gain":0.0,"max_hp_loss":0.0,"gold_gain":0.0,"event_name":"N\u0027loth","player_choice":"Ignored","floor":28.0,"gold_loss":0.0,"damage_taken":0.0},{"cards_removed":["Strike_R"],"damage_healed":0.0,"max_hp_gain":0.0,"max_hp_loss":0.0,"gold_gain":0.0,"event_name":"Purifier","player_choice":"Purged","floor":36.0,"gold_loss":0.0,"damage_taken":0.0},{"damage_healed":0.0,"max_hp_gain":0.0,"max_hp_loss":0.0,"gold_gain":0.0,"event_name":"Mysterious Sphere","player_choice":"Ignored","floor":39.0,"gold_loss":0.0,"damage_taken":0.0}],"is_beta":false,"boss_relics":[{"not_picked":["Astrolabe","White Beast Statue"],"picked":"Coffee Dripper"},{"not_picked":["Orrery","Philosopher\u0027s Stone"],"picked":"Snecko Eye"}],"items_purged_floors":[30],"is_endless":false,"potions_floor_spawned":[4,7,18,22,24,33,37,41,44],"ascension_level":0}