{"gold_per_floor":[112,112,130,77,77,103,35,49,103,53,53,67,67,85,85,185,185,198,214,214,228,110,110,122,51,104,104,104,204,204,204],"floor_reached":31,"playtime":932,"items_purged":[],"score":338,"play_id":"78e3fce5-28e6-4c27-93b3-b015ce38f912","local_time":"20190630155232","is_ascension_mode":true,"campfire_choices":[{"data":"Clothesline","floor":11,"key":"SMITH"},{"data":"Body Slam","floor":13,"key":"SMITH"},{"data":"Armaments","floor":15,"key":"SMITH"},{"data":"True Grit","floor":23,"key":"SMITH"},{"data":"Metallicize","floor":27,"key":"SMITH"}],"neow_cost":"NONE","seed_source_timestamp":70698218737737,"circlet_count":0,"master_deck":["Strike_R","Strike_R","Strike_R","Strike_R","Strike_R","Defend_R","Defend_R","Defend_R","Defend_R","Bash","Cleave","Iron Wave","Clothesline+1","Metallicize+1","Perfected Strike","Shrug It Off","Body Slam+1","Armaments+1","Impervious","Rage","True Grit+1","Burning Pact"],"relics":["Burning Blood","Bag of Preparation","Orichalcum","Busted Crown","Juzu Bracelet","FaceOfCleric"],"potions_floor_usage":[8,16,16,24,31,31],"damage_taken":[{"damage":9,"enemies":"Jaw Worm","floor":1,"turns":4},{"damage":12,"enemies":"Small Slimes","floor":3,"turns":4},{"damage":48,"enemies":"3 Sentries","floor":6,"turns":9},{"damage":0,"enemies":"Cultist","floor":8,"turns":4},{"damage":4,"enemies":"Large Slime","floor":12,"turns":5},{"damage":2,"enemies":"3 Louse","floor":14,"turns":4},{"damage":6,"enemies":"Hexaghost","floor":16,"turns":11},{"damage":13,"enemies":"2 Thieves","floor":18,"turns":4},{"damage":3,"enemies":"Spheric Guardian","floor":19,"turns":5},{"damage":16,"enemies":"Snecko","floor":21,"turns":4},{"damage":17,"enemies":"Chosen and Byrds","floor":24,"turns":8},{"damage":56,"enemies":"Gremlin Leader","floor":31,"turns":6}],"seed_played":"-6873946076580995517","potions_obtained":[{"floor":0,"key":"LiquidBronze"},{"floor":0,"key":"Weak Potion"},{"floor":0,"key":"EssenceOfSteel"},{"floor":6,"key":"AttackPotion"},{"floor":12,"key":"PowerPotion"},{"floor":21,"key":"SkillPotion"}],"is_trial":false,"path_per_floor":["M","?","M","$","?","E","$","M","T","$","R","M","R","M","R","B",null,"M","M","?","M","$","R","M","$","T","R","?","?","?","E"],"character_chosen":"IRONCLAD","items_purchased":["Clothesline","Metallicize","Shrug It Off","Ancient Potion","True Grit","Burning Pact"],"campfire_rested":0,"item_purchase_floors":[4,7,10,22,22,25],"current_hp_per_floor":[69,69,63,63,63,21,21,27,27,27,27,29,29,33,33,33,68,61,64,64,54,54,54,43,43,43,43,43,43,43,0],"gold":204,"neow_bonus":"THREE_SMALL_POTIONS","is_prod":false,"is_daily":false,"chose_seed":false,"campfire_upgraded":5,"win_rate":0,"timestamp":1561881152,"path_taken":["M","?","M","$","?","E","$","M","T","?","R","M","R","?","R","BOSS","M","M","?","M","$","R","M","$","T","R","?","?","?","E"],"build_version":"2019-01-23","purchased_purges":0,"victory":false,"max_hp_per_floor":[80,80,80,80,80,80,80,80,80,80,80,80,80,80,80,80,80,80,80,80,80,80,80,80,80,80,80,80,80,80,80],"card_choices":[{"not_picked":["Infernal Blade","Clash"],"picked":"Cleave","floor":1},{"not_picked":["Rampage","Headbutt"],"picked":"Iron Wave","floor":3},{"not_picked":["Sword Boomerang","Feel No Pain","Dark Embrace"],"picked":"SKIP","floor":6},{"not_picked":["Wild Strike","Sword Boomerang"],"picked":"Perfected Strike","floor":8},{"not_picked":["Cleave","Flex"],"picked":"Body Slam","floor":12},{"not_picked":["Fire Breathing","Seeing Red"],"picked":"Armaments","floor":14},{"not_picked":["Offering","Fiend Fire"],"picked":"Impervious","floor":16},{"not_picked":["Clash+1"],"picked":"SKIP","floor":18},{"not_picked":["Armaments"],"picked":"SKIP","floor":19},{"not_picked":["Clothesline"],"picked":"SKIP","floor":21},{"not_picked":["Rampage"],"picked":"SKIP","floor":24}],"player_experience":1018908,"relics_obtained":[{"floor":6,"key":"Bag of Preparation"},{"floor":9,"key":"Orichalcum"},{"floor":26,"key":"Juzu Bracelet"}],"event_choices":[{"damage_healed":0,"gold_gain":0,"player_choice":"Ignored","damage_taken":0,"max_hp_gain":0,"max_hp_loss":0,"event_name":"Golden Wing","floor":2,"gold_loss":0},{"damage_healed":0,"gold_gain":0,"player_choice":"Ignored","damage_taken":0,"max_hp_gain":0,"max_hp_loss":0,"event_name":"Liars Game","floor":5,"gold_loss":0},{"damage_healed":0,"gold_gain":0,"player_choice":"Read","damage_taken":0,"max_hp_gain":0,"max_hp_loss":0,"event_name":"The Library","floor":20,"gold_loss":0,"cards_obtained":["Rage"]},{"damage_healed":0,"gold_gain":0,"player_choice":"Ignored","damage_taken":0,"max_hp_gain":0,"max_hp_loss":0,"event_name":"Beggar","floor":28,"gold_loss":0},{"damage_healed":0,"gold_gain":100,"player_choice":"Pray","damage_taken":0,"max_hp_gain":0,"max_hp_loss":0,"event_name":"Golden Shrine","floor":29,"gold_loss":0},{"damage_healed":0,"gold_gain":0,"player_choice":"Trade","damage_taken":0,"relics_obtained":["FaceOfCleric"],"max_hp_gain":0,"max_hp_loss":0,"event_name":"FaceTrader","floor":30,"gold_loss":0}],"is_beta":false,"boss_relics":[{"not_picked":["Black Star","Mark of Pain"],"picked":"Busted Crown"}],"items_purged_floors":[],"is_endless":false,"potions_floor_spawned":[6,12,14,21],"killed_by":"Gremlin Leader","ascension_level":9}