{"gold_per_floor":[114,125,150,51,70,70,105,105,105,132,132,132,144,155,155,232,232,245,260,271,23,23],"floor_reached":22,"playtime":635,"items_purged":["Strike_R"],"score":392,"play_id":"516c1283-600c-4f5d-bbf1-53b41dc4eeef","local_time":"20190603230036","is_ascension_mode":true,"campfire_choices":[{"data":"Bash","floor":6,"key":"SMITH"},{"floor":12,"key":"REST"},{"data":"Anger","floor":15,"key":"SMITH"}],"neow_cost":"PERCENT_DAMAGE","seed_source_timestamp":24391988312300,"circlet_count":0,"master_deck":["AscendersBane","Strike_R","Strike_R","Strike_R","Strike_R","Defend_R","Defend_R","Defend_R","Defend_R","Bash+1","Shrug It Off","Anger+1","Dramatic Entrance","Flex","Shrug It Off","Pummel","Disarm","Shrug It Off","Immolate","Metallicize+1"],"relics":["Burning Blood","Turnip","Regal Pillow","Centennial Puzzle","Incense Burner","StoneCalendar","Philosopher\u0027s Stone","Oddly Smooth Stone"],"potions_floor_usage":[7,16,19,19,22],"damage_taken":[{"damage":2,"enemies":"Cultist","floor":1,"turns":4},{"damage":15,"enemies":"2 Louse","floor":2,"turns":3},{"damage":11,"enemies":"Jaw Worm","floor":5,"turns":4},{"damage":22,"enemies":"3 Sentries","floor":7,"turns":8},{"damage":11,"enemies":"Gremlin Nob","floor":10,"turns":3},{"damage":1,"enemies":"Red Slaver","floor":13,"turns":3},{"damage":1,"enemies":"Looter","floor":14,"turns":3},{"damage":60,"enemies":"Hexaghost","floor":16,"turns":14},{"damage":12,"enemies":"2 Thieves","floor":18,"turns":3},{"damage":27,"enemies":"Shell Parasite","floor":19,"turns":4},{"damage":24,"enemies":"Snake Plant","floor":20,"turns":4},{"damage":16,"enemies":"Centurion and Healer","floor":22,"turns":6}],"seed_played":"-1319155841867764811","potions_obtained":[{"floor":5,"key":"Fire Potion"},{"floor":10,"key":"SneckoOil"},{"floor":13,"key":"EssenceOfSteel"},{"floor":16,"key":"SkillPotion"},{"floor":18,"key":"Swift Potion"},{"floor":20,"key":"SpeedPotion"}],"is_trial":false,"path_per_floor":["M","M","T","$","M","R","E","?","T","E","?","R","M","M","R","B",null,"M","M","M","$","M"],"character_chosen":"IRONCLAD","items_purchased":["Dramatic Entrance","Oddly Smooth Stone"],"campfire_rested":1,"item_purchase_floors":[4,21],"current_hp_per_floor":[54,45,45,45,40,40,24,24,24,19,19,56,61,66,66,12,59,53,32,14,14,0],"gold":23,"neow_bonus":"ONE_RARE_RELIC","is_prod":false,"is_daily":false,"chose_seed":false,"campfire_upgraded":2,"win_rate":0,"timestamp":1559599236,"path_taken":["M","M","?","$","M","R","E","?","T","E","?","R","M","?","R","BOSS","M","M","M","$","M"],"build_version":"2019-01-23","purchased_purges":1,"victory":false,"max_hp_per_floor":[75,75,75,75,75,75,75,75,75,75,75,75,75,75,75,75,75,75,75,75,75,75],"card_choices":[{"not_picked":["Iron Wave","Ghostly Armor"],"picked":"Shrug It Off","floor":1},{"not_picked":["Thunderclap","Havoc"],"picked":"Anger","floor":2},{"not_picked":["Entrench","Armaments"],"picked":"Flex","floor":5},{"not_picked":["Berserk","Pommel Strike"],"picked":"Shrug It Off","floor":7},{"not_picked":["Burning Pact","Body Slam"],"picked":"Pummel","floor":10},{"not_picked":["Anger","Cleave"],"picked":"Disarm","floor":13},{"not_picked":["Iron Wave","Clash"],"picked":"Shrug It Off","floor":14},{"not_picked":["Offering","Demon Form"],"picked":"Immolate","floor":16},{"not_picked":["Wild Strike","Clothesline","Intimidate"],"picked":"SKIP","floor":18},{"not_picked":["Sword Boomerang","Body Slam","Blood for Blood"],"picked":"SKIP","floor":19},{"not_picked":["Shrug It Off","Whirlwind"],"picked":"Metallicize+1","floor":20}],"player_experience":1426323,"relics_obtained":[{"floor":3,"key":"Regal Pillow"},{"floor":7,"key":"Centennial Puzzle"},{"floor":9,"key":"Incense Burner"},{"floor":10,"key":"StoneCalendar"}],"event_choices":[{"damage_healed":0,"gold_gain":0,"player_choice":"Ignored","damage_taken":0,"max_hp_gain":0,"max_hp_loss":0,"event_name":"Liars Game","floor":8,"gold_loss":0},{"damage_healed":0,"gold_gain":0,"player_choice":"0 cards matched","damage_taken":0,"max_hp_gain":0,"max_hp_loss":0,"event_name":"Match and Keep!","floor":11,"gold_loss":0,"cards_obtained":[]}],"is_beta":false,"boss_relics":[{"not_picked":["Pandora\u0027s Box","Runic Cube"],"picked":"Philosopher\u0027s Stone"}],"items_purged_floors":[21],"is_endless":false,"potions_floor_spawned":[5,10,13,16,18,20],"killed_by":"Centurion and Healer","ascension_level":20}