{"gold_per_floor":[362,380,397,411,230,230,230,230,309,321,321,346,346,372,372,449,449,464,474,311,342,342,376,394,394,394,394,394,394,429,447,447,526,526,545,545,767,565,614,614,644,644,644,657,691,13,13,27,27,27,27],"floor_reached":52,"playtime":2722,"items_purged":["Strike_R","Strike_R","Defend_R"],"score":2008,"play_id":"6a308f01-096e-4638-8747-2ed35450a2ec","local_time":"20190703223416","is_ascension_mode":true,"campfire_choices":[{"floor":6.0,"key":"REST"},{"data":"Bash","floor":11.0,"key":"SMITH"},{"data":"Offering","floor":13.0,"key":"SMITH"},{"floor":15.0,"key":"REST"},{"floor":25.0,"key":"REST"},{"data":"Exhume","floor":27.0,"key":"SMITH"},{"data":"Rampage","floor":29.0,"key":"SMITH"},{"data":"Armaments","floor":32.0,"key":"SMITH"},{"data":"Double Tap","floor":40.0,"key":"SMITH"},{"floor":42.0,"key":"REST"},{"floor":47.0,"key":"REST"},{"floor":49.0,"key":"REST"}],"neow_cost":"PERCENT_DAMAGE","seed_source_timestamp":0,"circlet_count":0,"master_deck":["AscendersBane","Defend_R","Defend_R","Defend_R","Bash+1","Rampage+1","Seeing Red+1","Headbutt","Flash of Steel","Metallicize","Offering+1","Exhume+1","Thunderclap+1","Battle Trance","Shrug It Off+1","Metallicize","Armaments+1","Double Tap+1","Iron Wave+1","Heavy Blade+1","Infernal Blade+1","Madness","Madness","Shrug It Off","Metallicize","Shrug It Off","Warcry+1","True Grit+1"],"special_seed":0,"relics":["Burning Blood","Self Forming Clay","Boot","Magic Flower","Runic Pyramid","Happy Flower","Red Mask","Oddly Smooth Stone","Letter Opener","Bag of Marbles","Astrolabe","Incense Burner","Red Skull","Mercury Hourglass","Gremlin Horn","Paper Frog","Kunai"],"potions_floor_usage":[51,51],"damage_taken":[{"damage":6.0,"enemies":"Cultist","floor":1.0,"turns":3.0},{"damage":14.0,"enemies":"Small Slimes","floor":2.0,"turns":4.0},{"damage":0.0,"enemies":"2 Louse","floor":3.0,"turns":3.0},{"damage":24.0,"enemies":"Lots of Slimes","floor":4.0,"turns":6.0},{"damage":8.0,"enemies":"2 Fungi Beasts","floor":10.0,"turns":4.0},{"damage":24.0,"enemies":"Lagavulin","floor":12.0,"turns":5.0},{"damage":20.0,"enemies":"3 Sentries","floor":14.0,"turns":8.0},{"damage":31.0,"enemies":"The Guardian","floor":16.0,"turns":8.0},{"damage":20.0,"enemies":"Shell Parasite","floor":18.0,"turns":3.0},{"damage":15.0,"enemies":"3 Byrds","floor":19.0,"turns":4.0},{"damage":26.0,"enemies":"Masked Bandits","floor":21.0,"turns":4.0},{"damage":23.0,"enemies":"Book of Stabbing","floor":23.0,"turns":5.0},{"damage":7.0,"enemies":"Snake Plant","floor":24.0,"turns":4.0},{"damage":12.0,"enemies":"Slavers","floor":30.0,"turns":3.0},{"damage":0.0,"enemies":"Centurion and Healer","floor":31.0,"turns":5.0},{"damage":38.0,"enemies":"Collector","floor":33.0,"turns":11.0},{"damage":10.0,"enemies":"3 Darklings","floor":35.0,"turns":3.0},{"damage":13.0,"enemies":"2 Orb Walkers","floor":39.0,"turns":5.0},{"damage":36.0,"enemies":"Nemesis","floor":41.0,"turns":3.0},{"damage":13.0,"enemies":"3 Shapes","floor":44.0,"turns":4.0},{"damage":12.0,"enemies":"Giant Head","floor":45.0,"turns":4.0},{"damage":12.0,"enemies":"Spire Growth","floor":48.0,"turns":3.0},{"damage":49.0,"enemies":"Awakened One","floor":50.0,"turns":11.0},{"damage":36,"enemies":"Time Eater","floor":51,"turns":5}],"seed_played":"-7976108521073404172","potions_obtained":[{"floor":2.0,"key":"Weak Potion"},{"floor":3.0,"key":"Energy Potion"},{"floor":22.0,"key":"Fruit Juice"},{"floor":22.0,"key":"EntropicBrew"},{"floor":39.0,"key":"Explosive Potion"},{"floor":41.0,"key":"Strength Potion"}],"is_trial":false,"path_per_floor":["M","M","M","M","$","R","?","?","T","M","R","E","R","E","R","B",null,"M","M","$","?","?","E","M","R","T","R","?","R","E","M","R","B",null,"M","?","?","$","?","R","E","R","T","M","E","$","R","M","R","B","B",null],"character_chosen":"IRONCLAD","items_purchased":["Flash of Steel","Happy Flower","Shrug It Off","Metallicize","Paper Frog","Kunai"],"campfire_rested":6,"item_purchase_floors":[5,20,38,38,46,46],"current_hp_per_floor":[50,42,48,30,30,52,52,52,52,50,50,32,32,18,40,18,61,50,44,44,27,32,18,20,44,44,44,60,60,57,66,66,37,69,68,54,54,54,50,50,23,47,47,43,40,40,64,61,80,40,13],"gold":27,"neow_bonus":"TWO_FIFTY_GOLD","is_prod":false,"is_daily":false,"chose_seed":false,"campfire_upgraded":6,"win_rate":0,"timestamp":1562189656,"path_taken":["M","M","M","M","$","R","?","?","T","M","R","E","R","E","R","BOSS","M","M","$","?","?","E","?","R","T","R","?","R","E","M","R","BOSS","M","?","?","?","?","R","E","R","T","M","E","$","R","?","R","BOSS","BOSS"],"build_version":"2019-07-01","purchased_purges":3,"victory":true,"max_hp_per_floor":[75,75,75,75,75,75,75,75,75,75,75,75,75,75,75,75,75,75,75,75,75,80,80,80,80,80,80,80,80,80,80,80,80,80,80,80,80,80,80,80,80,80,80,80,80,80,80,80,80,80,80],"card_choices":[{"not_picked":["Shrug It Off","Headbutt"],"picked":"Rampage","floor":1.0},{"not_picked":["Bloodletting","Burning Pact"],"picked":"Seeing Red","floor":2.0},{"not_picked":["Body Slam","Rupture","Fire Breathing"],"picked":"SKIP","floor":3.0},{"not_picked":["True Grit","Havoc"],"picked":"Headbutt","floor":4.0},{"not_picked":["Intimidate","Body Slam"],"picked":"Metallicize","floor":10.0},{"not_picked":["Sword Boomerang","True Grit"],"picked":"Offering","floor":12.0},{"not_picked":["Reckless Charge","Warcry","Havoc"],"picked":"SKIP","floor":14.0},{"not_picked":["Bludgeon","Feed"],"picked":"Exhume","floor":16.0},{"not_picked":["Cleave","Sword Boomerang"],"picked":"Thunderclap+1","floor":18.0},{"not_picked":["Havoc","Anger"],"picked":"Battle Trance","floor":19.0},{"not_picked":["Thunderclap+1","Infernal Blade"],"picked":"Shrug It Off+1","floor":21.0},{"not_picked":["Burning Pact","Feel No Pain+1"],"picked":"Metallicize","floor":23.0},{"not_picked":["Bloodletting","Perfected Strike","Feel No Pain"],"picked":"SKIP","floor":24.0},{"not_picked":["Dual Wield","Evolve"],"picked":"Armaments","floor":30.0},{"not_picked":["Perfected Strike","True Grit","Pummel"],"picked":"SKIP","floor":31.0},{"not_picked":["Berserk","Dark Embrace"],"picked":"Double Tap","floor":33.0},{"not_picked":["Iron Wave","Cleave","Hemokinesis"],"picked":"SKIP","floor":35.0},{"not_picked":["Infernal Blade","Warcry"],"picked":"Shrug It Off","floor":41.0},{"not_picked":["True Grit","Feel No Pain"],"picked":"Warcry+1","floor":44.0},{"not_picked":["Thunderclap","Body Slam","Armaments"],"picked":"SKIP","floor":45.0},{"not_picked":["Iron Wave+1","Headbutt"],"picked":"True Grit+1","floor":48.0}],"player_experience":1531765,"relics_obtained":[{"floor":9.0,"key":"Self Forming Clay"},{"floor":12.0,"key":"Boot"},{"floor":14.0,"key":"Magic Flower"},{"floor":21.0,"key":"Red Mask"},{"floor":23.0,"key":"Oddly Smooth Stone"},{"floor":26.0,"key":"Letter Opener"},{"floor":30.0,"key":"Bag of Marbles"},{"floor":39.0,"key":"Incense Burner"},{"floor":41.0,"key":"Red Skull"},{"floor":43.0,"key":"Mercury Hourglass"},{"floor":45.0,"key":"Gremlin Horn"}],"event_choices":[{"damage_healed":0.0,"max_hp_gain":0.0,"max_hp_loss":0.0,"gold_gain":0.0,"event_name":"Living Wall","player_choice":"Grow","floor":7.0,"gold_loss":0.0,"damage_taken":0.0,"cards_upgraded":["Seeing Red"]},{"damage_healed":0.0,"max_hp_gain":0.0,"max_hp_loss":0.0,"gold_gain":0.0,"event_name":"Scrap Ooze","player_choice":"Fled","floor":8.0,"gold_loss":0.0,"damage_taken":0.0},{"damage_healed":0.0,"max_hp_gain":0.0,"max_hp_loss":0.0,"gold_gain":0.0,"event_name":"Masked Bandits","player_choice":"Fought Bandits","floor":21.0,"gold_loss":0.0,"damage_taken":0.0},{"damage_healed":0.0,"max_hp_gain":0.0,"max_hp_loss":0.0,"gold_gain":0.0,"event_name":"Lab","player_choice":"Got Potions","floor":22.0,"gold_loss":0.0,"damage_taken":0.0},{"damage_healed":16.0,"max_hp_gain":0.0,"max_hp_loss":0.0,"gold_gain":0.0,"event_name":"The Library","player_choice":"Heal","floor":28.0,"gold_loss":0.0,"damage_taken":0.0},{"damage_healed":0.0,"max_hp_gain":0.0,"max_hp_loss":0.0,"gold_gain":0.0,"event_name":"Winding Halls","player_choice":"Embrace Madness","floor":36.0,"gold_loss":0.0,"damage_taken":14.0,"cards_obtained":["Madness","Madness"]},{"damage_healed":0.0,"max_hp_gain":0.0,"max_hp_loss":0.0,"gold_gain":222.0,"event_name":"Tomb of Lord Red Mask","player_choice":"Wore Mask","floor":37.0,"gold_loss":0.0,"damage_taken":0.0},{"damage_healed":0.0,"max_hp_gain":0.0,"max_hp_loss":0.0,"gold_gain":0.0,"event_name":"Mysterious Sphere","player_choice":"Fight","floor":39.0,"gold_loss":0.0,"damage_taken":0.0}],"is_beta":false,"boss_relics":[{"not_picked":["Fusion Hammer","Tiny House"],"picked":"Runic Pyramid"},{"not_picked":["Pandora\u0027s Box","Empty Cage"],"picked":"Astrolabe"}],"items_purged_floors":[5,38,46],"is_endless":false,"potions_floor_spawned":[2,3,12,19,21,24,30,31,39,41],"ascension_level":20}