{"gold_per_floor":[117,117,94,94,94,129,129,145,145,165,180,215,215,120,120,225,225,235,248,163,163,0,30,44,44,44,44,44,58,91,110,110,213,213,227,0,11,21,21,21,21,21,21,21,31,31,31,46,46,46],"floor_reached":51,"playtime":1979,"items_purged":[],"score":904,"play_id":"df3470dd-455e-43cf-bc49-adea75c3373c","local_time":"20180716201358","is_ascension_mode":true,"campfire_choices":[{"floor":7.0,"key":"REST"},{"floor":13.0,"key":"REST"},{"data":"Zap","floor":15.0,"key":"SMITH"},{"floor":25.0,"key":"REST"},{"floor":27.0,"key":"REST"},{"floor":32.0,"key":"REST"},{"floor":40,"key":"REST"},{"data":"Biased Cognition","floor":42,"key":"SMITH"},{"data":"Conserve Battery","floor":44,"key":"SMITH"},{"floor":47,"key":"REST"},{"floor":49,"key":"REST"}],"neow_cost":"NONE","seed_source_timestamp":0,"circlet_count":0,"master_deck":["Strike_B","Strike_B","Strike_B","Strike_B","Defend_B+1","Defend_B","Defend_B","Defend_B+1","Zap+1","Dualcast","Cold Snap","Leap","Ball Lightning","Conserve Battery","Ball Lightning","Ball Lightning","Gash","Leap","Biased Cognition+1","Sunder+1","Electrodynamics","Ball Lightning","Leap","Conserve Battery","Coolheaded","Reinforced Body","Core Surge","Conserve Battery+1","Leap","Go for the Eyes+1","FTL","Leap"],"special_seed":0,"relics":["Cracked Core","Mummified Hand","Cables","DataDisk","Inserter","Shuriken","Torii","Pantograph","Peace Pipe","Lizard Tail","Red Mask","Mercury Hourglass","Bottled Flame"],"potions_floor_usage":[38,50],"damage_taken":[{"damage":2.0,"enemies":"Small Slimes","floor":1.0,"turns":4.0},{"damage":33.0,"enemies":"3 Sentries","floor":6.0,"turns":13.0},{"damage":0.0,"enemies":"2 Louse","floor":8.0,"turns":3.0},{"damage":0.0,"enemies":"Jaw Worm","floor":10.0,"turns":3.0},{"damage":0.0,"enemies":"Blue Slaver","floor":11.0,"turns":3.0},{"damage":2.0,"enemies":"Lagavulin","floor":12.0,"turns":5.0},{"damage":18.0,"enemies":"Slime Boss","floor":16.0,"turns":8.0},{"damage":2.0,"enemies":"Shell Parasite","floor":18.0,"turns":5.0},{"damage":7.0,"enemies":"2 Thieves","floor":19.0,"turns":4.0},{"damage":20.0,"enemies":"Slavers","floor":23.0,"turns":3.0},{"damage":19.0,"enemies":"Snecko","floor":24.0,"turns":4.0},{"damage":18.0,"enemies":"Snake Plant","floor":29.0,"turns":3.0},{"damage":14.0,"enemies":"Gremlin Leader","floor":30.0,"turns":5.0},{"damage":16.0,"enemies":"Slaver and Parasite","floor":31.0,"turns":4.0},{"damage":77.0,"enemies":"Collector","floor":33.0,"turns":9.0},{"damage":24.0,"enemies":"3 Shapes","floor":35.0,"turns":3.0},{"damage":19.0,"enemies":"3 Darklings","floor":37.0,"turns":5.0},{"damage":27,"enemies":"Transient","floor":38,"turns":5},{"damage":42,"enemies":"Maw","floor":45,"turns":9},{"damage":1,"enemies":"Spire Growth","floor":48,"turns":5},{"damage":69,"enemies":"Donu and Deca","floor":50,"turns":8}],"seed_played":"6807008670615251682","potions_obtained":[{"floor":6.0,"key":"AttackPotion"},{"floor":10.0,"key":"FairyPotion"},{"floor":12.0,"key":"FearPotion"},{"floor":38,"key":"GamblersBrew"},{"floor":48,"key":"Strength Potion"}],"is_trial":false,"path_per_floor":["M","?","?","$","?","E","R","M","T","M","M","E","R","$","R","B",null,"M","M","?","?","$","E","M","R","T","R","$","M","E","M","R","B",null,"M","?","M","M","?","R","T","R","T","R","M","?","R","M","R","B"],"character_chosen":"DEFECT","items_purchased":["Gash","Leap","Electrodynamics"],"campfire_rested":8,"item_purchase_floors":[14,14,22],"current_hp_per_floor":[80,64,64,64,64,31,55,55,55,55,55,53,77,77,77,59,76,74,67,67,59,59,39,20,44,44,68,68,50,36,20,44,8,64,40,40,21,41,41,65,65,65,65,65,23,23,47,46,70,13],"gold":46,"neow_bonus":"TEN_PERCENT_HP_BONUS","is_prod":false,"is_daily":false,"chose_seed":false,"campfire_upgraded":3,"win_rate":0,"timestamp":1531786438,"path_taken":["M","?","?","$","?","E","R","M","T","M","?","E","R","?","R","BOSS","M","M","?","?","$","E","?","R","T","R","$","M","E","M","R","BOSS","M","?","?","M","?","R","?","R","T","R","M","?","R","M","R","BOSS"],"build_version":"2018-07-12","purchased_purges":0,"victory":true,"max_hp_per_floor":[82,82,82,82,82,82,82,82,82,82,82,82,82,82,82,82,82,82,82,82,82,82,82,82,82,82,82,82,82,82,82,82,82,82,82,82,82,82,82,82,82,82,82,82,82,82,82,82,82,82],"card_choices":[{"not_picked":["Compile Driver","Reprogram"],"picked":"Cold Snap","floor":1.0},{"not_picked":["Sweeping Beam","Redo"],"picked":"Leap","floor":6.0},{"not_picked":["Beam Cell","Barrage"],"picked":"Ball Lightning","floor":8.0},{"not_picked":["Hologram","Steam Power"],"picked":"Conserve Battery","floor":10.0},{"not_picked":["Skim","Blizzard"],"picked":"Ball Lightning","floor":11.0},{"not_picked":["Storm","Hologram"],"picked":"Ball Lightning","floor":12.0},{"not_picked":["Machine Learning","Meteor Strike"],"picked":"Biased Cognition","floor":16.0},{"not_picked":["Ball Lightning","Storm"],"picked":"Sunder+1","floor":18.0},{"not_picked":["Cold Snap","Sweeping Beam"],"picked":"Ball Lightning","floor":19.0},{"not_picked":["Hologram","Redo"],"picked":"Ball Lightning","floor":23.0},{"not_picked":["Stack","Steam"],"picked":"Leap","floor":24.0},{"not_picked":["Go for the Eyes","Scrape"],"picked":"Conserve Battery","floor":29.0},{"not_picked":["Machine Learning","Blizzard"],"picked":"Coolheaded","floor":30.0},{"not_picked":["Static Discharge","Barrage"],"picked":"Reinforced Body","floor":31.0},{"not_picked":["Amplify","Buffer"],"picked":"Core Surge","floor":33.0},{"not_picked":["Tempest","Steam Power"],"picked":"Conserve Battery","floor":35.0},{"not_picked":["Steam Power+1","Steam"],"picked":"Leap","floor":37.0},{"not_picked":["Undo+1","Self Repair"],"picked":"Go for the Eyes+1","floor":38},{"not_picked":["Tempest","Turbo+1"],"picked":"FTL","floor":45},{"not_picked":["Steam Power+1","Reprogram+1"],"picked":"Leap","floor":48}],"player_experience":126183,"relics_obtained":[{"floor":6.0,"key":"Mummified Hand"},{"floor":9.0,"key":"Cables"},{"floor":12.0,"key":"DataDisk"},{"floor":23.0,"key":"Torii"},{"floor":26.0,"key":"Pantograph"},{"floor":30.0,"key":"Peace Pipe"},{"floor":41,"key":"Mercury Hourglass"},{"floor":43,"key":"Bottled Flame"}],"event_choices":[{"event_name":"Shining Light","player_choice":"Entered Light","floor":2.0,"damage_taken":0.0},{"event_name":"World of Goop","player_choice":"Left","floor":3.0,"damage_taken":0.0},{"event_name":"Liars Game","player_choice":"disagreed","floor":5.0,"damage_taken":0.0},{"event_name":"Addict","player_choice":"Obtained Relic","floor":20.0,"damage_taken":0.0},{"event_name":"Wheel of Change","player_choice":"Damage","floor":21.0,"damage_taken":0.0},{"event_name":"Tomb of Lord Red Mask","player_choice":"Paid","floor":36.0,"damage_taken":0.0},{"event_name":"Mysterious Sphere","player_choice":"Ignore","floor":39,"damage_taken":0},{"event_name":"Falling","player_choice":"Removed Attack","floor":46,"damage_taken":0}],"boss_relics":[{"not_picked":["Philosopher\u0027s Stone","Runic Pyramid"],"picked":"Inserter"},{"not_picked":["Coffee Dripper","Orrery"],"picked":"Lizard Tail"}],"items_purged_floors":[],"is_endless":false,"potions_floor_spawned":[6,10,12,24,29,30,38,48],"ascension_level":5}