{"gold_per_floor":[110,110,127,138,138,138,154,154],"floor_reached":8,"playtime":167,"items_purged":[],"score":96,"play_id":"33825cff-6003-4138-9d08-48415c623fb2","local_time":"20190519165633","is_ascension_mode":true,"campfire_choices":[{"data":"Skewer","floor":6,"key":"SMITH"}],"neow_cost":"NONE","seed_source_timestamp":1918260514461117,"circlet_count":0,"master_deck":["AscendersBane","Defend_G","Defend_G","Defend_G","Defend_G","Defend_G","Strike_G","Strike_G","Strike_G","Strike_G","Strike_G","Survivor","Neutralize","Poisoned Stab","Skewer+1","Dagger Spray","Dagger Throw"],"relics":["Ring of the Snake","NeowsBlessing","Meat on the Bone"],"potions_floor_usage":[7],"damage_taken":[{"damage":0,"enemies":"Small Slimes","floor":1,"turns":1},{"damage":0,"enemies":"Cultist","floor":3,"turns":1},{"damage":0,"enemies":"2 Louse","floor":4,"turns":1},{"damage":12,"enemies":"Lots of Slimes","floor":7,"turns":4},{"damage":50,"enemies":"Gremlin Nob","floor":8,"turns":4}],"seed_played":"-2094613794126911598","potions_obtained":[{"floor":1,"key":"LiquidBronze"},{"floor":2,"key":"SkillPotion"}],"is_trial":false,"path_per_floor":["M","?","M","M","?","R","M","E"],"character_chosen":"THE_SILENT","items_purchased":[],"campfire_rested":0,"item_purchase_floors":[],"current_hp_per_floor":[59,59,59,59,48,48,36,0],"gold":154,"neow_bonus":"THREE_ENEMY_KILL","is_prod":false,"is_daily":false,"chose_seed":false,"campfire_upgraded":1,"win_rate":0,"timestamp":1558299393,"path_taken":["M","?","M","?","?","R","M","E"],"build_version":"2019-01-23","purchased_purges":0,"victory":false,"max_hp_per_floor":[66,66,66,66,66,66,66,66],"card_choices":[{"not_picked":["Blur","Backflip"],"picked":"Poisoned Stab","floor":1},{"not_picked":["Masterful Stab","Dodge and Roll"],"picked":"Skewer","floor":3},{"not_picked":["Endless Agony","Sucker Punch"],"picked":"Dagger Spray","floor":4},{"not_picked":["Blade Dance","Cloak And Dagger"],"picked":"Dagger Throw","floor":7}],"player_experience":696183,"relics_obtained":[],"event_choices":[{"damage_healed":0,"gold_gain":0,"player_choice":"Got Potions","damage_taken":0,"max_hp_gain":0,"max_hp_loss":0,"event_name":"Lab","floor":2,"gold_loss":0},{"damage_healed":0,"gold_gain":0,"player_choice":"Success","damage_taken":11,"relics_obtained":["Meat on the Bone"],"max_hp_gain":0,"max_hp_loss":0,"event_name":"Scrap Ooze","floor":5,"gold_loss":0}],"is_beta":false,"boss_relics":[],"items_purged_floors":[],"is_endless":false,"potions_floor_spawned":[1,3],"killed_by":"Gremlin Nob","ascension_level":20}