{"gold_per_floor":[113,113,131,131,131,157,171,171,171,186,202,139,139,174,174,252,252,272,272,272,284,302,302,317,317],"floor_reached":25,"playtime":785,"items_purged":[],"score":476,"play_id":"43d94ff6-0b1d-4066-b3f9-df92963c5888","local_time":"20190409202017","is_ascension_mode":true,"campfire_choices":[{"data":"Neutralize","floor":8.0,"key":"SMITH"},{"data":"Dagger Spray","floor":13.0,"key":"SMITH"},{"data":"Caltrops","floor":15.0,"key":"SMITH"},{"floor":23,"key":"REST"}],"neow_cost":"NONE","seed_source_timestamp":9439082798638504,"circlet_count":0,"master_deck":["AscendersBane","Defend_G+1","Defend_G","Defend_G","Defend_G+1","Defend_G","Strike_G","Strike_G+1","Strike_G","Strike_G","Strike_G","Survivor+1","Neutralize+1","Quick Slash","Dagger Spray+1","Skewer","Dodge and Roll+1","Deadly Poison+1","Terror+1","Caltrops+1","Burst+1","Riddle With Holes","RitualDagger","Blade Dance+1","Dagger Spray","Adrenaline+1"],"special_seed":0,"relics":["Ring of the Snake","NeowsBlessing","Toxic Egg 2","Ninja Scroll","War Paint","Pear","Eternal Feather","Bottled Tornado"],"potions_floor_usage":[22,22],"damage_taken":[{"damage":0.0,"enemies":"Small Slimes","floor":1.0,"turns":1.0},{"damage":0.0,"enemies":"2 Louse","floor":3.0,"turns":1.0},{"damage":0.0,"enemies":"Lagavulin","floor":6.0,"turns":1.0},{"damage":0.0,"enemies":"Cultist","floor":7.0,"turns":3.0},{"damage":7.0,"enemies":"Large Slime","floor":10.0,"turns":7.0},{"damage":0.0,"enemies":"Gremlin Gang","floor":11.0,"turns":1.0},{"damage":17.0,"enemies":"3 Sentries","floor":14.0,"turns":9.0},{"damage":30.0,"enemies":"Slime Boss","floor":16.0,"turns":8.0},{"damage":6.0,"enemies":"Shell Parasite","floor":18.0,"turns":6.0},{"damage":40.0,"enemies":"Spheric Guardian","floor":21.0,"turns":6.0},{"damage":3,"enemies":"Snake Plant","floor":22,"turns":4},{"damage":25,"enemies":"3 Cultists","floor":24,"turns":6},{"damage":25,"enemies":"Shelled Parasite and Fungi","floor":25,"turns":3}],"seed_played":"-9175088621095099538","potions_obtained":[{"floor":1.0,"key":"Fire Potion"},{"floor":6.0,"key":"SteroidPotion"},{"floor":10.0,"key":"Regen Potion"},{"floor":16.0,"key":"Block Potion"},{"floor":18.0,"key":"GhostInAJar"},{"floor":21.0,"key":"PowerPotion"}],"is_trial":false,"path_per_floor":["M","?","M","$","?","E","M","R","T","M","M","?","R","E","R","B",null,"M","T","?","M","M","R","M","M"],"character_chosen":"THE_SILENT","items_purchased":[],"campfire_rested":1,"item_purchase_floors":[],"current_hp_per_floor":[59,64,64,64,43,43,43,43,43,36,36,36,36,44,44,14,64,58,58,52,12,9,48,23,0],"gold":317,"neow_bonus":"THREE_ENEMY_KILL","is_prod":false,"is_daily":false,"chose_seed":false,"campfire_upgraded":3,"win_rate":0,"timestamp":1554855617,"path_taken":["M","?","M","$","?","E","M","R","T","M","M","?","R","E","R","BOSS","M","?","?","M","M","R","M","M"],"build_version":"2019-01-23","purchased_purges":0,"victory":false,"max_hp_per_floor":[66,71,71,71,71,71,71,71,71,71,71,71,71,81,81,81,81,81,81,81,81,81,81,81,81],"card_choices":[{"not_picked":["Infinite Blades","Cloak And Dagger"],"picked":"Quick Slash","floor":1.0},{"not_picked":["Prepared","Terror"],"picked":"Dagger Spray","floor":3.0},{"not_picked":["Dodge and Roll","Venomology"],"picked":"Skewer","floor":6.0},{"not_picked":["Dagger Spray","Reflex+1"],"picked":"Dodge and Roll+1","floor":7.0},{"not_picked":["Acrobatics+1","Poisoned Stab"],"picked":"Deadly Poison+1","floor":10.0},{"not_picked":["Dodge and Roll+1","Eviscerate"],"picked":"Terror+1","floor":11.0},{"not_picked":["Prepared+1","Setup+1"],"picked":"Caltrops","floor":14.0},{"not_picked":["Glass Knife","Wraith Form v2"],"picked":"Burst+1","floor":16.0},{"not_picked":["Acrobatics+1","Quick Slash"],"picked":"Riddle With Holes","floor":18.0},{"not_picked":["Acrobatics+1","Choke+1"],"picked":"Blade Dance+1","floor":21.0},{"not_picked":["Quick Slash","Prepared+1"],"picked":"Dagger Spray","floor":22},{"not_picked":["Expertise+1","Masterful Stab"],"picked":"Adrenaline+1","floor":24}],"player_experience":628528,"relics_obtained":[{"floor":6.0,"key":"Toxic Egg 2"},{"floor":9.0,"key":"Ninja Scroll"},{"floor":14.0,"key":"Pear"},{"floor":19.0,"key":"Bottled Tornado"}],"event_choices":[{"damage_healed":0.0,"max_hp_gain":5.0,"max_hp_loss":0.0,"gold_gain":0.0,"event_name":"Big Fish","player_choice":"Donut","floor":2.0,"gold_loss":0.0,"damage_taken":0.0},{"damage_healed":0.0,"max_hp_gain":0.0,"max_hp_loss":0.0,"gold_gain":0.0,"event_name":"Shining Light","player_choice":"Entered Light","floor":5.0,"gold_loss":0.0,"damage_taken":21.0,"cards_upgraded":["Survivor","Strike_G"]},{"damage_healed":0.0,"max_hp_gain":0.0,"max_hp_loss":0.0,"gold_gain":0.0,"event_name":"WeMeetAgain","player_choice":"Paid Gold","floor":12.0,"gold_loss":63.0,"damage_taken":0.0,"relics_obtained":["War Paint"]},{"damage_healed":0.0,"max_hp_gain":0.0,"max_hp_loss":0.0,"gold_gain":0.0,"event_name":"Nest","player_choice":"Joined the Cult","floor":20.0,"gold_loss":0.0,"damage_taken":6.0,"cards_obtained":["RitualDagger"]}],"is_beta":false,"boss_relics":[{"not_picked":["Astrolabe","Philosopher\u0027s Stone"],"picked":"Eternal Feather"}],"items_purged_floors":[],"is_endless":false,"potions_floor_spawned":[1,6,10,16,18,21],"killed_by":"Shelled Parasite and Fungi","ascension_level":20}