{"path_per_floor":["M","M","M","?","M","M","R","M","T","R","T","M","R","M","R","B",null,"M","?","M","?","M","R"],"character_chosen":"THE_SILENT","items_purchased":[],"gold_per_floor":[113,124,139,139,155,173,173,184,184,184,184,196,196,215,215,320,320,337,337,352,277,290,290],"floor_reached":24,"campfire_rested":3,"playtime":902,"current_hp_per_floor":[70,70,70,56,37,39,60,48,48,69,69,64,64,66,66,28,72,54,54,39,39,10,31],"items_purged":[],"gold":290,"score":192,"play_id":"ed4159fd-d60b-4dea-85ef-5a68dafc3a67","is_prod":false,"is_daily":false,"is_ascension_mode":false,"campfire_upgraded":2,"path_taken":["M","M","M","?","M","?","R","?","T","R","?","?","R","M","R","BOSS","M","?","?","?","M","R","M"],"build_version":"2018-02-15-PROD1","purchased_purges":0,"victory":false,"master_deck":["Defend_G+1","Defend_G","Defend_G","Defend_G","Defend_G","Strike_G+1","Strike_G","Strike_G","Strike_G","Survivor","Neutralize+1","Heel Hook","Bouncing Flask","Dash+1","Dagger Throw","Skewer+1","Backflip","Poisoned Stab","Bullet Time","Leg Sweep+1","Outmaneuver","Backflip+1"],"max_hp_per_floor":[70,70,70,70,70,70,70,70,70,70,70,70,70,72,72,72,72,72,72,72,72,72,72],"relics":["Ring of the Snake","Bird Faced Urn","Singing Bowl","Black Star","Tingsha"],"card_choices":[{"not_picked":["Dodge and Roll","Slice"],"picked":"Heel Hook"},{"not_picked":["Escape Plan","All Out Attack"],"picked":"Bouncing Flask"},{"not_picked":["Accuracy","Malaise"],"picked":"Dash"},{"not_picked":["Escape Plan","Deflect"],"picked":"Dagger Throw"},{"not_picked":["Sucker Punch","Cloak And Dagger"],"picked":"Skewer"},{"not_picked":["Prepared","Outmaneuver"],"picked":"Backflip"},{"not_picked":["Deflect","Underhanded Strike"],"picked":"Poisoned Stab"},{"not_picked":["Die Die Die","Adrenaline"],"picked":"Bullet Time"},{"not_picked":["Backstab","All Out Attack"],"picked":"Leg Sweep"},{"not_picked":["Backflip","Accuracy"],"picked":"Outmaneuver"},{"not_picked":["Blade Dance","Dagger Spray"],"picked":"Backflip"}],"player_experience":87594,"potions_floor_usage":[6,16,22],"damage_taken":[{"damage":0,"enemies":"2 Louse","floor":1,"turns":3},{"damage":0,"enemies":"Jaw Worm","floor":2,"turns":5},{"damage":0,"enemies":"Cultist","floor":3,"turns":3},{"damage":19,"enemies":"Lots of Slimes","floor":5,"turns":4},{"damage":4,"enemies":"Exordium Wildlife","floor":6,"turns":3},{"damage":12,"enemies":"Exordium Thugs","floor":8,"turns":6},{"damage":5,"enemies":"Looter","floor":12,"turns":3},{"damage":0,"enemies":"Blue Slaver","floor":14,"turns":3},{"damage":38,"enemies":"The Guardian","floor":16,"turns":9},{"damage":18,"enemies":"Spheric Guardian","floor":18,"turns":5},{"damage":15,"enemies":"Chosen","floor":20,"turns":5},{"damage":29,"enemies":"Slaver and Parasite","floor":22,"turns":7},{"damage":32,"enemies":"Centurion and Healer","floor":24,"turns":10}],"event_choices":[{"event_name":"Shining Light","player_choice":"Entered Light","floor":4,"damage_taken":0},{"event_name":"The Mausoleum","player_choice":"Yes","floor":19,"damage_taken":0},{"event_name":"Beggar","player_choice":"Gave Gold","floor":21,"damage_taken":0}],"boss_relics":[{"not_picked":["White Beast Statue","Philosopher\u0027s Stone"],"picked":"Black Star"}],"potions_floor_spawned":[3,12,14,16,18,20,22],"seed_played":"6266461112251874295","killed_by":"Centurion and Healer","ascension_level":0,"is_trial":false}