{"gold_per_floor":[114,133,58,77,152,152,184,184,261,261,261,280,315,332,332,332],"floor_reached":16,"playtime":393,"items_purged":["Strike_R"],"score":220,"play_id":"d24339e1-b241-4aa3-a725-1244423a97d9","local_time":"20190609203706","is_ascension_mode":true,"campfire_choices":[{"data":"Bash","floor":6,"key":"SMITH"},{"data":"Hemokinesis","floor":8,"key":"SMITH"},{"data":"Inflame","floor":10,"key":"SMITH"},{"data":"Heavy Blade","floor":15,"key":"SMITH"}],"neow_cost":"TEN_PERCENT_HP_LOSS","seed_source_timestamp":8763132266799,"circlet_count":0,"master_deck":["AscendersBane","Strike_R","Strike_R","Strike_R","Strike_R","Defend_R","Defend_R","Defend_R","Defend_R","Bash+1","Hemokinesis+1","Dropkick","Inflame+1","Headbutt","Shrug It Off","Heavy Blade+1","Dual Wield"],"relics":["Burning Blood","Gambling Chip","Vajra","Frozen Egg 2","Ornamental Fan","Ancient Tea Set"],"potions_floor_usage":[7],"damage_taken":[{"damage":7,"enemies":"Cultist","floor":1,"turns":4},{"damage":12,"enemies":"Jaw Worm","floor":2,"turns":4},{"damage":7,"enemies":"Small Slimes","floor":4,"turns":3},{"damage":8,"enemies":"Gremlin Nob","floor":7,"turns":3},{"damage":3,"enemies":"Looter","floor":12,"turns":2},{"damage":25,"enemies":"3 Sentries","floor":13,"turns":7},{"damage":5,"enemies":"Gremlin Gang","floor":14,"turns":5},{"damage":38,"enemies":"Slime Boss","floor":16,"turns":5}],"seed_played":"-3324552621969532414","potions_obtained":[{"floor":1,"key":"AttackPotion"},{"floor":2,"key":"SmokeBomb"},{"floor":4,"key":"Dexterity Potion"}],"is_trial":false,"path_per_floor":["M","M","$","M","?","R","E","R","T","R","T","M","E","M","R","B"],"character_chosen":"IRONCLAD","items_purchased":[],"campfire_rested":0,"item_purchase_floors":[],"current_hp_per_floor":[67,61,61,60,49,49,47,47,47,47,47,50,31,32,32,0],"gold":332,"neow_bonus":"ONE_RARE_RELIC","is_prod":false,"is_daily":false,"chose_seed":false,"campfire_upgraded":4,"win_rate":0,"timestamp":1560109026,"path_taken":["M","M","?","M","?","R","E","R","T","R","?","M","E","?","R","BOSS"],"build_version":"2019-01-23","purchased_purges":1,"victory":false,"max_hp_per_floor":[68,68,68,68,68,68,68,68,68,68,68,68,68,68,68,68],"card_choices":[{"not_picked":["Shockwave","Flex"],"picked":"Hemokinesis","floor":1},{"not_picked":["Searing Blow","Body Slam"],"picked":"Dropkick","floor":2},{"not_picked":["Hemokinesis","Thunderclap"],"picked":"Inflame","floor":4},{"not_picked":["Armaments","Clash"],"picked":"Headbutt","floor":7},{"not_picked":["Fire Breathing+1","Pommel Strike"],"picked":"Shrug It Off","floor":12},{"not_picked":["Thunderclap","Power Through"],"picked":"Heavy Blade","floor":13},{"not_picked":["Perfected Strike","Clash"],"picked":"Dual Wield","floor":14}],"player_experience":1437215,"relics_obtained":[{"floor":7,"key":"Vajra"},{"floor":9,"key":"Frozen Egg 2"},{"floor":11,"key":"Ornamental Fan"},{"floor":13,"key":"Ancient Tea Set"}],"event_choices":[{"damage_healed":0,"gold_gain":75,"player_choice":"Gather Gold","damage_taken":11,"max_hp_gain":0,"max_hp_loss":0,"event_name":"World of Goop","floor":5,"gold_loss":0}],"is_beta":false,"boss_relics":[],"items_purged_floors":[3],"is_endless":false,"potions_floor_spawned":[1,2,4],"killed_by":"Slime Boss","ascension_level":20}