{"gold_per_floor":[112,112,132,152,40,40,75,75,75,75,94,94,11,11,11,106,106,131,81,25,38,63,63],"floor_reached":23,"playtime":795,"items_purged":["Injury"],"score":378,"play_id":"cbae256f-6034-4d98-9296-de181a35e971","local_time":"20190709090707","is_ascension_mode":true,"campfire_choices":[{"data":"Chaos","floor":6,"key":"SMITH"},{"floor":10,"key":"REST"},{"data":"Tempest","floor":12,"key":"SMITH"},{"data":"Capacitor","floor":15,"key":"SMITH"}],"neow_cost":"NONE","seed_source_timestamp":7028057003900,"circlet_count":0,"master_deck":["AscendersBane","Strike_B","Strike_B","Strike_B","Strike_B","Defend_B","Defend_B","Defend_B","Defend_B","Zap","Dualcast+1","Chill","Tempest+1","Chaos+1","Capacitor+1","Steam","Conserve Battery","Chill","Echo Form","Coolheaded+1","Chaos","Steam","Cold Snap","BootSequence","Glacier"],"relics":["Cracked Core","NeowsBlessing","Golden Idol","Centennial Puzzle","Boot","Bottled Lightning","Orrery"],"potions_floor_usage":[16,22],"damage_taken":[{"damage":0,"enemies":"Jaw Worm","floor":1,"turns":1},{"damage":0,"enemies":"Small Slimes","floor":3,"turns":1},{"damage":0,"enemies":"2 Louse","floor":4,"turns":1},{"damage":43,"enemies":"Lagavulin","floor":7,"turns":8},{"damage":7,"enemies":"Red Slaver","floor":11,"turns":4},{"damage":23,"enemies":"The Guardian","floor":16,"turns":10},{"damage":12,"enemies":"Shell Parasite","floor":18,"turns":7},{"damage":3,"enemies":"2 Thieves","floor":21,"turns":4},{"damage":1,"enemies":"Snake Plant","floor":22,"turns":5},{"damage":51,"enemies":"Gremlin Leader","floor":23,"turns":10}],"seed_played":"-398999640839782913","potions_obtained":[{"floor":4,"key":"SmokeBomb"},{"floor":7,"key":"Weak Potion"},{"floor":16,"key":"SteroidPotion"}],"is_trial":false,"path_per_floor":["M","?","M","M","$","R","E","?","T","R","M","R","$","$","R","B",null,"M","?","$","M","M","E"],"character_chosen":"DEFECT","items_purchased":["Capacitor","Chill","SkillPotion"],"campfire_rested":1,"item_purchase_floors":[5,13,20],"current_hp_per_floor":[64,64,64,64,64,64,21,16,16,37,30,30,30,30,30,7,55,43,43,43,40,39,0],"gold":63,"neow_bonus":"THREE_ENEMY_KILL","is_prod":false,"is_daily":false,"chose_seed":false,"campfire_upgraded":3,"win_rate":0,"timestamp":1562688427,"path_taken":["M","?","M","M","$","R","E","?","T","R","M","R","?","$","R","BOSS","M","?","$","M","?","E"],"build_version":"2019-07-05","purchased_purges":1,"victory":false,"max_hp_per_floor":[71,71,71,71,71,71,71,71,71,71,71,71,71,71,71,71,71,71,71,71,71,71,71],"card_choices":[{"not_picked":["Sweeping Beam","Compile Driver"],"picked":"Chill","floor":1},{"not_picked":["Conserve Battery","Rebound"],"picked":"Tempest","floor":3},{"not_picked":["Storm","Undo"],"picked":"Chaos","floor":4},{"not_picked":["Streamline","Sweeping Beam"],"picked":"Steam","floor":7},{"not_picked":["Redo","Recycle"],"picked":"Conserve Battery","floor":11},{"not_picked":["Hyperbeam","Rainbow"],"picked":"Echo Form","floor":16},{"not_picked":["Ball Lightning","Turbo"],"picked":"Coolheaded","floor":17},{"not_picked":["Redo","Consume"],"picked":"Chaos","floor":17},{"not_picked":["Cold Snap","Ball Lightning"],"picked":"Steam","floor":17},{"not_picked":["Sweeping Beam","Go for the Eyes"],"picked":"Cold Snap","floor":17},{"not_picked":["Gash","Rebound"],"picked":"BootSequence","floor":17},{"not_picked":["Fusion","Ball Lightning+1"],"picked":"Glacier","floor":18},{"not_picked":["Rebound+1","Hologram","Stack"],"picked":"SKIP","floor":21},{"not_picked":["Sweeping Beam","Ball Lightning","Redo"],"picked":"SKIP","floor":22}],"player_experience":1245913,"relics_obtained":[{"floor":7,"key":"Centennial Puzzle"},{"floor":9,"key":"Bottled Lightning"}],"event_choices":[{"damage_healed":0,"gold_gain":0,"player_choice":"Take Wound","damage_taken":0,"relics_obtained":["Golden Idol"],"max_hp_gain":0,"max_hp_loss":0,"event_name":"Golden Idol","floor":2,"gold_loss":0,"cards_obtained":["Injury"]},{"damage_healed":0,"gold_gain":0,"player_choice":"Success","damage_taken":5,"relics_obtained":["Boot"],"max_hp_gain":0,"max_hp_loss":0,"event_name":"Scrap Ooze","floor":8,"gold_loss":0},{"damage_healed":0,"gold_gain":0,"player_choice":"Upgraded Two","damage_taken":0,"max_hp_gain":0,"max_hp_loss":0,"event_name":"Designer","floor":19,"gold_loss":50,"cards_upgraded":["Coolheaded","Dualcast"]}],"is_beta":false,"boss_relics":[{"not_picked":["Velvet Choker","White Beast Statue"],"picked":"Orrery"}],"items_purged_floors":[5],"is_endless":false,"potions_floor_spawned":[4,7,16],"killed_by":"Gremlin Leader","ascension_level":20}