{"gold_per_floor":[117,117,134,147,160,160,160,160,160,172,69,69,83,98,98,174,174,186,136,136],"floor_reached":20,"playtime":530,"items_purged":[],"score":410,"play_id":"e0d0609b-3211-43a8-8351-ccee40587b46","local_time":"20180908124340","is_ascension_mode":true,"campfire_choices":[{"floor":6.0,"key":"REST"},{"data":"Conserve Battery","floor":8.0,"key":"SMITH"},{"data":"Defragment","floor":15.0,"key":"SMITH"}],"neow_cost":"NONE","seed_source_timestamp":144073886048645,"circlet_count":0,"master_deck":["Zap+1","Dualcast","AscendersBane","Cold Snap+1","Ball Lightning","Conserve Battery+1","Hologram","Defragment+1","Go for the Eyes","Ball Lightning","Machine Learning","Hologram+1","Beam Cell","Barrage","Loop","Streamline","Rebound","Redo","Redo","Auto Shields"],"special_seed":0,"relics":["Cracked Core","Gremlin Horn","Pandora\u0027s Box"],"potions_floor_usage":[16],"damage_taken":[{"damage":7.0,"enemies":"Jaw Worm","floor":1.0,"turns":3.0},{"damage":7.0,"enemies":"2 Louse","floor":3.0,"turns":2.0},{"damage":0.0,"enemies":"Cultist","floor":4.0,"turns":2.0},{"damage":28.0,"enemies":"Gremlin Gang","floor":5.0,"turns":4.0},{"damage":1.0,"enemies":"Blue Slaver","floor":10.0,"turns":4.0},{"damage":0.0,"enemies":"Large Slime","floor":13.0,"turns":4.0},{"damage":13.0,"enemies":"Exordium Wildlife","floor":14.0,"turns":4.0},{"damage":0,"enemies":"Slime Boss","floor":16,"turns":6},{"damage":31,"enemies":"Shell Parasite","floor":18,"turns":5},{"damage":31,"enemies":"Colosseum Slavers","floor":20,"turns":4}],"seed_played":"5347237241411414219","potions_obtained":[{"floor":3.0,"key":"Ancient Potion"},{"floor":13.0,"key":"Strength Potion"}],"is_trial":false,"path_per_floor":["M","?","M","M","M","R","?","R","T","M","$","$","M","M","R","B",null,"M","?"],"character_chosen":"DEFECT","items_purchased":["Defragment","Go for the Eyes"],"campfire_rested":1,"item_purchase_floors":[11,11],"current_hp_per_floor":[57,57,50,50,22,43,43,43,43,42,42,42,42,29,29,29,61,30,30,0],"gold":136,"neow_bonus":"UPGRADE_CARD","is_prod":false,"is_daily":false,"chose_seed":false,"campfire_upgraded":2,"win_rate":0,"timestamp":1536425020,"path_taken":["M","?","?","M","M","R","?","R","T","M","?","$","M","M","R","BOSS","M","?","?"],"build_version":"2018-09-06","purchased_purges":0,"victory":false,"max_hp_per_floor":[71,71,71,71,71,71,71,71,71,71,71,71,71,71,71,71,71,71,71,71],"card_choices":[{"not_picked":["Turbo","Melter"],"picked":"Cold Snap","floor":1.0},{"not_picked":["Gash","Turbo"],"picked":"Ball Lightning","floor":3.0},{"not_picked":["Redo","Turbo","Double Energy"],"picked":"SKIP","floor":4.0},{"not_picked":["Consume","Stack"],"picked":"Conserve Battery","floor":5.0},{"not_picked":["Blizzard","Stack"],"picked":"Hologram","floor":10.0},{"not_picked":["Darkness","Fission"],"picked":"Ball Lightning","floor":13.0},{"not_picked":["BootSequence","Gash","Redo"],"picked":"SKIP","floor":14.0},{"not_picked":["Amplify","Reboot"],"picked":"Machine Learning","floor":16},{"not_picked":["Rebound","Redo"],"picked":"Auto Shields","floor":18}],"player_experience":332825,"relics_obtained":[{"floor":9.0,"key":"Gremlin Horn"}],"event_choices":[{"event_name":"Living Wall","player_choice":"Grow","floor":2.0,"damage_taken":0.0},{"event_name":"Golden Idol","player_choice":"Ignored","floor":7.0,"damage_taken":0.0},{"event_name":"Designer","player_choice":"Upgrade Card","floor":19,"damage_taken":0},{"event_name":"Colosseum","player_choice":"Fight","floor":20,"damage_taken":0}],"is_beta":false,"boss_relics":[{"not_picked":["Runic Dome","Coffee Dripper"],"picked":"Pandora\u0027s Box"}],"items_purged_floors":[],"is_endless":false,"potions_floor_spawned":[3,13,14],"killed_by":"Colosseum Slavers","ascension_level":18}