{"gold_per_floor":[116,116,191,211,224,224,257,257,284,58,58,58,86,106,106,182,182,196,196,106,20,70,70,102,102,126,138],"floor_reached":27,"playtime":671,"items_purged":[],"score":447,"play_id":"1b4db7b8-32ce-4727-b985-c6c29e641f00","local_time":"20190503150100","is_ascension_mode":true,"campfire_choices":[{"data":"Shockwave","floor":6,"key":"SMITH"},{"data":"Bash","floor":8,"key":"SMITH"},{"data":"Clothesline","floor":11,"key":"SMITH"},{"data":"Rampage","floor":15,"key":"SMITH"},{"floor":23,"key":"REST"}],"neow_cost":"NONE","seed_source_timestamp":528676938799952,"circlet_count":0,"master_deck":["AscendersBane","Strike_R","Strike_R","Defend_R","Defend_R","Defend_R","Defend_R","Bash+1","Blood for Blood","Shockwave+1","Iron Wave","Clothesline+1","Headbutt","Rampage+1","Feed","Barricade+1","Sever Soul+1","Hemokinesis+1","Whirlwind","Disarm","Flame Barrier","Double Tap+1"],"relics":["Burning Blood","Strawberry","Boot","Centennial Puzzle","Red Skull","Question Card","Art of War","Astrolabe","Shuriken","Toxic Egg 2","MawBank"],"potions_floor_usage":[7,24,24],"damage_taken":[{"damage":7,"enemies":"Jaw Worm","floor":1,"turns":6},{"damage":4,"enemies":"2 Louse","floor":4,"turns":3},{"damage":3,"enemies":"Cultist","floor":5,"turns":4},{"damage":43,"enemies":"3 Sentries","floor":7,"turns":11},{"damage":6,"enemies":"Gremlin Nob","floor":13,"turns":3},{"damage":7,"enemies":"Large Slime","floor":14,"turns":5},{"damage":20,"enemies":"The Guardian","floor":16,"turns":8},{"damage":35,"enemies":"2 Thieves","floor":18,"turns":4},{"damage":61,"enemies":"Slavers","floor":24,"turns":5},{"damage":30,"enemies":"Book of Stabbing","floor":27,"turns":5}],"seed_played":"6792412454729282210","potions_obtained":[{"floor":5,"key":"Block Potion"},{"floor":7,"key":"SteroidPotion"},{"floor":16,"key":"SkillPotion"}],"is_trial":false,"path_per_floor":["M","?","?","M","M","R","E","R","T","$","R","T","E","M","R","B",null,"M","?","$","$","?","R","E","?","T","E"],"character_chosen":"IRONCLAD","items_purchased":["Red Skull","Clothesline","Disarm","Flame Barrier"],"campfire_rested":1,"item_purchase_floors":[10,10,20,21],"current_hp_per_floor":[74,74,63,65,68,68,31,31,31,31,31,31,31,30,30,16,66,37,37,37,37,37,61,9,26,26,0],"gold":138,"neow_bonus":"RANDOM_COMMON_RELIC","is_prod":false,"is_daily":false,"chose_seed":false,"campfire_upgraded":4,"win_rate":0,"timestamp":1556910060,"path_taken":["M","?","?","M","M","R","E","R","T","$","R","?","E","?","R","BOSS","M","?","?","$","?","R","E","?","T","E"],"build_version":"2019-01-23","purchased_purges":0,"victory":false,"max_hp_per_floor":[82,82,82,82,82,82,82,82,82,82,82,82,82,82,82,82,82,82,82,82,82,82,82,85,85,85,85],"card_choices":[{"not_picked":["Wild Strike","Sentinel"],"picked":"Blood for Blood","floor":1},{"not_picked":["Blood for Blood","Body Slam"],"picked":"Shockwave","floor":4},{"not_picked":["Havoc","Power Through","Sever Soul"],"picked":"SKIP","floor":5},{"not_picked":["Pummel","True Grit"],"picked":"Iron Wave","floor":7},{"not_picked":["Clash","Entrench","Offering"],"picked":"Headbutt","floor":13},{"not_picked":["Twin Strike","Sentinel","Flex"],"picked":"Rampage","floor":14},{"not_picked":["Brutality","Berserk","Impervious"],"picked":"Feed","floor":16},{"not_picked":["Clothesline+1","Inflame","Cleave"],"picked":"Whirlwind","floor":18},{"not_picked":["Twin Strike","Blood for Blood","Searing Blow"],"picked":"Double Tap","floor":24}],"player_experience":672467,"relics_obtained":[{"floor":7,"key":"Boot"},{"floor":9,"key":"Centennial Puzzle"},{"floor":12,"key":"Question Card"},{"floor":13,"key":"Art of War"},{"floor":19,"key":"Shuriken"},{"floor":24,"key":"Toxic Egg 2"},{"floor":26,"key":"MawBank"}],"event_choices":[{"damage_healed":0,"gold_gain":0,"player_choice":"Ignored","damage_taken":0,"max_hp_gain":0,"max_hp_loss":0,"event_name":"Shining Light","floor":2,"gold_loss":0},{"damage_healed":0,"gold_gain":75,"player_choice":"Gather Gold","damage_taken":11,"max_hp_gain":0,"max_hp_loss":0,"event_name":"World of Goop","floor":3,"gold_loss":0},{"damage_healed":0,"gold_gain":0,"player_choice":"Relic","damage_taken":0,"max_hp_gain":0,"max_hp_loss":0,"event_name":"Wheel of Change","floor":19,"gold_loss":0},{"damage_healed":0,"gold_gain":50,"player_choice":"Stole From Cult","damage_taken":0,"max_hp_gain":0,"max_hp_loss":0,"event_name":"Nest","floor":22,"gold_loss":0},{"damage_healed":17,"gold_gain":0,"player_choice":"Heal","damage_taken":0,"max_hp_gain":0,"max_hp_loss":0,"event_name":"The Library","floor":25,"gold_loss":0}],"is_beta":false,"boss_relics":[{"not_picked":["Cursed Key","Black Blood"],"picked":"Astrolabe"}],"items_purged_floors":[],"is_endless":false,"potions_floor_spawned":[5,7,16],"killed_by":"Book of Stabbing","ascension_level":18}