{"gold_per_floor":[112,112,126,126,46,46,80,94,94,94,125,125,158,174,174,251,251,265,265,285,285,301,301,271,271],"floor_reached":25,"playtime":918,"items_purged":[],"score":488,"play_id":"b9da4e3a-a2b4-4fed-a9e6-9be9806766d1","local_time":"20190614220857","is_ascension_mode":true,"campfire_choices":[{"data":"Caltrops","floor":6.0,"key":"SMITH"},{"data":"Neutralize","floor":10.0,"key":"SMITH"},{"data":"Dagger Spray","floor":12.0,"key":"SMITH"},{"floor":15.0,"key":"REST"},{"floor":23,"key":"REST"}],"neow_cost":"NONE","seed_source_timestamp":0,"circlet_count":0,"master_deck":["AscendersBane","Defend_G","Defend_G","Defend_G","Defend_G","Defend_G","Strike_G","Strike_G","Strike_G+1","Strike_G","Survivor","Neutralize+1","Leg Sweep","Well Laid Plans","Caltrops+1","Dagger Spray+1","Dagger Spray+1","Dash","Malaise","Phantasmal Killer","Dash"],"special_seed":0,"relics":["Ring of the Snake","NeowsBlessing","Dodecahedron","Whetstone","Oddly Smooth Stone","Omamori","Snecko Eye","Nilry\u0027s Codex"],"potions_floor_usage":[22,22],"damage_taken":[{"damage":0.0,"enemies":"Jaw Worm","floor":1.0,"turns":1.0},{"damage":0.0,"enemies":"2 Louse","floor":3.0,"turns":1.0},{"damage":0.0,"enemies":"Lagavulin","floor":7.0,"turns":2.0},{"damage":1.0,"enemies":"Cultist","floor":8.0,"turns":4.0},{"damage":14.0,"enemies":"3 Sentries","floor":11.0,"turns":5.0},{"damage":22.0,"enemies":"Lagavulin","floor":13.0,"turns":11.0},{"damage":0.0,"enemies":"2 Fungi Beasts","floor":14.0,"turns":2.0},{"damage":6.0,"enemies":"The Guardian","floor":16.0,"turns":12.0},{"damage":12.0,"enemies":"Shell Parasite","floor":18.0,"turns":9.0},{"damage":2.0,"enemies":"Chosen","floor":20.0,"turns":7.0},{"damage":14,"enemies":"Shelled Parasite and Fungi","floor":22,"turns":6},{"damage":28,"enemies":"3 Cultists","floor":25,"turns":4}],"seed_played":"6267821539741416913","potions_obtained":[{"floor":7.0,"key":"Explosive Potion"},{"floor":14.0,"key":"Fire Potion"},{"floor":16.0,"key":"PowerPotion"},{"floor":18.0,"key":"EssenceOfSteel"},{"floor":20.0,"key":"GamblersBrew"},{"floor":24,"key":"SpeedPotion"},{"floor":24,"key":"SpeedPotion"}],"is_trial":false,"path_per_floor":["M","$","M","?","$","R","E","M","T","R","E","R","E","M","R","B",null,"M","?","M","?","M","R","?","M"],"character_chosen":"THE_SILENT","items_purchased":["Caltrops"],"campfire_rested":2,"item_purchase_floors":[5],"current_hp_per_floor":[59,59,59,52,52,52,52,51,51,51,37,37,15,15,34,28,57,45,24,22,22,8,27,27,0],"gold":271,"neow_bonus":"THREE_ENEMY_KILL","is_prod":false,"is_daily":false,"chose_seed":false,"campfire_upgraded":3,"win_rate":0,"timestamp":1560564537,"path_taken":["M","$","M","?","$","R","E","M","T","R","E","R","E","M","R","BOSS","M","?","M","?","?","R","?","M"],"build_version":"2019-01-23","purchased_purges":0,"victory":false,"max_hp_per_floor":[66,66,66,66,66,66,66,66,66,66,66,66,66,66,66,66,66,66,66,66,66,66,66,66,66],"card_choices":[{"not_picked":["Cloak And Dagger","Dagger Throw"],"picked":"Leg Sweep","floor":1.0},{"not_picked":["Slice","Adrenaline"],"picked":"Well Laid Plans","floor":3.0},{"not_picked":["Outmaneuver","Cloak And Dagger"],"picked":"Dagger Spray","floor":7.0},{"not_picked":["Acrobatics","Poisoned Stab"],"picked":"Dagger Spray","floor":8.0},{"not_picked":["Terror","Heel Hook"],"picked":"Dash","floor":11.0},{"not_picked":["Dagger Throw","Distraction","Underhanded Strike"],"picked":"SKIP","floor":13.0},{"not_picked":["Crippling Poison","Eviscerate","Prepared"],"picked":"SKIP","floor":14.0},{"not_picked":["After Image","Unload"],"picked":"Malaise","floor":16.0},{"not_picked":["Bane+1","Flechettes","Acrobatics+1"],"picked":"SKIP","floor":18.0},{"not_picked":["Deadly Poison","Slice","Expertise+1"],"picked":"SKIP","floor":20.0},{"not_picked":["Blur","All Out Attack"],"picked":"Dash","floor":22}],"player_experience":738501,"relics_obtained":[{"floor":7.0,"key":"Dodecahedron"},{"floor":9.0,"key":"Whetstone"},{"floor":11.0,"key":"Oddly Smooth Stone"},{"floor":13.0,"key":"Omamori"},{"floor":19.0,"key":"Nilry\u0027s Codex"}],"event_choices":[{"cards_removed":["Strike_G"],"damage_healed":0.0,"max_hp_gain":0.0,"max_hp_loss":0.0,"gold_gain":0.0,"event_name":"Golden Wing","player_choice":"Card Removal","floor":4.0,"gold_loss":0.0,"damage_taken":7.0},{"damage_healed":0.0,"max_hp_gain":0.0,"max_hp_loss":0.0,"gold_gain":0.0,"event_name":"Cursed Tome","player_choice":"Obtained Book","floor":19.0,"gold_loss":0.0,"damage_taken":21.0},{"damage_healed":0.0,"max_hp_gain":0.0,"max_hp_loss":0.0,"gold_gain":0.0,"event_name":"Match and Keep!","player_choice":"1 cards matched","floor":21.0,"gold_loss":0.0,"damage_taken":0.0,"cards_obtained":["Phantasmal Killer"]},{"damage_healed":0,"gold_gain":0,"player_choice":"Bought 2 Potions","damage_taken":0,"max_hp_gain":0,"max_hp_loss":0,"event_name":"The Woman in Blue","floor":24,"gold_loss":0}],"is_beta":false,"boss_relics":[{"not_picked":["WristBlade","White Beast Statue"],"picked":"Snecko Eye"}],"items_purged_floors":[],"is_endless":false,"potions_floor_spawned":[7,14,16,18,20],"killed_by":"3 Cultists","ascension_level":20}