{"gold_per_floor":[113,127,127,127,139,139,155,155,155,188,202,220,220,237,237,237],"floor_reached":16,"playtime":479,"items_purged":[],"score":208,"play_id":"9f0495e6-5ffa-42a1-81c6-8de2a2a93300","local_time":"20190510220859","is_ascension_mode":true,"campfire_choices":[{"data":"Neutralize","floor":6.0,"key":"SMITH"},{"data":"Dagger Spray","floor":8.0,"key":"SMITH"},{"floor":13,"key":"REST"},{"floor":15,"key":"REST"}],"neow_cost":"NONE","seed_source_timestamp":1159152451054508,"circlet_count":0,"master_deck":["AscendersBane","Defend_G+1","Defend_G+1","Defend_G","Defend_G","Defend_G","Strike_G","Strike_G","Strike_G","Strike_G","Survivor","Neutralize+1","Quick Slash","Dagger Spray+1","Crippling Poison","Poisoned Stab","Dagger Throw","Predator","Flying Knee","After Image"],"special_seed":0,"relics":["Ring of the Snake","NeowsBlessing","Torii","Tingsha","War Paint"],"potions_floor_usage":[11,16,16],"damage_taken":[{"damage":0.0,"enemies":"Jaw Worm","floor":1.0,"turns":1.0},{"damage":0.0,"enemies":"2 Louse","floor":2.0,"turns":1.0},{"damage":0.0,"enemies":"Cultist","floor":5.0,"turns":1.0},{"damage":3.0,"enemies":"Lots of Slimes","floor":7.0,"turns":3.0},{"damage":20.0,"enemies":"3 Sentries","floor":10.0,"turns":9.0},{"damage":11,"enemies":"Exordium Thugs","floor":11,"turns":4},{"damage":1,"enemies":"Blue Slaver","floor":12,"turns":4},{"damage":2,"enemies":"3 Louse","floor":14,"turns":3},{"damage":50,"enemies":"Slime Boss","floor":16,"turns":10}],"seed_played":"6648659883605274600","potions_obtained":[{"floor":7.0,"key":"Dexterity Potion"},{"floor":10.0,"key":"Dexterity Potion"},{"floor":12,"key":"Explosive Potion"}],"is_trial":false,"path_per_floor":["M","M","?","?","M","R","M","R","T","E","M","M","R","M","R","B"],"character_chosen":"THE_SILENT","items_purchased":[],"campfire_rested":2,"item_purchase_floors":[],"current_hp_per_floor":[59,59,41,41,41,41,38,38,38,18,7,6,25,23,42,0],"gold":237,"neow_bonus":"THREE_ENEMY_KILL","is_prod":false,"is_daily":false,"chose_seed":false,"campfire_upgraded":2,"win_rate":0,"timestamp":1557540539,"path_taken":["M","M","?","?","M","R","M","R","T","E","?","M","R","M","R","BOSS"],"build_version":"2019-01-23","purchased_purges":0,"victory":false,"max_hp_per_floor":[66,66,66,66,66,66,66,66,66,66,66,66,66,66,66,66],"card_choices":[{"not_picked":["Dagger Throw","Backflip"],"picked":"Quick Slash","floor":1.0},{"not_picked":["Leg Sweep","Riddle With Holes"],"picked":"Dagger Spray","floor":2.0},{"not_picked":["Escape Plan","Setup"],"picked":"Poisoned Stab","floor":5.0},{"not_picked":["Blade Dance","PiercingWail"],"picked":"Dagger Throw","floor":7.0},{"not_picked":["Skewer","Deadly Poison"],"picked":"Predator","floor":10.0},{"not_picked":["Dodge and Roll","Masterful Stab"],"picked":"Flying Knee","floor":11},{"not_picked":["PiercingWail","Blade Dance"],"picked":"After Image","floor":12},{"not_picked":["Deflect","Calculated Gamble","Prepared"],"picked":"SKIP","floor":14}],"player_experience":681285,"relics_obtained":[{"floor":9.0,"key":"Tingsha"},{"floor":10.0,"key":"War Paint"}],"event_choices":[{"damage_healed":0.0,"max_hp_gain":0.0,"max_hp_loss":0.0,"gold_gain":0.0,"event_name":"Scrap Ooze","player_choice":"Success","floor":3.0,"gold_loss":0.0,"damage_taken":18.0,"relics_obtained":["Torii"]},{"damage_healed":0.0,"max_hp_gain":0.0,"max_hp_loss":0.0,"gold_gain":0.0,"cards_transformed":["Strike_G"],"event_name":"Transmorgrifier","player_choice":"Transformed","floor":4.0,"gold_loss":0.0,"damage_taken":0.0,"cards_obtained":["Crippling Poison"]}],"is_beta":false,"boss_relics":[],"items_purged_floors":[],"is_endless":false,"potions_floor_spawned":[7,10,12,14],"killed_by":"Slime Boss","ascension_level":20}