{"gold_per_floor":[119,129,129,2,16,16,29,29,29,29,204,204,24,24,24,124,124,141,141,141,141,161,161,176,176,176,189,120,120,137,153,153,248,248,259,259,12,30,49,49,62,62,62,75,75,91,40,58,58,58],"floor_reached":51,"playtime":9017,"items_purged":["Strike_G","Doubt","Strike_G"],"score":689,"play_id":"17af5517-182a-4aea-bcd6-5b5ba95bcb37","local_time":"20190711163358","is_ascension_mode":false,"campfire_choices":[{"data":"Dagger Spray","floor":6,"key":"SMITH"},{"data":"Noxious Fumes","floor":8,"key":"SMITH"},{"data":"Neutralize","floor":12,"key":"SMITH"},{"data":"Noxious Fumes","floor":15,"key":"SMITH"},{"data":"Noxious Fumes","floor":23,"key":"SMITH"},{"floor":25,"key":"REST"},{"data":"Dodge and Roll","floor":29,"key":"SMITH"},{"floor":32,"key":"REST"},{"data":"Footwork","floor":40,"key":"SMITH"},{"floor":42,"key":"REST"},{"data":"Malaise","floor":45,"key":"SMITH"},{"floor":49,"key":"REST"}],"neow_cost":"NONE","seed_source_timestamp":102154953606037,"circlet_count":0,"master_deck":["Strike_G","Defend_G","Defend_G","Defend_G","Defend_G","Defend_G","Survivor","Neutralize+1","Dodge and Roll+1","Noxious Fumes+1","Dagger Spray+1","Noxious Fumes+1","Endless Agony","Noxious Fumes+1","Malaise+1","Backflip","Catalyst+1","Bouncing Flask+1","Deflect","Escape Plan","PiercingWail+1","Well Laid Plans+1","Corpse Explosion","Noxious Fumes","Footwork+1","Dodge and Roll","Blur","Escape Plan","Blur"],"relics":["Cursed Key"],"potions_floor_usage":[16,27,27,38,41,41,50,50],"damage_taken":[{"damage":0,"enemies":"2 Louse","floor":1,"turns":3},{"damage":0,"enemies":"Small Slimes","floor":2,"turns":3},{"damage":0,"enemies":"Jaw Worm","floor":5,"turns":5},{"damage":12,"enemies":"Exordium Thugs","floor":7,"turns":5},{"damage":0,"enemies":"Hexaghost","floor":16,"turns":9},{"damage":19,"enemies":"2 Thieves","floor":18,"turns":5},{"damage":0,"enemies":"3 Byrds","floor":22,"turns":5},{"damage":14,"enemies":"Snecko","floor":24,"turns":6},{"damage":2,"enemies":"3 Cultists","floor":27,"turns":4},{"damage":4,"enemies":"Centurion and Healer","floor":30,"turns":6},{"damage":11,"enemies":"Snake Plant","floor":31,"turns":5},{"damage":5,"enemies":"Champ","floor":33,"turns":7},{"damage":13,"enemies":"Orb Walker","floor":35,"turns":4},{"damage":17,"enemies":"3 Darklings","floor":38,"turns":4},{"damage":6,"enemies":"Maw","floor":39,"turns":8},{"damage":3,"enemies":"Transient","floor":41,"turns":5},{"damage":9,"enemies":"Jaw Worm Horde","floor":44,"turns":5},{"damage":0,"enemies":"Maw","floor":46,"turns":6},{"damage":14,"enemies":"3 Darklings","floor":48,"turns":4},{"damage":42,"enemies":"Awakened One","floor":50,"turns":15}],"seed_played":"-8341966111016988497","potions_obtained":[{"floor":5,"key":"Swift Potion"},{"floor":18,"key":"Block Potion"},{"floor":24,"key":"Explosive Potion"},{"floor":27,"key":"PowerPotion"},{"floor":33,"key":"PowerPotion"},{"floor":36,"key":"Swift Potion"},{"floor":36,"key":"SpeedPotion"},{"floor":38,"key":"Poison Potion"},{"floor":41,"key":"Strength Potion"},{"floor":44,"key":"FearPotion"},{"floor":46,"key":"AttackPotion"}],"is_trial":false,"path_per_floor":["M","M","?","$","M","R","M","R","T","?","?","R","$","?","R","B",null,"M","?","?","?","M","R","M","R","T","M","$","R","M","M","R","B",null,"M","?","$","M","M","R","M","R","T","M","R","M","$","M","R","B",null],"character_chosen":"THE_SILENT","items_purchased":["Dagger Spray","Noxious Fumes","Escape Plan","Footwork","Dodge and Roll","Weak Potion"],"campfire_rested":4,"item_purchase_floors":[4,13,28,37,37,47],"current_hp_per_floor":[70,70,63,63,63,63,51,51,51,51,51,51,51,51,51,51,70,51,51,51,38,38,38,24,46,46,44,44,44,40,29,51,46,75,62,62,62,45,39,39,36,58,58,49,49,49,49,35,57,15],"gold":58,"neow_bonus":"BOSS_RELIC","is_prod":false,"is_daily":false,"chose_seed":false,"campfire_upgraded":8,"win_rate":0,"timestamp":1562855638,"path_taken":["M","M","?","$","M","R","M","R","T","?","?","R","$","?","R","BOSS","M","?","?","?","M","R","M","R","T","M","$","R","M","M","R","BOSS","M","?","$","M","M","R","?","R","T","M","R","M","$","M","R","BOSS"],"build_version":"2019-07-05","purchased_purges":3,"victory":true,"max_hp_per_floor":[70,70,70,70,70,70,70,70,70,70,70,70,70,70,70,70,70,70,70,70,75,75,75,75,75,75,75,75,75,75,75,75,75,75,75,75,75,75,75,75,75,75,75,75,75,75,75,75,75,75],"card_choices":[{"not_picked":["Prepared","Flechettes"],"picked":"Dodge and Roll","floor":1},{"not_picked":["Dagger Spray","Backflip"],"picked":"Noxious Fumes","floor":2},{"not_picked":["Flying Knee","Well Laid Plans"],"picked":"Noxious Fumes","floor":5},{"not_picked":["Skewer","Acrobatics"],"picked":"Endless Agony","floor":7},{"not_picked":["Night Terror","Envenom"],"picked":"Malaise","floor":16},{"not_picked":["Poisoned Stab+1","Deflect"],"picked":"Backflip","floor":18},{"not_picked":["Reflex","Well Laid Plans"],"picked":"Catalyst+1","floor":22},{"not_picked":["Predator+1","Poisoned Stab+1"],"picked":"Bouncing Flask+1","floor":24},{"not_picked":["Infinite Blades","Riddle With Holes"],"picked":"Deflect","floor":27},{"not_picked":["Sucker Punch","Dodge and Roll"],"picked":"PiercingWail+1","floor":30},{"not_picked":["Finisher+1","Riddle With Holes"],"picked":"Well Laid Plans+1","floor":31},{"not_picked":["Storm of Steel","Unload"],"picked":"Corpse Explosion","floor":33},{"not_picked":["Riddle With Holes","Sucker Punch"],"picked":"Noxious Fumes","floor":35},{"not_picked":["Reflex+1","Flying Knee","Poisoned Stab+1"],"picked":"SKIP","floor":38},{"not_picked":["Bane","Accuracy+1"],"picked":"Blur","floor":39},{"not_picked":["Underhanded Strike","Bane","PiercingWail+1"],"picked":"SKIP","floor":41},{"not_picked":["Dodge and Roll","Flying Knee+1"],"picked":"Escape Plan","floor":44},{"not_picked":["Predator+1","Reflex+1"],"picked":"Blur","floor":46},{"not_picked":["Endless Agony","Bane","Wraith Form v2"],"picked":"SKIP","floor":48}],"player_experience":69566,"relics_obtained":[],"event_choices":[{"cards_removed":["Strike_G"],"damage_healed":0,"gold_gain":0,"player_choice":"Card Removal","damage_taken":7,"max_hp_gain":0,"max_hp_loss":0,"event_name":"Golden Wing","floor":3,"gold_loss":0},{"damage_healed":0,"gold_gain":0,"player_choice":"Searched \u00270\u0027 times","damage_taken":0,"max_hp_gain":0,"max_hp_loss":0,"event_name":"Dead Adventurer","floor":10,"gold_loss":0},{"damage_healed":0,"gold_gain":175,"player_choice":"AGREE","damage_taken":0,"max_hp_gain":0,"max_hp_loss":0,"event_name":"Liars Game","floor":11,"gold_loss":0,"cards_obtained":["Doubt"]},{"cards_removed":["Strike_G"],"damage_healed":0,"gold_gain":0,"player_choice":"Forget","damage_taken":0,"max_hp_gain":0,"max_hp_loss":0,"event_name":"Living Wall","floor":14,"gold_loss":0},{"damage_healed":0,"gold_gain":0,"player_choice":"Ignored","damage_taken":0,"max_hp_gain":0,"max_hp_loss":0,"event_name":"Vampires","floor":19,"gold_loss":0},{"damage_healed":0,"gold_gain":0,"player_choice":"Ignored","damage_taken":0,"max_hp_gain":0,"max_hp_loss":0,"event_name":"The Mausoleum","floor":20,"gold_loss":0},{"damage_healed":0,"gold_gain":0,"player_choice":"Shed Blood","damage_taken":18,"max_hp_gain":5,"max_hp_loss":0,"event_name":"Forgotten Altar","floor":21,"gold_loss":0},{"damage_healed":0,"gold_gain":0,"player_choice":"Got Potions","damage_taken":0,"max_hp_gain":0,"max_hp_loss":0,"event_name":"Lab","floor":36,"gold_loss":0}],"is_beta":false,"boss_relics":[{"not_picked":["Philosopher\u0027s Stone","Runic Dome","Orrery"]},{"not_picked":["Sozu","HoveringKite","Busted Crown"]}],"items_purged_floors":[4,13,37],"is_endless":false,"potions_floor_spawned":[5,18,24,27,33,38,41,44,46],"ascension_level":0}