{"gold_per_floor":[116,41,116,16,31,31,56,56,56,76,26,26,52,66,66,169,169,182,182,182,201,76,76,107,107,107,107,136,136,169,185,185,282,282,293,308,308,11,111,111,111,111,111,111,126,136,136],"floor_reached":47,"playtime":1094,"items_purged":["Strike_R","Defend_R","Defend_R","Strike_R"],"score":538,"play_id":"7a534514-c977-4efb-ba18-498f522bc7cc","local_time":"20190110223213","is_ascension_mode":true,"campfire_choices":[{"data":"Bash","floor":6,"key":"SMITH"},{"data":"Shrug It Off","floor":8,"key":"SMITH"},{"data":"Clash","floor":15,"key":"SMITH"},{"data":"Demon Form","floor":23,"key":"SMITH"},{"floor":25,"key":"REST"},{"floor":32,"key":"REST"},{"data":"1","floor":40,"key":"LIFT"},{"data":"Whirlwind","floor":42,"key":"SMITH"}],"neow_cost":"NONE","seed_source_timestamp":75711329840990,"circlet_count":0,"master_deck":["Strike_R","Strike_R","Strike_R","Defend_R","Bash+1","Clash+1","Shrug It Off+1","Demon Form+1","Clash+1","J.A.X.","Whirlwind+1","Shrug It Off+1","Parasite","Shrug It Off+1"],"relics":["Burning Blood","NeowsBlessing","Lantern","Mercury Hourglass","Bronze Scales","Sozu","Gremlin Horn","Kunai","Girya","Blood Vial","Philosopher\u0027s Stone","Bag of Preparation","Incense Burner","Blue Candle"],"potions_floor_usage":[33],"damage_taken":[{"damage":0,"enemies":"Cultist","floor":1,"turns":1},{"damage":0,"enemies":"Small Slimes","floor":5,"turns":1},{"damage":0,"enemies":"Lagavulin","floor":7,"turns":1},{"damage":0,"enemies":"Jaw Worm","floor":10,"turns":2},{"damage":12,"enemies":"3 Sentries","floor":13,"turns":7},{"damage":5,"enemies":"Large Slime","floor":14,"turns":4},{"damage":33,"enemies":"The Guardian","floor":16,"turns":8},{"damage":0,"enemies":"3 Byrds","floor":18,"turns":3},{"damage":0,"enemies":"Chosen","floor":21,"turns":3},{"damage":30,"enemies":"Gremlin Leader","floor":24,"turns":5},{"damage":37,"enemies":"Book of Stabbing","floor":28,"turns":4},{"damage":10,"enemies":"Slavers","floor":30,"turns":1},{"damage":4,"enemies":"Centurion and Healer","floor":31,"turns":3},{"damage":18,"enemies":"Champ","floor":33,"turns":6},{"damage":3,"enemies":"3 Shapes","floor":35,"turns":2},{"damage":8,"enemies":"3 Darklings","floor":36,"turns":2},{"damage":13,"enemies":"Mind Bloom Boss Battle","floor":39,"turns":4},{"damage":23,"enemies":"4 Shapes","floor":45,"turns":2},{"damage":6,"enemies":"Writhing Mass","floor":46,"turns":3},{"damage":64,"enemies":"2 Orb Walkers","floor":47,"turns":3}],"seed_played":"-9205680662137538041","potions_obtained":[{"floor":7,"key":"LiquidBronze"},{"floor":10,"key":"SteroidPotion"},{"floor":16,"key":"Weak Potion"}],"is_trial":false,"path_per_floor":["M","$","?","$","M","R","E","R","T","M","?","?","E","M","R","B",null,"M","?","?","M","$","R","E","R","T","?","E","?","E","M","R","B",null,"M","M","?","$","?","R","$","R","T","?","M","M","?"],"character_chosen":"IRONCLAD","items_purchased":["Bag of Preparation"],"campfire_rested":2,"item_purchase_floors":[38],"current_hp_per_floor":[80,80,69,69,75,75,80,80,80,80,80,80,74,75,75,48,80,80,80,80,80,80,80,56,80,80,80,49,49,45,49,73,63,80,80,78,78,78,73,73,73,73,73,73,58,60,0],"gold":136,"neow_bonus":"THREE_ENEMY_KILL","is_prod":false,"is_daily":false,"chose_seed":false,"campfire_upgraded":5,"win_rate":0,"timestamp":1547188333,"path_taken":["M","$","?","$","M","R","E","R","T","M","?","?","E","M","R","BOSS","M","?","?","M","$","R","E","R","T","?","E","?","E","M","R","BOSS","M","M","?","$","?","R","$","R","T","?","M","M","?"],"build_version":"2019-01-10","purchased_purges":4,"victory":false,"max_hp_per_floor":[80,80,80,80,80,80,80,80,80,80,80,80,80,80,80,80,80,80,80,80,80,80,80,80,80,80,80,80,80,80,80,80,80,80,80,80,80,80,80,80,80,80,80,80,80,80,80],"card_choices":[{"not_picked":["True Grit","Twin Strike"],"picked":"Clash","floor":1},{"not_picked":["Battle Trance","Anger","Havoc"],"picked":"SKIP","floor":5},{"not_picked":["Combust","Headbutt"],"picked":"Shrug It Off","floor":7},{"not_picked":["Flex","Iron Wave","Body Slam"],"picked":"SKIP","floor":10},{"not_picked":["Uppercut","Bludgeon","Thunderclap"],"picked":"SKIP","floor":13},{"not_picked":["Cleave","Shrug It Off","Seeing Red"],"picked":"SKIP","floor":14},{"not_picked":["Immolate","Barricade"],"picked":"Demon Form","floor":16},{"not_picked":["Power Through","Sword Boomerang+1","Perfected Strike"],"picked":"SKIP","floor":18},{"not_picked":["Shrug It Off","Combust"],"picked":"Clash+1","floor":21},{"not_picked":["Reckless Charge+1","Exhume","Warcry"],"picked":"SKIP","floor":24},{"not_picked":["Iron Wave","Cleave"],"picked":"Whirlwind","floor":28},{"not_picked":["Warcry","Twin Strike"],"picked":"Shrug It Off+1","floor":30},{"not_picked":["Clash+1","Bloodletting","Clothesline"],"picked":"SKIP","floor":31},{"not_picked":["Spot Weakness+1","True Grit","Iron Wave"],"picked":"SKIP","floor":35},{"not_picked":["Infernal Blade","Clothesline+1","Uppercut+1"],"picked":"SKIP","floor":36},{"not_picked":["Cleave","Twin Strike+1","Whirlwind"],"picked":"SKIP","floor":45},{"not_picked":["Pummel+1","Clash+1"],"picked":"Shrug It Off+1","floor":46}],"player_experience":115551,"relics_obtained":[{"floor":7,"key":"Lantern"},{"floor":9,"key":"Mercury Hourglass"},{"floor":13,"key":"Bronze Scales"},{"floor":24,"key":"Gremlin Horn"},{"floor":26,"key":"Kunai"},{"floor":28,"key":"Girya"},{"floor":30,"key":"Blood Vial"},{"floor":39,"key":"Incense Burner"},{"floor":43,"key":"Blue Candle"}],"event_choices":[{"damage_healed":0,"gold_gain":75,"player_choice":"Gather Gold","damage_taken":11,"max_hp_gain":0,"max_hp_loss":0,"event_name":"World of Goop","floor":3,"gold_loss":0},{"cards_removed":["Defend_R"],"damage_healed":0,"gold_gain":0,"player_choice":"Card Removal","damage_taken":0,"max_hp_gain":0,"max_hp_loss":0,"event_name":"The Cleric","floor":11,"gold_loss":50},{"damage_healed":0,"gold_gain":0,"player_choice":"Ignored","damage_taken":0,"max_hp_gain":0,"max_hp_loss":0,"event_name":"Liars Game","floor":12,"gold_loss":0},{"damage_healed":0,"gold_gain":0,"player_choice":"Ignored","damage_taken":0,"max_hp_gain":0,"max_hp_loss":0,"event_name":"Cursed Tome","floor":19,"gold_loss":0},{"damage_healed":0,"gold_gain":0,"player_choice":"Ignored","damage_taken":0,"max_hp_gain":0,"max_hp_loss":0,"event_name":"Vampires","floor":20,"gold_loss":0},{"damage_healed":0,"gold_gain":0,"player_choice":"Obtain J.A.X.","damage_taken":0,"max_hp_gain":0,"max_hp_loss":0,"event_name":"Drug Dealer","floor":27,"gold_loss":0,"cards_obtained":["J.A.X."]},{"damage_healed":0,"gold_gain":0,"player_choice":"Ignored","damage_taken":0,"max_hp_gain":0,"max_hp_loss":0,"event_name":"The Mausoleum","floor":29,"gold_loss":0},{"damage_healed":0,"gold_gain":0,"player_choice":"Ignored","damage_taken":0,"max_hp_gain":0,"max_hp_loss":0,"event_name":"Tomb of Lord Red Mask","floor":37,"gold_loss":0},{"damage_healed":0,"gold_gain":0,"player_choice":"Fight","damage_taken":0,"max_hp_gain":0,"max_hp_loss":0,"event_name":"MindBloom","floor":39,"gold_loss":0},{"damage_healed":0,"gold_gain":0,"player_choice":"Memory 1","damage_taken":0,"max_hp_gain":0,"max_hp_loss":0,"event_name":"SensoryStone","floor":44,"gold_loss":0},{"damage_healed":0,"gold_gain":0,"player_choice":"Fight","damage_taken":0,"max_hp_gain":0,"max_hp_loss":0,"event_name":"Mysterious Sphere","floor":47,"gold_loss":0}],"is_beta":false,"boss_relics":[{"not_picked":["Mark of Pain","Cursed Key"],"picked":"Sozu"},{"not_picked":["Pandora\u0027s Box","Calling Bell"],"picked":"Philosopher\u0027s Stone"}],"items_purged_floors":[2,4,22,38],"is_endless":false,"potions_floor_spawned":[7,10,16,30,31,35,36,45,46],"killed_by":"2 Orb Walkers","ascension_level":1}