{"gold_per_floor":[114,114,114,129,129,161,161,161,161,176,176,189,250,264,264,365,365,335,3,3,3,3,3,3,3,3,3,3,3,3,3,3,3,3,3,3,3,3,3,3,3,3,3,3,3,3,3,3,3,3],"floor_reached":51,"playtime":2030,"items_purged":["Strike_B"],"score":1093,"play_id":"3ecd7027-4335-4470-8c1e-02aff746b4b6","local_time":"20180723200222","is_ascension_mode":true,"campfire_choices":[{"floor":8.0,"key":"REST"},{"floor":11.0,"key":"REST"},{"floor":15.0,"key":"REST"},{"floor":23,"key":"REST"},{"floor":25,"key":"REST"},{"data":"Biased Cognition","floor":27,"key":"SMITH"},{"data":"Biased Cognition","floor":32,"key":"SMITH"},{"floor":40,"key":"REST"},{"floor":42,"key":"REST"},{"data":"Go for the Eyes","floor":44,"key":"SMITH"},{"floor":49,"key":"REST"}],"neow_cost":"","seed_source_timestamp":1378837590881871,"circlet_count":0,"master_deck":["Strike_B+1","Defend_B+1","Defend_B+1","Defend_B+1","Defend_B+1","Zap+1","Dualcast","AscendersBane","Go for the Eyes+1","Sunder+1","Ball Lightning+1","Electrodynamics","Compile Driver+1","Biased Cognition+1","Coolheaded+1","Go for the Eyes+1","Leap+1","Compile Driver+1","Biased Cognition+1","Conserve Battery","Leap","Echo Form","Skim+1","Ball Lightning+1","Stack+1","Cold Snap+1","Conserve Battery+1","Compile Driver+1"],"special_seed":0,"relics":["Cracked Core","Molten Egg 2","Dodecahedron","War Paint","Tiny Chest","Ectoplasm","OrangePellets","DataDisk","Darkstone Periapt","Empty Cage","Gambling Chip","Omamori","Pantograph"],"potions_floor_usage":[31,50],"damage_taken":[{"damage":0.0,"enemies":"Cultist","floor":1.0,"turns":3.0},{"damage":0.0,"enemies":"2 Louse","floor":4.0,"turns":2.0},{"damage":42.0,"enemies":"Lagavulin","floor":6.0,"turns":8.0},{"damage":9.0,"enemies":"Jaw Worm","floor":10.0,"turns":2.0},{"damage":7.0,"enemies":"2 Fungi Beasts","floor":12.0,"turns":3.0},{"damage":21.0,"enemies":"Gremlin Nob","floor":13.0,"turns":4.0},{"damage":6.0,"enemies":"3 Louse","floor":14.0,"turns":3.0},{"damage":20.0,"enemies":"The Guardian","floor":16.0,"turns":10.0},{"damage":17,"enemies":"2 Thieves","floor":18,"turns":2},{"damage":6,"enemies":"3 Byrds","floor":21,"turns":3},{"damage":2,"enemies":"Snake Plant","floor":24,"turns":3},{"damage":23,"enemies":"Slavers","floor":28,"turns":3},{"damage":0,"enemies":"Chosen and Byrds","floor":30,"turns":3},{"damage":0,"enemies":"Cultist and Chosen","floor":31,"turns":4},{"damage":20,"enemies":"Collector","floor":33,"turns":7},{"damage":8,"enemies":"Flame Bruiser 1 Orb","floor":35,"turns":5},{"damage":11,"floor":37,"turns":4},{"damage":4,"enemies":"3 Shapes","floor":39,"turns":4},{"damage":33,"enemies":"Flame Bruiser 2 Orb","floor":41,"turns":4},{"damage":4,"enemies":"Spire Growth","floor":45,"turns":4},{"damage":12,"enemies":"Giant Head","floor":46,"turns":7},{"damage":0,"enemies":"Maw","floor":47,"turns":5},{"damage":10,"enemies":"Sphere and 2 Shapes","floor":48,"turns":3},{"damage":53,"enemies":"Awakened One","floor":50,"turns":12}],"seed_played":"7508881795336431270","potions_obtained":[{"floor":4.0,"key":"SmokeBomb"},{"floor":10.0,"key":"FocusPotion"},{"floor":16.0,"key":"Strength Potion"},{"floor":24,"key":"Fruit Juice"},{"floor":31,"key":"FearPotion"}],"is_trial":false,"path_per_floor":["M","$","?","M","?","E","?","R","T","M","R","M","E","M","R","B",null,"M","$","?","M","?","R","M","R","T","R","E","?","M","M","R","B",null,"M","$","?","?","M","R","M","R","T","R","M","E","M","M","R","B"],"character_chosen":"DEFECT","items_purchased":["OrangePellets","Go for the Eyes+1"],"campfire_rested":8,"item_purchase_floors":[19,19],"current_hp_per_floor":[68,68,68,68,65,23,28,52,52,43,67,60,39,33,57,37,69,52,52,37,31,31,56,54,79,79,79,56,56,56,61,61,41,78,70,70,59,59,55,82,49,76,76,76,72,60,60,50,77,37],"gold":3,"neow_bonus":"","is_prod":false,"is_daily":false,"chose_seed":false,"campfire_upgraded":3,"win_rate":0,"timestamp":1532390542,"path_taken":["M","$","?","M","?","E","?","R","T","?","R","M","E","M","R","BOSS","M","$","?","M","?","R","M","R","T","R","E","?","M","?","R","BOSS","M","$","?","?","M","R","M","R","T","R","M","E","M","?","R","BOSS"],"build_version":"2018-07-19v2","purchased_purges":1,"victory":true,"max_hp_per_floor":[75,75,75,75,75,75,80,80,80,80,80,80,80,80,80,80,80,80,80,85,85,85,85,85,85,85,85,85,85,85,90,90,90,90,90,90,90,90,90,90,90,90,90,90,90,90,90,90,90,90],"card_choices":[{"not_picked":["Rebound","Conserve Battery"],"picked":"Go for the Eyes","floor":1.0},{"not_picked":["Hyperbeam","Beam Cell","Aggregate"],"picked":"SKIP","floor":4.0},{"not_picked":["Heatsinks","Streamline+1"],"picked":"Sunder+1","floor":6.0},{"not_picked":["Steam Power","Rebound+1"],"picked":"Ball Lightning+1","floor":10.0},{"not_picked":["Heatsinks","Stack"],"picked":"Electrodynamics","floor":12.0},{"not_picked":["Machine Learning","Redo","Turbo"],"picked":"SKIP","floor":13.0},{"not_picked":["Steam Power","Barrage+1"],"picked":"Compile Driver+1","floor":14.0},{"not_picked":["Amplify","All For One+1"],"picked":"Biased Cognition","floor":16.0},{"not_picked":["Scrape+1","Hologram"],"picked":"Coolheaded+1","floor":18},{"not_picked":["Gash+1","Doom and Gloom+1"],"picked":"Leap+1","floor":21},{"not_picked":["Barrage+1","Streamline+1"],"picked":"Compile Driver+1","floor":24},{"not_picked":["Creative AI","Electrodynamics"],"picked":"Biased Cognition","floor":28},{"not_picked":["Fusion","Ball Lightning+1"],"picked":"Conserve Battery","floor":30},{"not_picked":["Self Repair","Lockon+1"],"picked":"Leap","floor":31},{"not_picked":["Thunder Strike+1","Multi-Cast"],"picked":"Echo Form","floor":33},{"not_picked":["Conserve Battery+1","Static Discharge+1"],"picked":"Skim+1","floor":35},{"not_picked":["Steam+1","Electrodynamics"],"picked":"Stack+1","floor":39},{"not_picked":["Hologram+1","Streamline+1"],"picked":"Cold Snap+1","floor":41},{"not_picked":["Streamline+1","Multi-Cast","Rebound+1"],"picked":"SKIP","floor":45},{"not_picked":["Aggregate","Turbo"],"picked":"Conserve Battery+1","floor":46},{"not_picked":["Reprogram","Rebound+1","White Noise+1"],"picked":"SKIP","floor":47},{"not_picked":["Static Discharge+1","Sweeping Beam+1"],"picked":"Compile Driver+1","floor":48}],"player_experience":158176,"relics_obtained":[{"floor":6.0,"key":"Dodecahedron"},{"floor":9.0,"key":"War Paint"},{"floor":13.0,"key":"Tiny Chest"},{"floor":26,"key":"DataDisk"},{"floor":28,"key":"Darkstone Periapt"},{"floor":37,"key":"Gambling Chip"},{"floor":43,"key":"Omamori"},{"floor":46,"key":"Pantograph"}],"event_choices":[{"event_name":"Liars Game","player_choice":"disagreed","floor":3.0,"damage_taken":0.0},{"event_name":"Scrap Ooze","player_choice":"success","floor":5.0,"damage_taken":3.0},{"event_name":"Big Fish","player_choice":"Donut","floor":7.0,"damage_taken":0.0},{"event_name":"Forgotten Altar","player_choice":"Shed Blood","floor":20,"damage_taken":0},{"event_name":"Back to Basics","player_choice":"Simplicity","floor":22,"damage_taken":0},{"event_name":"Drug Dealer","player_choice":"Ignored","floor":29,"damage_taken":0},{"event_name":"Mysterious Sphere","player_choice":"Fight","floor":37,"damage_taken":0},{"event_name":"Duplicator","player_choice":"One dupe","floor":38,"damage_taken":0}],"is_beta":false,"boss_relics":[{"not_picked":["Lizard Tail","Busted Crown"],"picked":"Ectoplasm"},{"not_picked":["Snecko Eye","Cursed Key"],"picked":"Empty Cage"}],"items_purged_floors":[19],"is_endless":false,"potions_floor_spawned":[4,10,12,16,24,28,31,33,35,41,46],"ascension_level":11}