{"gold_per_floor":[115,115,40,40,59,59,94,94,94,123,123,135,149,163,163,234,234,254,265,277,22,22,22,36,36,59,9,25,25,25,25,25,97,97,108,108],"floor_reached":36,"playtime":1559,"items_purged":["Strike_B","Strike_B","Strike_B"],"score":744,"play_id":"21e266ca-92ec-4e40-a6d8-317c6bed60b5","local_time":"20190419211853","is_ascension_mode":true,"campfire_choices":[{"floor":6.0,"key":"REST"},{"floor":8.0,"key":"REST"},{"data":"Doom and Gloom","floor":11.0,"key":"SMITH"},{"floor":15.0,"key":"REST"},{"data":"Blind","floor":23.0,"key":"SMITH"},{"data":"Hologram","floor":25.0,"key":"SMITH"},{"data":"Coolheaded","floor":29.0,"key":"SMITH"},{"floor":32.0,"key":"REST"}],"neow_cost":"NONE","seed_source_timestamp":809487762489800,"circlet_count":0,"master_deck":["AscendersBane","Strike_B+1","Defend_B+1","Defend_B","Defend_B","Defend_B","Zap","Dualcast","Go for the Eyes","Reinforced Body","Cold Snap","Doom and Gloom+1","Cold Snap","FTL","Beam Cell","Machine Learning","Compile Driver","All For One","Go for the Eyes","Blind+1","Coolheaded+1","Hologram+1","Gash","Fission"],"special_seed":0,"relics":["Cracked Core","Boot","Smiling Mask","FossilizedHelix","Kunai","Vajra","Philosopher\u0027s Stone","StoneCalendar","Regal Pillow","Inserter"],"potions_floor_usage":[35,35],"damage_taken":[{"damage":7.0,"enemies":"Small Slimes","floor":1.0,"turns":3.0},{"damage":1.0,"enemies":"2 Louse","floor":5.0,"turns":3.0},{"damage":25.0,"enemies":"Lagavulin","floor":7.0,"turns":8.0},{"damage":18.0,"enemies":"3 Sentries","floor":10.0,"turns":11.0},{"damage":0.0,"enemies":"Cultist","floor":12.0,"turns":3.0},{"damage":10.0,"enemies":"Lots of Slimes","floor":13.0,"turns":3.0},{"damage":0.0,"enemies":"Gremlin Gang","floor":14.0,"turns":2.0},{"damage":4.0,"enemies":"Slime Boss","floor":16.0,"turns":11.0},{"damage":0.0,"enemies":"Chosen","floor":18.0,"turns":5.0},{"damage":12.0,"enemies":"Shell Parasite","floor":19.0,"turns":4.0},{"damage":0.0,"enemies":"Sentry and Sphere","floor":20.0,"turns":7.0},{"damage":0.0,"enemies":"Centurion and Healer","floor":24.0,"turns":6.0},{"damage":10.0,"enemies":"Snecko","floor":28.0,"turns":5.0},{"damage":21.0,"enemies":"Collector","floor":33.0,"turns":8.0},{"damage":31,"enemies":"3 Shapes","floor":35,"turns":7},{"damage":41,"enemies":"3 Darklings","floor":36,"turns":6}],"seed_played":"-303669597077500180","potions_obtained":[{"floor":5.0,"key":"LiquidBronze"},{"floor":10.0,"key":"Explosive Potion"},{"floor":14.0,"key":"SkillPotion"},{"floor":19.0,"key":"Explosive Potion"}],"is_trial":false,"path_per_floor":["M","?","$","?","M","R","E","R","T","E","R","M","M","M","R","B",null,"M","M","M","$","T","R","M","R","T","$","M","R","$","?","R","B",null,"M","M"],"character_chosen":"DEFECT","items_purchased":["Go for the Eyes","Blind","Coolheaded"],"campfire_rested":4,"item_purchase_floors":[21,21,21],"current_hp_per_floor":[57,36,36,36,35,56,31,52,52,34,34,34,24,24,45,41,64,64,52,52,52,52,52,52,52,52,52,42,42,42,22,59,38,67,36,0],"gold":108,"neow_bonus":"RANDOM_COMMON_RELIC","is_prod":false,"is_daily":false,"chose_seed":false,"campfire_upgraded":4,"win_rate":0,"timestamp":1555705133,"path_taken":["M","?","$","?","M","R","E","R","T","E","R","?","?","M","R","BOSS","M","?","M","$","?","R","M","R","T","$","M","R","?","?","R","BOSS","M","M"],"build_version":"2019-01-23","purchased_purges":3,"victory":false,"max_hp_per_floor":[71,71,71,71,71,71,71,71,71,71,71,71,71,71,71,71,71,71,71,71,71,71,71,71,71,71,71,71,71,71,76,76,76,76,76,76],"card_choices":[{"not_picked":["Barrage","Hologram"],"picked":"Go for the Eyes","floor":1.0},{"not_picked":["Turbo","Storm"],"picked":"Reinforced Body","floor":5.0},{"not_picked":["Recycle","Loop"],"picked":"Cold Snap","floor":7.0},{"not_picked":["Redo","Compile Driver"],"picked":"Doom and Gloom","floor":10.0},{"not_picked":["Chill","Redo"],"picked":"Cold Snap","floor":12.0},{"not_picked":["Gash","Streamline"],"picked":"FTL","floor":13.0},{"not_picked":["Capacitor","Cold Snap"],"picked":"Beam Cell","floor":14.0},{"not_picked":["Thunder Strike","Creative AI"],"picked":"Machine Learning","floor":16.0},{"not_picked":["Reinforced Body","Turbo","Steam Power"],"picked":"SKIP","floor":18.0},{"not_picked":["Doom and Gloom","Tempest"],"picked":"Compile Driver","floor":19.0},{"not_picked":["Barrage","Steam+1"],"picked":"All For One","floor":20.0},{"not_picked":["Gash","Rip and Tear"],"picked":"Hologram","floor":24.0},{"not_picked":["Sweeping Beam","Darkness"],"picked":"Gash","floor":28.0},{"not_picked":["Electrodynamics","Core Surge"],"picked":"Fission","floor":33.0},{"not_picked":["Genetic Algorithm","Cold Snap","Capacitor+1"],"picked":"SKIP","floor":35}],"player_experience":1302440,"relics_obtained":[{"floor":4.0,"key":"Smiling Mask"},{"floor":7.0,"key":"FossilizedHelix"},{"floor":9.0,"key":"Kunai"},{"floor":10.0,"key":"Vajra"},{"floor":22.0,"key":"StoneCalendar"},{"floor":26.0,"key":"Regal Pillow"}],"event_choices":[{"damage_healed":0.0,"max_hp_gain":0.0,"max_hp_loss":0.0,"gold_gain":0.0,"event_name":"Shining Light","player_choice":"Entered Light","floor":2.0,"gold_loss":0.0,"damage_taken":21.0,"cards_upgraded":["Strike_B","Defend_B"]},{"damage_healed":0.0,"max_hp_gain":0.0,"max_hp_loss":0.0,"gold_gain":0.0,"event_name":"Wheel of Change","player_choice":"Relic","floor":4.0,"gold_loss":0.0,"damage_taken":0.0},{"damage_healed":0.0,"max_hp_gain":5.0,"max_hp_loss":0.0,"gold_gain":0.0,"event_name":"Forgotten Altar","player_choice":"Shed Blood","floor":31.0,"gold_loss":0.0,"damage_taken":25.0}],"is_beta":false,"boss_relics":[{"not_picked":["White Beast Statue","Empty Cage"],"picked":"Philosopher\u0027s Stone"},{"not_picked":["FrozenCore","Nuclear Battery"],"picked":"Inserter"}],"items_purged_floors":[3,21,27],"is_endless":false,"potions_floor_spawned":[5,10,14,16,19,20,28,33],"killed_by":"3 Darklings","ascension_level":20}