{"gold_per_floor":[112,124,124,135,60,60,60,79,106,106,131,131,144,159,159,259,259,259,159,175,12,12,12],"floor_reached":23,"playtime":541,"items_purged":["Strike_R","Strike_R","Defend_R"],"score":226,"play_id":"87d137dd-8c50-4386-a38b-15190ac21b37","local_time":"20190219224523","is_ascension_mode":true,"campfire_choices":[{"data":"Limit Break","floor":6,"key":"SMITH"},{"data":"Bash","floor":10,"key":"SMITH"},{"floor":15,"key":"REST"}],"neow_cost":"NONE","seed_source_timestamp":508923091004413,"circlet_count":0,"master_deck":["Defend_R","Defend_R","Defend_R","Bash+1","Heavy Blade","Cleave","Limit Break+1","Inflame","Double Tap","Shrug It Off","Feed","Whirlwind","Ghostly","Ghostly","Ghostly","Ghostly","Ghostly"],"relics":["Burning Blood","PreservedInsect","Bag of Preparation","Pantograph","Empty Cage"],"potions_floor_usage":[18],"damage_taken":[{"damage":5,"enemies":"Small Slimes","floor":1,"turns":3},{"damage":5,"enemies":"Cultist","floor":2,"turns":4},{"damage":7,"enemies":"2 Louse","floor":4,"turns":2},{"damage":11,"enemies":"Lots of Slimes","floor":8,"turns":3},{"damage":36,"enemies":"Lagavulin","floor":11,"turns":5},{"damage":11,"enemies":"2 Fungi Beasts","floor":13,"turns":3},{"damage":0,"enemies":"3 Louse","floor":14,"turns":1},{"damage":49,"enemies":"Slime Boss","floor":16,"turns":8},{"damage":10,"enemies":"3 Byrds","floor":18,"turns":2},{"damage":53,"enemies":"Spheric Guardian","floor":20,"turns":7},{"damage":48,"enemies":"Gremlin Leader","floor":23,"turns":5}],"seed_played":"-6769481382245573844","potions_obtained":[{"floor":1,"key":"SmokeBomb"},{"floor":4,"key":"SpeedPotion"},{"floor":16,"key":"GamblersBrew"}],"is_trial":false,"path_per_floor":["M","M","?","M","$","R","?","M","T","R","E","?","M","M","R","B",null,"M","$","M","$","?","E"],"character_chosen":"IRONCLAD","items_purchased":["Whirlwind"],"campfire_rested":1,"item_purchase_floors":[21],"current_hp_per_floor":[80,80,85,84,84,84,84,79,79,79,49,49,44,50,75,42,85,81,81,37,37,37,0],"gold":12,"neow_bonus":"REMOVE_CARD","is_prod":false,"is_daily":false,"chose_seed":false,"campfire_upgraded":2,"win_rate":0,"timestamp":1550645123,"path_taken":["M","M","?","M","$","R","?","?","T","R","E","?","M","?","R","BOSS","M","$","M","$","?","E"],"build_version":"2019-01-23","purchased_purges":3,"victory":false,"max_hp_per_floor":[80,80,85,85,85,85,85,85,85,85,85,85,85,85,85,85,85,85,85,88,88,44,44],"card_choices":[{"not_picked":["Wild Strike","Anger"],"picked":"Heavy Blade","floor":1},{"not_picked":["Warcry","Uppercut"],"picked":"Cleave","floor":2},{"not_picked":["Clothesline","Sword Boomerang"],"picked":"Limit Break","floor":4},{"not_picked":["Body Slam","Cleave"],"picked":"Inflame","floor":8},{"not_picked":["Sword Boomerang","Warcry","Headbutt"],"picked":"SKIP","floor":11},{"not_picked":["Wild Strike","Pommel Strike"],"picked":"Shrug It Off","floor":13},{"not_picked":["Havoc","Iron Wave","Intimidate"],"picked":"SKIP","floor":14},{"not_picked":["Double Tap","Brutality"],"picked":"Feed","floor":16},{"not_picked":["Searing Blow","Flex+1","Combust"],"picked":"SKIP","floor":20}],"player_experience":220690,"relics_obtained":[{"floor":9,"key":"Bag of Preparation"},{"floor":11,"key":"Pantograph"}],"event_choices":[{"damage_healed":0,"gold_gain":0,"player_choice":"Donut","damage_taken":0,"max_hp_gain":5,"max_hp_loss":0,"event_name":"Big Fish","floor":3,"gold_loss":0},{"damage_healed":0,"gold_gain":0,"player_choice":"Gave Potion","damage_taken":0,"relics_obtained":["PreservedInsect"],"max_hp_gain":0,"max_hp_loss":0,"event_name":"WeMeetAgain","floor":7,"gold_loss":0},{"damage_healed":0,"gold_gain":0,"player_choice":"1 cards matched","damage_taken":0,"max_hp_gain":0,"max_hp_loss":0,"event_name":"Match and Keep!","floor":12,"gold_loss":0,"cards_obtained":["Double Tap"]},{"damage_healed":0,"gold_gain":0,"player_choice":"Became a Ghost","damage_taken":0,"max_hp_gain":0,"max_hp_loss":44,"event_name":"Ghosts","floor":22,"gold_loss":0,"cards_obtained":["Ghostly","Ghostly","Ghostly","Ghostly","Ghostly"]}],"is_beta":false,"boss_relics":[{"not_picked":["Calling Bell","Runic Dome"],"picked":"Empty Cage"}],"items_purged_floors":[5,19,21],"is_endless":false,"potions_floor_spawned":[1,4,16,18],"killed_by":"Gremlin Leader","ascension_level":1}