{"gold_per_floor":[114,264,6,26,40,40,66,85,85,112,112,112,112,125,125,220,220,234,234,47,61,44,83,83,122,122,138,154,134,134],"floor_reached":30,"playtime":899,"items_purged":["Doubt","Pain"],"score":556,"play_id":"3c692fe8-3ec2-4d97-aaa7-b5a438dd943f","local_time":"20190531142703","is_ascension_mode":true,"campfire_choices":[{"data":"Uppercut","floor":6,"key":"SMITH"},{"floor":12,"key":"REST"},{"data":"Hemokinesis","floor":15,"key":"SMITH"},{"data":"Double Tap","floor":24,"key":"SMITH"}],"neow_cost":"NONE","seed_source_timestamp":3593670735800,"circlet_count":0,"master_deck":["AscendersBane","Strike_R","Strike_R","Strike_R","Strike_R","Strike_R","Defend_R","Defend_R","Defend_R","Defend_R","Bash","Hemokinesis+1","Uppercut+1","Flex","Ghostly Armor","Bludgeon","Sentinel","Pommel Strike","Flame Barrier","Double Tap+1","Havoc+1","Combust+1","Corruption","Regret","True Grit","Body Slam+1"],"special_seed":0,"relics":["Burning Blood","Membership Card","Self Forming Clay","Nunchaku","Bird Faced Urn","The Courier","Golden Idol","Cursed Key","WarpedTongs","Turnip","Molten Egg 2","Smiling Mask","Pear"],"potions_floor_usage":[7,16,23,27,28,30],"damage_taken":[{"damage":3.0,"enemies":"2 Louse","floor":1.0,"turns":3.0},{"damage":5,"enemies":"Small Slimes","floor":4,"turns":4},{"damage":5,"enemies":"Jaw Worm","floor":5,"turns":3},{"damage":31,"enemies":"3 Sentries","floor":7,"turns":7},{"damage":9,"enemies":"Looter","floor":8,"turns":2},{"damage":14,"enemies":"Gremlin Nob","floor":10,"turns":3},{"damage":10,"enemies":"Lots of Slimes","floor":14,"turns":5},{"damage":31,"enemies":"The Guardian","floor":16,"turns":13},{"damage":20,"enemies":"Chosen","floor":18,"turns":7},{"damage":0,"enemies":"3 Byrds","floor":21,"turns":1},{"damage":12,"enemies":"Gremlin Leader","floor":23,"turns":5},{"damage":28,"enemies":"Slavers","floor":25,"turns":5},{"damage":21,"enemies":"3 Cultists","floor":27,"turns":6},{"damage":7,"enemies":"Snake Plant","floor":28,"turns":4},{"damage":58,"enemies":"Cultist and Chosen","floor":30,"turns":5}],"seed_played":"-7447727645314529778","potions_obtained":[{"floor":1.0,"key":"PowerPotion"},{"floor":4,"key":"Explosive Potion"},{"floor":8,"key":"Fire Potion"},{"floor":21,"key":"Fire Potion"},{"floor":25,"key":"Poison Potion"},{"floor":27,"key":"FearPotion"},{"floor":29,"key":"FearPotion"}],"is_trial":false,"path_per_floor":["M","?","$","M","M","R","E","M","T","E","?","R","?","M","R","B",null,"M","?","$","M","$","E","R","E","T","M","M","?","M"],"character_chosen":"IRONCLAD","items_purchased":["Membership Card","Turnip","Corruption"],"campfire_rested":1,"item_purchase_floors":[3,20,22],"current_hp_per_floor":[71,71,71,72,73,73,48,45,45,37,19,41,41,37,37,14,55,41,41,41,47,47,43,43,25,35,22,21,21,0],"gold":134,"neow_bonus":"THREE_CARDS","is_prod":false,"is_daily":false,"chose_seed":false,"campfire_upgraded":3,"win_rate":0,"timestamp":1559309223,"path_taken":["M","?","$","M","M","R","E","M","T","E","?","R","?","?","R","BOSS","M","?","$","M","$","E","R","E","T","?","?","?","?"],"build_version":"2019-01-23","purchased_purges":2,"victory":false,"max_hp_per_floor":[75,75,75,75,75,75,75,75,75,75,75,75,68,68,68,68,68,68,68,68,68,68,68,68,68,78,78,78,78,78],"card_choices":[{"not_picked":["Perfected Strike","Second Wind"],"picked":"Hemokinesis","floor":0.0},{"not_picked":["Warcry","Perfected Strike"],"picked":"Uppercut","floor":1.0},{"not_picked":["Thunderclap","Armaments"],"picked":"Flex","floor":4},{"not_picked":["Infernal Blade","Warcry"],"picked":"Ghostly Armor","floor":5},{"not_picked":["Entrench","Rage"],"picked":"Bludgeon","floor":7},{"not_picked":["Reckless Charge","Clash"],"picked":"Sentinel","floor":8},{"not_picked":["Metallicize","Bloodletting"],"picked":"Pommel Strike","floor":10},{"not_picked":["True Grit","Whirlwind"],"picked":"Flame Barrier","floor":14},{"not_picked":["Dark Embrace","Berserk"],"picked":"Double Tap","floor":16},{"not_picked":["Headbutt","Armaments"],"picked":"Havoc+1","floor":18},{"not_picked":["Clothesline","Sword Boomerang"],"picked":"Combust+1","floor":21},{"not_picked":["Feel No Pain","Thunderclap","Havoc"],"picked":"SKIP","floor":23},{"not_picked":["Wild Strike+1","Twin Strike+1","Clash+1"],"picked":"SKIP","floor":25},{"not_picked":["Immolate+1","Heavy Blade+1"],"picked":"True Grit","floor":27},{"not_picked":["Cleave+1","True Grit"],"picked":"Body Slam+1","floor":28}],"player_experience":1415092,"relics_obtained":[{"floor":7,"key":"Self Forming Clay"},{"floor":9,"key":"Nunchaku"},{"floor":10,"key":"Bird Faced Urn"},{"floor":23,"key":"Molten Egg 2"},{"floor":25,"key":"Smiling Mask"},{"floor":26,"key":"Pear"}],"event_choices":[{"damage_healed":0.0,"max_hp_gain":0.0,"max_hp_loss":0.0,"gold_gain":150.0,"event_name":"Liars Game","player_choice":"AGREE","floor":2.0,"gold_loss":0.0,"damage_taken":0.0,"cards_obtained":["Doubt"]},{"damage_healed":0,"gold_gain":0,"player_choice":"Success","damage_taken":18,"relics_obtained":["The Courier"],"max_hp_gain":0,"max_hp_loss":0,"event_name":"Scrap Ooze","floor":11,"gold_loss":0},{"damage_healed":0,"gold_gain":0,"player_choice":"Lose Max HP","damage_taken":0,"relics_obtained":["Golden Idol"],"max_hp_gain":0,"max_hp_loss":7,"event_name":"Golden Idol","floor":13,"gold_loss":0},{"damage_healed":0,"gold_gain":0,"player_choice":"Rummage","damage_taken":0,"relics_obtained":["WarpedTongs"],"max_hp_gain":0,"max_hp_loss":0,"event_name":"Accursed Blacksmith","floor":19,"gold_loss":0,"cards_obtained":["Pain"]},{"damage_healed":0,"gold_gain":0,"player_choice":"Bought 1 Potion","damage_taken":0,"max_hp_gain":0,"max_hp_loss":0,"event_name":"The Woman in Blue","floor":29,"gold_loss":0}],"is_beta":false,"boss_relics":[{"not_picked":["Black Star","Ectoplasm"],"picked":"Cursed Key"}],"items_purged_floors":[3,20],"is_endless":false,"potions_floor_spawned":[1,4,8,21,25,27],"killed_by":"Cultist and Chosen","ascension_level":20}