{"gold_per_floor":[118,137,312,322,53,53,76,76,76,88,113,128,163,63,63,168,168,185,60,60,70,70,70,70,70,70,0,0,0,0,28,28,131,131,142,155,168,168,0,0,16,16],"floor_reached":42,"playtime":1646,"items_purged":["Doubt","Defend_R","Defend_R"],"score":468,"play_id":"f58992b3-8ca3-40bf-89d0-69d8441548be","local_time":"20190110172408","is_ascension_mode":true,"campfire_choices":[{"data":"Infernal Blade","floor":6,"key":"SMITH"},{"floor":8,"key":"REST"},{"floor":15,"key":"REST"},{"floor":23,"key":"REST"},{"data":"Demon Form","floor":30,"key":"SMITH"},{"floor":32,"key":"REST"},{"floor":40,"key":"REST"}],"neow_cost":"NONE","seed_source_timestamp":56672409463313,"circlet_count":0,"master_deck":["Strike_R","Strike_R","Strike_R","Strike_R","Strike_R","Defend_R","Bash+1","Shrug It Off","Infernal Blade+1","Pommel Strike","Perfected Strike","Ghostly Armor","Shrug It Off","Demon Form+1","Perfected Strike","Feed","Bludgeon","Flex"],"relics":["Black Blood","Toolbox","Odd Mushroom","Happy Flower","Bottled Lightning","Singing Bowl","Mark of Pain","Blood Vial","MutagenicStrength","Shuriken","Oddly Smooth Stone","Red Mask"],"potions_floor_usage":[16,33,42],"damage_taken":[{"damage":3,"enemies":"Small Slimes","floor":1,"turns":4},{"damage":4,"enemies":"Jaw Worm","floor":2,"turns":6},{"damage":1,"enemies":"2 Louse","floor":4,"turns":3},{"damage":31,"enemies":"The Mushroom Lair","floor":7,"turns":7},{"damage":9,"enemies":"Large Slime","floor":10,"turns":7},{"damage":19,"enemies":"3 Sentries","floor":11,"turns":9},{"damage":2,"enemies":"3 Louse","floor":12,"turns":3},{"damage":6,"enemies":"Gremlin Nob","floor":13,"turns":3},{"damage":30,"enemies":"Hexaghost","floor":16,"turns":10},{"damage":19,"enemies":"3 Byrds","floor":18,"turns":7},{"damage":17,"enemies":"2 Thieves","floor":21,"turns":5},{"damage":36,"enemies":"Slavers","floor":31,"turns":6},{"damage":54,"enemies":"Automaton","floor":33,"turns":8},{"damage":59,"enemies":"3 Darklings","floor":35,"turns":9},{"damage":14,"enemies":"Orb Walker","floor":36,"turns":4},{"damage":15,"enemies":"Transient","floor":37,"turns":5},{"damage":12,"enemies":"4 Shapes","floor":41,"turns":5},{"damage":87,"enemies":"Giant Head","floor":42,"turns":7}],"seed_played":"-3668653523947789417","potions_obtained":[{"floor":2,"key":"SpeedPotion"},{"floor":11,"key":"Ancient Potion"},{"floor":12,"key":"FearPotion"},{"floor":21,"key":"SpeedPotion"},{"floor":36,"key":"Strength Potion"}],"is_trial":false,"path_per_floor":["M","M","?","M","$","R","?","R","T","M","E","M","E","$","R","B",null,"M","$","?","M","?","R","?","?","T","$","?","$","R","E","R","B",null,"M","M","M","?","?","R","M","E"],"character_chosen":"IRONCLAD","items_purchased":["Toolbox","Feed"],"campfire_rested":5,"item_purchase_floors":[5,27],"current_hp_per_floor":[80,80,80,80,80,80,55,79,79,76,63,67,69,69,82,58,82,71,71,71,62,62,86,86,86,86,86,86,86,86,58,84,41,91,44,44,41,41,41,69,74,0],"gold":16,"neow_bonus":"UPGRADE_CARD","is_prod":false,"is_daily":false,"chose_seed":false,"campfire_upgraded":2,"win_rate":0,"timestamp":1547169848,"path_taken":["M","M","?","M","$","R","?","R","T","M","E","M","E","?","R","BOSS","M","$","?","M","?","R","?","?","T","$","?","?","R","E","R","BOSS","M","M","M","?","?","R","M","E"],"build_version":"2019-01-03v4","purchased_purges":3,"victory":false,"max_hp_per_floor":[80,80,80,80,80,80,80,80,80,80,80,80,82,82,82,82,82,84,84,84,86,86,86,86,86,86,86,86,86,86,88,88,91,91,93,95,95,95,95,95,100,100],"card_choices":[{"not_picked":["Heavy Blade","Cleave"],"picked":"Shrug It Off","floor":1},{"not_picked":["Armaments","Anger"],"picked":"Infernal Blade","floor":2},{"not_picked":["Body Slam","Bloodletting","Dual Wield"],"picked":"SKIP","floor":4},{"not_picked":["Entrench","True Grit"],"picked":"Pommel Strike","floor":7},{"not_picked":["Havoc","Clothesline"],"picked":"Perfected Strike","floor":10},{"not_picked":["Fire Breathing","Juggernaut"],"picked":"Ghostly Armor","floor":11},{"not_picked":["Evolve","Entrench"],"picked":"Shrug It Off","floor":12},{"not_picked":["Ghostly Armor","Pummel","Sentinel"],"picked":"Singing Bowl","floor":13},{"not_picked":["Limit Break","Feed"],"picked":"Demon Form","floor":16},{"not_picked":["Bloodletting","Feel No Pain+1","Clothesline"],"picked":"Singing Bowl","floor":18},{"not_picked":["Havoc+1","Twin Strike","Clothesline"],"picked":"Singing Bowl","floor":21},{"not_picked":["Wild Strike+1","Reckless Charge+1","Warcry"],"picked":"Singing Bowl","floor":31},{"not_picked":["Juggernaut","Exhume"],"picked":"Bludgeon","floor":33},{"not_picked":["Cleave+1","Pummel+1","Pommel Strike"],"picked":"Singing Bowl","floor":35},{"not_picked":["Bloodletting","Sword Boomerang+1","Clash+1"],"picked":"Singing Bowl","floor":36},{"not_picked":["Headbutt+1","Battle Trance"],"picked":"Flex","floor":37},{"not_picked":["Fire Breathing+1","Flex","Juggernaut"],"picked":"Singing Bowl","floor":41}],"player_experience":111991,"relics_obtained":[{"floor":7,"key":"Odd Mushroom"},{"floor":9,"key":"Happy Flower"},{"floor":11,"key":"Bottled Lightning"},{"floor":13,"key":"Singing Bowl"},{"floor":26,"key":"Shuriken"},{"floor":31,"key":"Oddly Smooth Stone"}],"event_choices":[{"damage_healed":0,"gold_gain":175,"player_choice":"AGREE","damage_taken":0,"max_hp_gain":0,"max_hp_loss":0,"event_name":"Liars Game","floor":3,"gold_loss":0,"cards_obtained":["Doubt"]},{"damage_healed":0,"gold_gain":0,"player_choice":"Fought Mushrooms","damage_taken":0,"max_hp_gain":0,"max_hp_loss":0,"event_name":"Mushrooms","floor":7,"gold_loss":0},{"damage_healed":0,"gold_gain":0,"player_choice":"Ignored","damage_taken":0,"max_hp_gain":0,"max_hp_loss":0,"event_name":"Vampires","floor":20,"gold_loss":0},{"damage_healed":0,"gold_gain":0,"player_choice":"Opened","damage_taken":0,"relics_obtained":["Blood Vial"],"max_hp_gain":0,"max_hp_loss":0,"event_name":"The Mausoleum","floor":22,"gold_loss":0},{"damage_healed":0,"gold_gain":0,"player_choice":"Inject Mutagens","damage_taken":0,"relics_obtained":["MutagenicStrength"],"max_hp_gain":0,"max_hp_loss":0,"event_name":"Drug Dealer","floor":24,"gold_loss":0},{"damage_healed":0,"gold_gain":0,"player_choice":"Read","damage_taken":0,"max_hp_gain":0,"max_hp_loss":0,"event_name":"The Library","floor":25,"gold_loss":0,"cards_obtained":["Perfected Strike"]},{"damage_healed":0,"gold_gain":0,"player_choice":"Ignored","damage_taken":0,"max_hp_gain":0,"max_hp_loss":0,"event_name":"Cursed Tome","floor":28,"gold_loss":0},{"cards_removed":["Defend_R"],"damage_healed":0,"gold_gain":0,"player_choice":"Removed Skill","damage_taken":0,"max_hp_gain":0,"max_hp_loss":0,"event_name":"Falling","floor":38,"gold_loss":0},{"damage_healed":0,"gold_gain":0,"player_choice":"Paid","damage_taken":0,"relics_obtained":["Red Mask"],"max_hp_gain":0,"max_hp_loss":0,"event_name":"Tomb of Lord Red Mask","floor":39,"gold_loss":168}],"is_beta":false,"boss_relics":[{"not_picked":["Orrery","Velvet Choker"],"picked":"Mark of Pain"},{"not_picked":["White Beast Statue","Calling Bell"],"picked":"Black Blood"}],"items_purged_floors":[5,14,19],"is_endless":false,"potions_floor_spawned":[2,11,12,21,36,41],"killed_by":"Giant Head","ascension_level":1}