{"gold_per_floor":[118,138,138,138,63,63,75,92,92,118,44,44,57,4,4,108,108,128,128,146,96,110,110,135,85,85,103,53,71,71,81,81,179,229,243,243,193,193,205,236,236,263,314,314,314,395,395,200,200,200],"floor_reached":51,"playtime":1999,"items_purged":["Defend_B","Strike_B","Hyperbeam","Cold Snap","Sweeping Beam"],"score":1073,"play_id":"1a721724-0c53-450f-af8d-2b2cc30c73c7","local_time":"20190709083627","is_ascension_mode":true,"campfire_choices":[{"data":"Zap","floor":6,"key":"SMITH"},{"data":"Coolheaded","floor":12,"key":"SMITH"},{"data":"Capacitor","floor":15,"key":"SMITH"},{"floor":23,"key":"REST"},{"floor":32,"key":"REST"},{"floor":41,"key":"REST"},{"floor":44,"key":"REST"},{"data":"Reboot","floor":47,"key":"SMITH"},{"data":"Echo Form","floor":49,"key":"SMITH"}],"neow_cost":"NONE","seed_source_timestamp":44842989808538,"circlet_count":0,"master_deck":["Zap+1","Dualcast","Glacier+1","Gash","Capacitor+1","Coolheaded+1","Machine Learning","Sunder+1","Chaos+1","Gash","Chill","Reboot+1","Gash+1","Echo Form+1","Gash+1","Gash+1"],"relics":["Cracked Core","Vajra","Smiling Mask","Symbiotic Virus","Happy Flower","Astrolabe","Du-Vu Doll","Mango","Tiny House","Cables","Ginger","Ancient Tea Set","Runic Capacitor"],"potions_floor_usage":[16,16,24,29,35],"damage_taken":[{"damage":9,"enemies":"Jaw Worm","floor":1,"turns":4},{"damage":0,"enemies":"Small Slimes","floor":2,"turns":3},{"damage":0,"enemies":"Cultist","floor":7,"turns":3},{"damage":2,"enemies":"2 Fungi Beasts","floor":8,"turns":3},{"damage":4,"enemies":"Lagavulin","floor":10,"turns":8},{"damage":6,"enemies":"Red Slaver","floor":13,"turns":3},{"damage":5,"enemies":"Slime Boss","floor":16,"turns":10},{"damage":12,"enemies":"Shell Parasite","floor":18,"turns":4},{"damage":7,"enemies":"Chosen","floor":20,"turns":4},{"damage":14,"enemies":"Snake Plant","floor":22,"turns":4},{"damage":18,"enemies":"Gremlin Leader","floor":24,"turns":4},{"damage":14,"enemies":"Shelled Parasite and Fungi","floor":27,"turns":2},{"damage":9,"enemies":"Centurion and Healer","floor":29,"turns":4},{"damage":0,"enemies":"Chosen and Byrds","floor":31,"turns":3},{"damage":34,"enemies":"Automaton","floor":33,"turns":6},{"damage":16,"enemies":"3 Darklings","floor":35,"turns":3},{"damage":2,"enemies":"Orb Walker","floor":39,"turns":3},{"damage":25,"enemies":"Nemesis","floor":40,"turns":5},{"damage":2,"enemies":"Giant Head","floor":42,"turns":6},{"damage":63,"enemies":"Time Eater","floor":50,"turns":8}],"seed_played":"5745133709542126147","potions_obtained":[{"floor":2,"key":"Explosive Potion"},{"floor":10,"key":"EssenceOfSteel"},{"floor":13,"key":"Strength Potion"},{"floor":16,"key":"FearPotion"},{"floor":18,"key":"Explosive Potion"},{"floor":20,"key":"Fire Potion"},{"floor":24,"key":"Energy Potion"},{"floor":29,"key":"Fruit Juice"},{"floor":34,"key":"AttackPotion"},{"floor":39,"key":"SpeedPotion"}],"is_trial":false,"path_per_floor":["M","M","?","?","$","R","M","M","T","E","$","R","M","?","R","B",null,"M","?","M","$","M","R","E","?","T","M","$","M","?","M","R","B",null,"M","?","$","?","M","E","R","E","T","R","?","T","R","$","R","B",null],"character_chosen":"DEFECT","items_purchased":["Coolheaded","Runic Capacitor"],"campfire_rested":4,"item_purchase_floors":[11,48],"current_hp_per_floor":[59,59,52,52,52,52,52,50,50,46,46,46,40,40,40,35,65,53,53,46,46,32,54,36,36,50,36,36,32,13,13,42,8,81,65,65,65,65,63,38,67,65,65,94,94,94,94,94,94,31],"gold":200,"neow_bonus":"RANDOM_COMMON_RELIC","is_prod":false,"is_daily":false,"chose_seed":false,"campfire_upgraded":5,"win_rate":0,"timestamp":1562654187,"path_taken":["M","M","?","?","$","R","M","?","T","E","$","R","M","?","R","BOSS","M","?","M","$","M","R","E","?","T","?","?","M","?","M","R","BOSS","M","?","$","?","M","E","R","E","T","R","?","?","R","$","R","BOSS"],"build_version":"2019-07-05","purchased_purges":5,"victory":true,"max_hp_per_floor":[75,75,75,75,75,75,75,75,75,75,75,75,75,75,75,75,75,75,75,75,75,75,75,75,75,89,89,89,94,99,99,99,99,104,104,99,99,99,99,99,99,99,99,99,99,99,99,99,99,99],"card_choices":[{"not_picked":["Compile Driver","Beam Cell"],"picked":"Glacier","floor":1},{"not_picked":["Leap","Coolheaded"],"picked":"Sweeping Beam","floor":2},{"not_picked":["Leap","Capacitor"],"picked":"Gash","floor":7},{"not_picked":["Steam","Compile Driver","Doom and Gloom"],"picked":"SKIP","floor":8},{"not_picked":["Loop","Redo"],"picked":"Capacitor","floor":10},{"not_picked":["Sweeping Beam","Rip and Tear","Leap"],"picked":"SKIP","floor":13},{"not_picked":["Creative AI","Seek"],"picked":"Machine Learning","floor":16},{"not_picked":["Sweeping Beam","Self Repair"],"picked":"Gash","floor":18},{"not_picked":["Heatsinks","Streamline","Steam"],"picked":"SKIP","floor":20},{"not_picked":["Stack","Darkness+1"],"picked":"Chill","floor":22},{"not_picked":["Conserve Battery","Stack+1"],"picked":"Reboot","floor":24},{"not_picked":["Coolheaded","Stack"],"picked":"Gash+1","floor":27},{"not_picked":["Cold Snap+1","Streamline","Beam Cell"],"picked":"SKIP","floor":29},{"not_picked":["Streamline","Rebound","Leap"],"picked":"SKIP","floor":31},{"not_picked":["Machine Learning","Biased Cognition"],"picked":"Echo Form","floor":33},{"not_picked":["Chill","Hologram+1"],"picked":"Gash+1","floor":34},{"not_picked":["Beam Cell","Turbo+1","Chaos+1"],"picked":"SKIP","floor":35},{"not_picked":["Fusion","Steam","Lockon+1"],"picked":"SKIP","floor":39},{"not_picked":["BootSequence+1","Genetic Algorithm+1","Darkness"],"picked":"SKIP","floor":40},{"not_picked":["Tempest","Rip and Tear"],"picked":"Gash+1","floor":42}],"player_experience":53743,"relics_obtained":[{"floor":9,"key":"Smiling Mask"},{"floor":10,"key":"Symbiotic Virus"},{"floor":24,"key":"Du-Vu Doll"},{"floor":26,"key":"Mango"},{"floor":40,"key":"Cables"},{"floor":42,"key":"Ginger"},{"floor":43,"key":"Ancient Tea Set"}],"event_choices":[{"cards_removed":["Strike_B"],"damage_healed":0,"gold_gain":0,"player_choice":"Card Removal","damage_taken":7,"max_hp_gain":0,"max_hp_loss":0,"event_name":"Golden Wing","floor":3,"gold_loss":0},{"damage_healed":0,"gold_gain":0,"cards_transformed":["Strike_B"],"player_choice":"Transformed","damage_taken":0,"max_hp_gain":0,"max_hp_loss":0,"event_name":"Transmorgrifier","floor":4,"gold_loss":0,"cards_obtained":["Rebound"]},{"damage_healed":0,"gold_gain":0,"player_choice":"Paid Gold","damage_taken":0,"relics_obtained":["Happy Flower"],"max_hp_gain":0,"max_hp_loss":0,"event_name":"WeMeetAgain","floor":14,"gold_loss":53},{"damage_healed":0,"gold_gain":0,"cards_transformed":["Defend_B","Defend_B"],"player_choice":"Became Test Subject","damage_taken":0,"max_hp_gain":0,"max_hp_loss":0,"event_name":"Drug Dealer","floor":19,"gold_loss":0,"cards_obtained":["Hyperbeam","Cold Snap"]},{"damage_healed":0,"gold_gain":0,"player_choice":"Bet on Murderer","damage_taken":0,"max_hp_gain":0,"max_hp_loss":0,"event_name":"The Joust","floor":25,"gold_loss":50},{"damage_healed":0,"gold_gain":0,"player_choice":"Shed Blood","damage_taken":24,"max_hp_gain":5,"max_hp_loss":0,"event_name":"Forgotten Altar","floor":30,"gold_loss":0},{"damage_healed":0,"gold_gain":0,"player_choice":"Max HP","damage_taken":0,"max_hp_gain":0,"max_hp_loss":5,"event_name":"Winding Halls","floor":36,"gold_loss":0},{"cards_removed":["Doom and Gloom"],"damage_healed":0,"gold_gain":0,"player_choice":"Removed Attack","damage_taken":0,"max_hp_gain":0,"max_hp_loss":0,"event_name":"Falling","floor":38,"gold_loss":0},{"damage_healed":0,"gold_gain":0,"player_choice":"Ignored","damage_taken":0,"max_hp_gain":0,"max_hp_loss":0,"event_name":"Tomb of Lord Red Mask","floor":45,"gold_loss":0}],"is_beta":false,"boss_relics":[{"not_picked":["Inserter","White Beast Statue"],"picked":"Astrolabe"},{"not_picked":["Velvet Choker","Nuclear Battery"],"picked":"Tiny House"}],"items_purged_floors":[5,11,21,28,37],"is_endless":false,"potions_floor_spawned":[2,10,13,16,18,20,24,29,39],"ascension_level":9}