{"gold_per_floor":[114,114,189,206,41,41,51,79,79,92,127,127,147,147,147,249,249,260,260,19,109,119,119,119],"floor_reached":24,"playtime":1043,"items_purged":["Strike_B"],"score":224,"play_id":"04ebfca2-e90b-4e7d-9be5-41e8374ffbe4","local_time":"20190130115535","is_ascension_mode":true,"campfire_choices":[{"floor":6,"key":"REST"},{"data":"Capacitor","floor":12,"key":"SMITH"},{"data":"Creative AI","floor":15,"key":"SMITH"},{"floor":23,"key":"REST"}],"neow_cost":"NONE","seed_source_timestamp":148391772934588,"circlet_count":0,"master_deck":["Strike_B+1","Strike_B+1","Defend_B+1","Defend_B+1","Defend_B+1","Defend_B+1","Zap","Dualcast","Streamline","Glacier","Rebound","Capacitor+1","Conserve Battery","Go for the Eyes","Self Repair","Core Surge","Creative AI+1","Meteor Strike","Leap","Discovery"],"relics":["Runic Dome","Emotion Chip","Nunchaku","Bronze Scales","Sundial","Philosopher\u0027s Stone","Cables"],"potions_floor_usage":[16,24,24],"damage_taken":[{"damage":6,"enemies":"Small Slimes","floor":1,"turns":4},{"damage":0,"enemies":"2 Louse","floor":4,"turns":4},{"damage":0,"enemies":"Jaw Worm","floor":7,"turns":4},{"damage":6,"enemies":"3 Sentries","floor":8,"turns":10},{"damage":3,"enemies":"3 Louse","floor":10,"turns":4},{"damage":2,"enemies":"Lagavulin","floor":11,"turns":7},{"damage":4,"enemies":"Red Slaver","floor":13,"turns":4},{"damage":23,"enemies":"Hexaghost","floor":16,"turns":8},{"damage":31,"enemies":"Spheric Guardian","floor":18,"turns":4},{"damage":13,"enemies":"3 Byrds","floor":22,"turns":2},{"damage":76,"enemies":"Gremlin Leader","floor":24,"turns":7}],"seed_played":"-590937708774104949","potions_obtained":[{"floor":4,"key":"FearPotion"},{"floor":7,"key":"EssenceOfSteel"},{"floor":11,"key":"SpeedPotion"},{"floor":22,"key":"Regen Potion"}],"is_trial":false,"path_per_floor":["M","?","?","M","$","R","M","E","T","M","E","R","M","?","R","B",null,"M","?","$","?","M","R","E"],"character_chosen":"DEFECT","items_purchased":["Capacitor","Conserve Battery","Cables"],"campfire_rested":2,"item_purchase_floors":[5,5,20],"current_hp_per_floor":[69,69,58,58,58,75,75,69,69,66,71,71,74,67,67,51,75,51,51,51,30,24,46,0],"gold":119,"neow_bonus":"BOSS_RELIC","is_prod":false,"is_daily":false,"chose_seed":false,"campfire_upgraded":2,"win_rate":0,"timestamp":1548878135,"path_taken":["M","?","?","M","$","R","M","E","T","M","E","R","M","?","R","BOSS","M","?","$","?","M","R","E"],"build_version":"2019-01-23","purchased_purges":1,"victory":false,"max_hp_per_floor":[75,75,75,75,75,75,75,75,75,75,75,75,75,75,75,75,75,75,75,75,75,75,75,75],"card_choices":[{"not_picked":["Go for the Eyes","Beam Cell"],"picked":"Streamline","floor":1},{"not_picked":["Steam Power","Steam"],"picked":"Rebound","floor":4},{"not_picked":["Gash","Ball Lightning"],"picked":"Go for the Eyes","floor":7},{"not_picked":["Conserve Battery","Cold Snap"],"picked":"Self Repair","floor":8},{"not_picked":["Rebound","Stack"],"picked":"Core Surge","floor":10},{"not_picked":["Static Discharge","Conserve Battery"],"picked":"Creative AI","floor":11},{"not_picked":["Steam","Turbo","Barrage"],"picked":"SKIP","floor":13},{"not_picked":["Biased Cognition","Electrodynamics"],"picked":"Meteor Strike","floor":16},{"not_picked":["Ball Lightning","Sweeping Beam"],"picked":"Leap","floor":18},{"not_picked":["Go for the Eyes","Rebound","Turbo+1"],"picked":"SKIP","floor":22}],"player_experience":175983,"relics_obtained":[{"floor":8,"key":"Emotion Chip"},{"floor":9,"key":"Nunchaku"},{"floor":11,"key":"Bronze Scales"}],"event_choices":[{"damage_healed":0,"gold_gain":0,"cards_transformed":["Strike_B"],"player_choice":"Change","damage_taken":0,"max_hp_gain":0,"max_hp_loss":0,"event_name":"Living Wall","floor":2,"gold_loss":0,"cards_obtained":["Glacier"]},{"damage_healed":0,"gold_gain":75,"player_choice":"Gather Gold","damage_taken":11,"max_hp_gain":0,"max_hp_loss":0,"event_name":"World of Goop","floor":3,"gold_loss":0},{"damage_healed":0,"gold_gain":0,"player_choice":"Success","damage_taken":7,"relics_obtained":["Sundial"],"max_hp_gain":0,"max_hp_loss":0,"event_name":"Scrap Ooze","floor":14,"gold_loss":0},{"damage_healed":0,"gold_gain":0,"player_choice":"Simplicity","damage_taken":0,"max_hp_gain":0,"max_hp_loss":0,"event_name":"Back to Basics","floor":19,"gold_loss":0,"cards_upgraded":["Strike_B","Strike_B","Defend_B","Defend_B","Defend_B","Defend_B"]},{"damage_healed":0,"gold_gain":90,"player_choice":"CARD GOLD ","damage_taken":21,"max_hp_gain":0,"max_hp_loss":0,"event_name":"Knowing Skull","floor":21,"potions_obtained":[],"gold_loss":0,"cards_obtained":["Discovery"]}],"is_beta":false,"boss_relics":[{"not_picked":["White Beast Statue","Fusion Hammer"],"picked":"Philosopher\u0027s Stone"}],"items_purged_floors":[5],"is_endless":false,"potions_floor_spawned":[4,7,11,13,22],"killed_by":"Gremlin Leader","ascension_level":2}