{"gold_per_floor":[109,409,409,36,59,59,102,126,126,126,126,126,146,180,180,180],"floor_reached":16,"playtime":332,"items_purged":[],"score":266,"play_id":"b0e3c209-eb64-43eb-b525-86ea485aa456","local_time":"20190511204702","is_ascension_mode":true,"campfire_choices":[{"floor":6,"key":"REST"},{"data":"Hologram","floor":10,"key":"SMITH"},{"data":"Zap","floor":12,"key":"SMITH"},{"data":"Sunder","floor":15,"key":"SMITH"}],"neow_cost":"NONE","seed_source_timestamp":1240839675139354,"circlet_count":0,"master_deck":["AscendersBane","Strike_B","Strike_B","Strike_B","Strike_B","Defend_B","Defend_B","Defend_B","Defend_B","Zap+1","Dualcast","Sunder+1","Ball Lightning","Hologram+1","Sweeping Beam","All For One"],"special_seed":0,"relics":["Cracked Core","NeowsBlessing","Old Coin","Golden Idol","DataDisk","OrangePellets","Boot","Darkstone Periapt","Meat on the Bone"],"potions_floor_usage":[14,16],"damage_taken":[{"damage":0.0,"enemies":"Jaw Worm","floor":1.0,"turns":1.0},{"damage":0,"enemies":"2 Louse","floor":5,"turns":1},{"damage":0,"enemies":"Lagavulin","floor":7,"turns":1},{"damage":0,"enemies":"Cultist","floor":8,"turns":3},{"damage":2,"enemies":"Looter","floor":13,"turns":3},{"damage":31,"enemies":"3 Sentries","floor":14,"turns":5},{"damage":32,"enemies":"Hexaghost","floor":16,"turns":8}],"seed_played":"-2775441309211010961","potions_obtained":[{"floor":1.0,"key":"Strength Potion"},{"floor":13,"key":"Energy Potion"}],"is_trial":false,"path_per_floor":["M","?","?","$","M","R","E","M","T","R","?","R","M","E","R","B"],"character_chosen":"DEFECT","items_purchased":["DataDisk","OrangePellets"],"campfire_rested":1,"item_purchase_floors":[4,4],"current_hp_per_floor":[64,59,35,35,35,56,56,56,56,56,61,61,59,28,28,0],"gold":180,"neow_bonus":"THREE_ENEMY_KILL","is_prod":false,"is_daily":false,"chose_seed":false,"campfire_upgraded":3,"win_rate":0,"timestamp":1557622022,"path_taken":["M","?","?","$","M","R","E","M","T","R","?","R","?","E","R","BOSS"],"build_version":"2019-01-23","purchased_purges":0,"victory":false,"max_hp_per_floor":[71,71,71,71,71,71,71,71,71,71,76,76,76,76,76,76],"card_choices":[{"not_picked":["Auto Shields","Barrage"],"picked":"Sunder","floor":1.0},{"not_picked":["Undo","Conserve Battery"],"picked":"Ball Lightning","floor":5},{"not_picked":["Coolheaded","Fusion"],"picked":"Hologram","floor":7},{"not_picked":["Leap","Rebound"],"picked":"Sweeping Beam","floor":8},{"not_picked":["Turbo","Scrape","Rebound"],"picked":"SKIP","floor":13},{"not_picked":["Compile Driver","Auto Shields"],"picked":"All For One","floor":14}],"player_experience":682939,"relics_obtained":[{"floor":7,"key":"Boot"},{"floor":9,"key":"Darkstone Periapt"},{"floor":14,"key":"Meat on the Bone"}],"event_choices":[{"damage_healed":0.0,"max_hp_gain":0.0,"max_hp_loss":0.0,"gold_gain":0.0,"event_name":"Scrap Ooze","player_choice":"Success","floor":2.0,"gold_loss":0.0,"damage_taken":5.0,"relics_obtained":["Old Coin"]},{"damage_healed":0.0,"max_hp_gain":0.0,"max_hp_loss":0.0,"gold_gain":0.0,"event_name":"Golden Idol","player_choice":"Take Damage","floor":3.0,"gold_loss":0.0,"damage_taken":24.0,"relics_obtained":["Golden Idol"]},{"damage_healed":0,"gold_gain":0,"player_choice":"Donut","damage_taken":0,"max_hp_gain":5,"max_hp_loss":0,"event_name":"Big Fish","floor":11,"gold_loss":0}],"is_beta":false,"boss_relics":[],"items_purged_floors":[],"is_endless":false,"potions_floor_spawned":[1,13],"killed_by":"Hexaghost","ascension_level":20}