{"gold_per_floor":[116,86,105,105,119,144,144,162,162,162,192,192,42,42,42,117,117,117,14,14,14,14,14,14,14,14,14,14,14,14,14,14,14,14,14,14,14,14,14,14,14,0,0,0,0,0,0,0,0,0],"floor_reached":50,"playtime":2662,"items_purged":[],"score":843,"play_id":"510e2069-c8f0-4a49-8eb6-09712fb44182","local_time":"20180909215833","is_ascension_mode":true,"campfire_choices":[{"floor":7.0,"key":"REST"},{"floor":12.0,"key":"REST"},{"data":"Caltrops","floor":15.0,"key":"SMITH"},{"data":"Noxious Fumes","floor":23.0,"key":"SMITH"},{"data":"Cloak And Dagger","floor":25.0,"key":"SMITH"},{"data":"Neutralize","floor":30.0,"key":"SMITH"},{"floor":32.0,"key":"REST"},{"floor":40.0,"key":"REST"},{"data":"Mayhem","floor":45,"key":"SMITH"},{"floor":47,"key":"REST"},{"floor":49,"key":"REST"}],"neow_cost":"PERCENT_DAMAGE","seed_source_timestamp":0,"circlet_count":0,"master_deck":["Defend_G","Defend_G","Defend_G","Defend_G","Defend_G","Strike_G","Strike_G","Strike_G","Strike_G","Strike_G","Survivor","AscendersBane","Cloak And Dagger+1","Caltrops+1","Heel Hook","Dodge and Roll","Dash","After Image","Well Laid Plans","Noxious Fumes+1","Quick Slash","Noxious Fumes+1","Neutralize+1","Backflip+1","Burst+1","Catalyst+1","Madness+1","Madness+1","Blade Dance+1","Mayhem+1","Dodge and Roll+1","Terror+1"],"special_seed":0,"relics":["Ring of the Snake","Mango","Potion Belt","Juzu Bracelet","Gremlin Horn","Bronze Scales","Ectoplasm","Enchiridion","Bag of Marbles","Toxic Egg 2","Lizard Tail","Ninja Scroll","Red Mask","Lantern"],"potions_floor_usage":[41,41,41,41,41,46,48,50,50],"damage_taken":[{"damage":5.0,"enemies":"Jaw Worm","floor":1.0,"turns":5.0},{"damage":0.0,"enemies":"Cultist","floor":3.0,"turns":5.0},{"damage":2.0,"enemies":"Small Slimes","floor":5.0,"turns":4.0},{"damage":33.0,"enemies":"3 Sentries","floor":6.0,"turns":12.0},{"damage":0.0,"enemies":"3 Louse","floor":8.0,"turns":7.0},{"damage":37.0,"enemies":"Lagavulin","floor":11.0,"turns":12.0},{"damage":36.0,"enemies":"Hexaghost","floor":16.0,"turns":12.0},{"damage":1.0,"enemies":"3 Byrds","floor":18.0,"turns":3.0},{"damage":18.0,"enemies":"Spheric Guardian","floor":20.0,"turns":6.0},{"damage":0.0,"enemies":"Snecko","floor":22.0,"turns":1.0},{"damage":0.0,"enemies":"Centurion and Healer","floor":28.0,"turns":6.0},{"damage":21.0,"enemies":"Slavers","floor":31.0,"turns":3.0},{"damage":27.0,"enemies":"Automaton","floor":33.0,"turns":11.0},{"damage":30.0,"enemies":"3 Shapes","floor":35.0,"turns":7.0},{"damage":27.0,"enemies":"3 Darklings","floor":37.0,"turns":6.0},{"damage":25.0,"enemies":"Spire Growth","floor":38.0,"turns":7.0},{"damage":11,"enemies":"2 Orb Walkers","floor":41,"turns":5},{"damage":25,"enemies":"Reptomancer","floor":46,"turns":6},{"damage":12,"enemies":"3 Darklings","floor":48,"turns":5},{"damage":76,"enemies":"Donu and Deca","floor":50,"turns":8}],"seed_played":"-8171561028372342890","potions_obtained":[{"floor":2.0,"key":"EntropicBrew"},{"floor":2.0,"key":"Fire Potion"},{"floor":6.0,"key":"Poison Potion"},{"floor":11.0,"key":"SmokeBomb"},{"floor":16.0,"key":"AttackPotion"},{"floor":18.0,"key":"Dexterity Potion"},{"floor":28.0,"key":"AttackPotion"},{"floor":31.0,"key":"Dexterity Potion"},{"floor":35.0,"key":"Explosive Potion"},{"floor":46,"key":"Explosive Potion"},{"floor":48,"key":"SpeedPotion"}],"is_trial":false,"path_per_floor":["M","?","M","?","M","E","R","M","T","$","E","R","$","?","R","B",null,"M","$","M","?","M","R","?","R","T","$","M","?","R","E","R","B",null,"M","?","M","M","?","R","E","?","T","?","R","M","R","M","R"],"character_chosen":"THE_SILENT","items_purchased":["Bronze Scales","Noxious Fumes","Quick Slash"],"campfire_rested":6,"item_purchase_floors":[13,19,19],"current_hp_per_floor":[54,54,54,54,52,19,44,44,44,44,7,32,32,37,37,1,67,66,66,48,77,77,77,61,61,61,61,61,61,61,40,66,39,77,47,36,9,37,37,63,52,52,52,52,52,27,53,41,67,0],"gold":0,"neow_bonus":"ONE_RARE_RELIC","is_prod":false,"is_daily":false,"chose_seed":false,"campfire_upgraded":5,"win_rate":0,"timestamp":1536544713,"path_taken":["M","?","M","?","M","E","R","?","T","$","E","R","?","?","R","BOSS","M","$","M","?","M","R","?","R","T","?","M","?","R","E","R","BOSS","M","?","M","M","?","R","E","?","T","?","R","M","R","M","R","BOSS"],"build_version":"2018-09-06","purchased_purges":0,"victory":false,"max_hp_per_floor":[84,84,84,84,84,84,84,84,84,84,84,84,84,89,89,89,89,89,89,89,89,89,89,89,89,89,89,89,89,89,89,89,89,89,89,89,89,89,89,89,89,89,89,89,89,89,89,89,89,89],"card_choices":[{"not_picked":["Slice","Prepared"],"picked":"Cloak And Dagger","floor":1.0},{"not_picked":["Deflect","Accuracy"],"picked":"Caltrops","floor":3.0},{"not_picked":["Outmaneuver","Sucker Punch"],"picked":"Heel Hook","floor":5.0},{"not_picked":["All Out Attack","Well Laid Plans"],"picked":"Dodge and Roll","floor":6.0},{"not_picked":["Underhanded Strike","Eviscerate","Calculated Gamble"],"picked":"SKIP","floor":8.0},{"not_picked":["Sucker Punch","Blade Dance"],"picked":"Dash","floor":11.0},{"not_picked":["Burst","Doppelganger"],"picked":"After Image","floor":16.0},{"not_picked":["Flying Knee+1","PiercingWail+1"],"picked":"Well Laid Plans","floor":18.0},{"not_picked":["Dagger Throw","Quick Slash"],"picked":"Noxious Fumes+1","floor":20.0},{"not_picked":["Setup+1","Outmaneuver","Flying Knee"],"picked":"SKIP","floor":28.0},{"not_picked":["PiercingWail","Bane"],"picked":"Backflip","floor":31.0},{"not_picked":["Unload","Tools of the Trade"],"picked":"Burst+1","floor":33.0},{"not_picked":["Choke","Calculated Gamble+1"],"picked":"Catalyst+1","floor":35.0},{"not_picked":["Dagger Throw","Tactician+1","Skewer"],"picked":"SKIP","floor":37.0},{"not_picked":["Prepared+1","Setup+1"],"picked":"Blade Dance+1","floor":38.0},{"not_picked":["Swift Strike","Enlightenment+1"],"picked":"Mayhem","floor":39.0},{"not_picked":["Acrobatics+1","All Out Attack"],"picked":"Dodge and Roll+1","floor":41},{"not_picked":["Bane+1","Dash+1"],"picked":"Terror+1","floor":46},{"not_picked":["Dagger Throw","Distraction+1","Predator+1"],"picked":"SKIP","floor":48}],"player_experience":339047,"relics_obtained":[{"floor":6.0,"key":"Potion Belt"},{"floor":9.0,"key":"Juzu Bracelet"},{"floor":11.0,"key":"Gremlin Horn"},{"floor":24.0,"key":"Enchiridion"},{"floor":26.0,"key":"Bag of Marbles"},{"floor":31.0,"key":"Toxic Egg 2"},{"floor":41,"key":"Ninja Scroll"},{"floor":43,"key":"Lantern"}],"event_choices":[{"event_name":"The Woman in Blue","player_choice":"Bought 2 Potions","floor":2.0,"damage_taken":0.0},{"event_name":"Living Wall","player_choice":"Grow","floor":4.0,"damage_taken":0.0},{"event_name":"Big Fish","player_choice":"Donut","floor":14.0,"damage_taken":0.0},{"event_name":"The Library","player_choice":"Heal","floor":21.0,"damage_taken":0.0},{"event_name":"Cursed Tome","player_choice":"Obtained Book","floor":24.0,"damage_taken":0.0},{"event_name":"Match and Keep!","player_choice":"1 cards matched","floor":29.0,"damage_taken":0.0},{"event_name":"Winding Halls","player_choice":"Embrace Madness","floor":36.0,"damage_taken":0.0},{"event_name":"SensoryStone","player_choice":"Memory 1","floor":39.0,"damage_taken":0.0},{"event_name":"Tomb of Lord Red Mask","player_choice":"Paid","floor":42,"damage_taken":0},{"event_name":"Falling","player_choice":"Removed Attack","floor":44,"damage_taken":0}],"is_beta":false,"boss_relics":[{"not_picked":["White Beast Statue","Coffee Dripper"],"picked":"Ectoplasm"},{"not_picked":["Velvet Choker","Orrery"],"picked":"Lizard Tail"}],"items_purged_floors":[],"is_endless":false,"potions_floor_spawned":[6,11,16,18,28,31,35,46,48],"killed_by":"Donu and Deca","ascension_level":13}