{"gold_per_floor":[110,185,21,21,31,31,49,80,80,100,115,15,15,46,46,123,123,133,133,8,26,42,42,76,76,76,86,101,117,117,134,134,134],"floor_reached":33,"playtime":1355,"items_purged":["Strike_G","Pain","Strike_G"],"score":558,"play_id":"8f7f9c50-3010-4986-812e-bf89d28886cc","local_time":"20190615200316","is_ascension_mode":true,"campfire_choices":[{"data":"Neutralize","floor":6,"key":"SMITH"},{"floor":13,"key":"REST"},{"data":"Footwork","floor":15,"key":"SMITH"},{"floor":23,"key":"REST"},{"data":"Strike_G","floor":25,"key":"PURGE"},{"floor":32,"key":"REST"}],"neow_cost":"NONE","seed_source_timestamp":126697015031100,"circlet_count":0,"master_deck":["AscendersBane","Defend_G","Defend_G","Defend_G","Survivor","Neutralize+1","Skewer","Footwork","Quick Slash","Dagger Spray","Footwork+1","Endless Agony","Dagger Throw","Backflip","Leg Sweep","Phantasmal Killer","Escape Plan","Bouncing Flask","Crippling Poison","Dash","Dodge and Roll","Footwork"],"relics":["Ring of the Snake","Ancient Tea Set","WarpedTongs","Mercury Hourglass","Regal Pillow","Omamori","Empty Cage","CultistMask","Peace Pipe","Bottled Lightning"],"potions_floor_usage":[8,24,31],"damage_taken":[{"damage":0,"enemies":"Jaw Worm","floor":1,"turns":5},{"damage":1,"enemies":"2 Louse","floor":5,"turns":3},{"damage":5,"enemies":"Cultist","floor":7,"turns":3},{"damage":25,"enemies":"Lagavulin","floor":8,"turns":11},{"damage":4,"enemies":"Large Slime","floor":10,"turns":5},{"damage":5,"enemies":"Gremlin Gang","floor":11,"turns":2},{"damage":8,"enemies":"Gremlin Nob","floor":14,"turns":3},{"damage":15,"enemies":"The Guardian","floor":16,"turns":14},{"damage":0,"enemies":"Chosen","floor":18,"turns":6},{"damage":13,"enemies":"3 Byrds","floor":21,"turns":6},{"damage":15,"enemies":"Shelled Parasite and Fungi","floor":22,"turns":8},{"damage":15,"enemies":"Gremlin Leader","floor":24,"turns":7},{"damage":0,"enemies":"Snake Plant","floor":27,"turns":4},{"damage":17,"enemies":"Chosen and Byrds","floor":28,"turns":6},{"damage":9,"enemies":"Sentry and Sphere","floor":29,"turns":9},{"damage":15,"enemies":"3 Cultists","floor":31,"turns":5},{"damage":39,"enemies":"Collector","floor":33,"turns":6}],"seed_played":"7514180366433565232","potions_obtained":[{"floor":1,"key":"AttackPotion"},{"floor":8,"key":"Poison Potion"},{"floor":14,"key":"Block Potion"},{"floor":22,"key":"SkillPotion"}],"is_trial":false,"path_per_floor":["M","?","$","?","M","R","M","E","T","M","M","$","R","E","R","B",null,"M","?","$","M","M","R","E","R","T","M","M","M","?","M","R","B"],"character_chosen":"THE_SILENT","items_purchased":["Footwork","Quick Slash"],"campfire_rested":3,"item_purchase_floors":[3,3],"current_hp_per_floor":[59,48,48,48,47,47,42,17,17,13,8,8,42,34,34,19,54,54,54,54,41,26,60,45,45,45,45,28,19,19,4,38,0],"gold":134,"neow_bonus":"RANDOM_COMMON_RELIC","is_prod":false,"is_daily":false,"chose_seed":false,"campfire_upgraded":2,"win_rate":0,"timestamp":1560625396,"path_taken":["M","?","$","?","M","R","?","E","T","M","M","$","R","E","R","BOSS","M","?","$","M","?","R","E","R","T","?","M","?","?","M","R","BOSS"],"build_version":"2019-01-23","purchased_purges":3,"victory":false,"max_hp_per_floor":[66,66,66,66,66,66,66,66,66,66,66,66,66,66,66,66,66,66,66,66,66,66,66,66,66,66,66,66,66,66,66,66,66],"card_choices":[{"not_picked":["Caltrops","Quick Slash"],"picked":"Skewer","floor":1},{"not_picked":["Terror","Deflect"],"picked":"Dagger Spray","floor":5},{"not_picked":["Backstab","Deadly Poison"],"picked":"Footwork","floor":7},{"not_picked":["Calculated Gamble","Outmaneuver"],"picked":"Endless Agony","floor":8},{"not_picked":["Skewer","Flying Knee"],"picked":"Dagger Throw","floor":10},{"not_picked":["Blade Dance","Dagger Throw"],"picked":"Backflip","floor":11},{"not_picked":["Expertise","Dodge and Roll"],"picked":"Leg Sweep","floor":14},{"not_picked":["Doppelganger","Grand Finale"],"picked":"Phantasmal Killer","floor":16},{"not_picked":["Flying Knee","All Out Attack","Dagger Throw"],"picked":"SKIP","floor":18},{"not_picked":["Riddle With Holes","Poisoned Stab"],"picked":"Escape Plan","floor":21},{"not_picked":["Dash","Tactician+1"],"picked":"Bouncing Flask","floor":22},{"not_picked":["Deadly Poison","Unload"],"picked":"Crippling Poison","floor":24},{"not_picked":["Flying Knee","Dagger Spray","Dagger Throw"],"picked":"SKIP","floor":27},{"not_picked":["Concentrate+1","Flechettes","Eviscerate"],"picked":"SKIP","floor":28},{"not_picked":["Poisoned Stab","Dagger Spray","Reflex+1"],"picked":"SKIP","floor":29},{"not_picked":["Terror+1","Setup"],"picked":"Footwork","floor":31}],"player_experience":1459465,"relics_obtained":[{"floor":8,"key":"Mercury Hourglass"},{"floor":9,"key":"Regal Pillow"},{"floor":14,"key":"Omamori"},{"floor":24,"key":"Peace Pipe"},{"floor":26,"key":"Bottled Lightning"}],"event_choices":[{"damage_healed":0,"gold_gain":75,"player_choice":"Gather Gold","damage_taken":11,"max_hp_gain":0,"max_hp_loss":0,"event_name":"World of Goop","floor":2,"gold_loss":0},{"damage_healed":0,"gold_gain":0,"player_choice":"Rummage","damage_taken":0,"relics_obtained":["WarpedTongs"],"max_hp_gain":0,"max_hp_loss":0,"event_name":"Accursed Blacksmith","floor":4,"gold_loss":0,"cards_obtained":["Pain"]},{"damage_healed":0,"gold_gain":0,"player_choice":"Trade","damage_taken":0,"relics_obtained":["CultistMask"],"max_hp_gain":0,"max_hp_loss":0,"event_name":"FaceTrader","floor":19,"gold_loss":0},{"damage_healed":0,"gold_gain":0,"cards_transformed":["Defend_G","Defend_G"],"player_choice":"Became Test Subject","damage_taken":0,"max_hp_gain":0,"max_hp_loss":0,"event_name":"Drug Dealer","floor":30,"gold_loss":0,"cards_obtained":["Dash","Dodge and Roll"]}],"is_beta":false,"boss_relics":[{"not_picked":["Coffee Dripper","Orrery"],"picked":"Empty Cage"}],"items_purged_floors":[3,12,20],"is_endless":false,"potions_floor_spawned":[1,8,14,16,18,22],"killed_by":"Collector","ascension_level":20}