{"gold_per_floor":[119,136,101,101,121,121,149,211,223,263,275,287,316,91,91,194,194,205,218,218],"floor_reached":20,"playtime":1011,"items_purged":["Strike_G"],"score":237,"play_id":"31f2ca38-b924-4881-9bc7-d356eff1a534","local_time":"20180811150608","is_ascension_mode":true,"campfire_choices":[{"data":"Neutralize","floor":6,"key":"SMITH"},{"floor":12,"key":"REST"},{"data":"Noxious Fumes","floor":15,"key":"SMITH"}],"neow_cost":"","seed_source_timestamp":3003409082314105,"circlet_count":0,"master_deck":["Defend_G","Defend_G","Defend_G","Defend_G","Defend_G","Strike_G","Strike_G","Strike_G","Survivor","Neutralize+1","Quick Slash","Quick Slash","Dash","Footwork","Backflip","A Thousand Cuts","Tactician","Poisoned Stab+1","Noxious Fumes+1","Predator+1","Die Die Die+1","Sucker Punch+1","Blade Dance+1"],"relics":["Ring of the Snake","Molten Egg 2","MawBank","Question Card","Peace Pipe","Eternal Feather"],"potions_floor_usage":[8,10,10,16],"damage_taken":[{"damage":0,"enemies":"Small Slimes","floor":1,"turns":3},{"damage":7,"enemies":"Jaw Worm","floor":2,"turns":5},{"damage":0,"enemies":"2 Louse","floor":5,"turns":4},{"damage":25,"enemies":"3 Sentries","floor":7,"turns":10},{"damage":31,"enemies":"Lagavulin Event","floor":8,"turns":9},{"damage":13,"enemies":"Lagavulin","floor":10,"turns":12},{"damage":0,"enemies":"2 Fungi Beasts","floor":13,"turns":5},{"damage":31,"enemies":"Slime Boss","floor":16,"turns":10},{"damage":7,"enemies":"Shell Parasite","floor":18,"turns":9},{"damage":22,"enemies":"3 Byrds","floor":19,"turns":5},{"damage":36,"enemies":"Centurion and Healer","floor":20,"turns":6}],"seed_played":"6856395299236833095","potions_obtained":[{"floor":5,"key":"GhostInAJar"},{"floor":7,"key":"LiquidBronze"},{"floor":8,"key":"Fruit Juice"},{"floor":10,"key":"Poison Potion"},{"floor":18,"key":"GamblersBrew"}],"is_trial":false,"path_per_floor":["M","M","?","?","M","R","E","?","T","E","?","R","M","$","R","B",null,"M","M"],"character_chosen":"THE_SILENT","items_purchased":["Noxious Fumes","Predator+1"],"campfire_rested":1,"item_purchase_floors":[14,14],"current_hp_per_floor":[63,56,70,75,75,75,50,19,19,11,11,35,35,35,35,4,61,54,32,0],"gold":218,"neow_bonus":"","is_prod":false,"is_daily":false,"chose_seed":false,"campfire_upgraded":2,"win_rate":0,"timestamp":1534014368,"path_taken":["M","M","?","?","M","R","E","?","T","E","?","R","M","$","R","BOSS","M","M","M"],"build_version":"2018-08-09","purchased_purges":1,"victory":false,"max_hp_per_floor":[70,70,70,75,75,75,75,75,75,80,80,80,80,80,80,80,80,80,80,80],"card_choices":[{"not_picked":["Backflip","Flying Knee"],"picked":"Quick Slash","floor":1},{"not_picked":["Finisher","Flying Knee"],"picked":"Quick Slash","floor":2},{"not_picked":["Sucker Punch","Blade Dance"],"picked":"Dash","floor":5},{"not_picked":["Grand Finale","Bouncing Flask"],"picked":"Footwork","floor":7},{"not_picked":["PiercingWail","Terror"],"picked":"Backflip","floor":8},{"not_picked":["Bouncing Flask","Poisoned Stab+1","Unload+1"],"picked":"A Thousand Cuts","floor":10},{"not_picked":["Bane+1","Acrobatics","Finisher+1"],"picked":"Poisoned Stab+1","floor":13},{"not_picked":["Grand Finale+1","Venomology","Storm of Steel"],"picked":"Die Die Die+1","floor":16},{"not_picked":["Masterful Stab+1","Flechettes+1","Eviscerate+1"],"picked":"Sucker Punch+1","floor":18},{"not_picked":["Finisher+1","Skewer+1","Dagger Spray+1"],"picked":"Blade Dance+1","floor":19}],"player_experience":250155,"relics_obtained":[{"floor":7,"key":"Molten Egg 2"},{"floor":9,"key":"Question Card"},{"floor":10,"key":"Peace Pipe"}],"event_choices":[{"event_name":"The Cleric","player_choice":"Healed","floor":3,"damage_taken":0},{"event_name":"Big Fish","player_choice":"Donut","floor":4,"damage_taken":0},{"event_name":"Dead Adventurer","player_choice":"Searched \u00273\u0027 times","floor":8,"damage_taken":0},{"event_name":"Living Wall","player_choice":"Change","floor":11,"damage_taken":0}],"is_beta":false,"boss_relics":[{"not_picked":["Calling Bell","Runic Pyramid"],"picked":"Eternal Feather"}],"items_purged_floors":[14],"is_endless":false,"potions_floor_spawned":[5,7,8,10,18],"killed_by":"Centurion and Healer","ascension_level":6}