{"gold_per_floor":[116,23,43,43,59,88,98,98,98,128,128,148,161,176,176,278,278,293,293,293,218,218,218,233,85,85,85,85],"floor_reached":28,"playtime":1183,"items_purged":["Decay"],"score":331,"play_id":"61cb9c4a-327f-4516-80d3-b36c342cb09f","local_time":"20190627235549","is_ascension_mode":true,"campfire_choices":[{"data":"Armaments","floor":8,"key":"SMITH"},{"floor":11,"key":"REST"},{"data":"Metallicize","floor":15,"key":"SMITH"},{"data":"Entrench","floor":23,"key":"SMITH"}],"neow_cost":"NONE","seed_source_timestamp":29781198134485,"circlet_count":0,"master_deck":["Strike_R+1","Strike_R+1","Strike_R+1","Defend_R+1","Defend_R+1","Defend_R+1","Defend_R+1","Bash","Body Slam+1","Shrug It Off","Flash of Steel","Metallicize+1","Armaments+1","Headbutt","Rampage","Cleave","Evolve","Exhume","True Grit+1","RitualDagger","Entrench+1","Ghostly Armor","Pommel Strike","Headbutt"],"relics":["Burning Blood","Smiling Mask","Vajra","Blue Candle","Eternal Feather","Bottled Tornado"],"potions_floor_usage":[16,16,18,28,28],"damage_taken":[{"damage":1,"enemies":"2 Louse","floor":1,"turns":2},{"damage":1,"enemies":"Cultist","floor":3,"turns":4},{"damage":1,"enemies":"Small Slimes","floor":5,"turns":4},{"damage":48,"enemies":"Lagavulin","floor":6,"turns":12},{"damage":0,"enemies":"2 Fungi Beasts","floor":7,"turns":4},{"damage":20,"enemies":"3 Sentries","floor":10,"turns":12},{"damage":5,"enemies":"Large Slime","floor":12,"turns":5},{"damage":10,"enemies":"Blue Slaver","floor":13,"turns":4},{"damage":12,"enemies":"3 Louse","floor":14,"turns":4},{"damage":18,"enemies":"Hexaghost","floor":16,"turns":9},{"damage":21,"enemies":"3 Byrds","floor":18,"turns":8},{"damage":29,"enemies":"Shell Parasite","floor":24,"turns":11},{"damage":41,"enemies":"Centurion and Healer","floor":28,"turns":12}],"seed_played":"-7237876498456323413","potions_obtained":[{"floor":5,"key":"Swift Potion"},{"floor":6,"key":"Block Potion"},{"floor":10,"key":"FearPotion"},{"floor":12,"key":"PowerPotion"}],"is_trial":false,"path_per_floor":["M","$","M","?","M","E","M","R","T","E","R","M","M","M","R","B",null,"M","?","?","$","?","R","M","$","T","?","M"],"character_chosen":"IRONCLAD","items_purchased":["Flash of Steel","Entrench","EntropicBrew"],"campfire_rested":1,"item_purchase_floors":[2,21,25],"current_hp_per_floor":[77,77,80,80,80,38,44,44,44,30,54,55,51,45,45,33,68,53,47,47,47,47,59,36,36,36,36,0],"gold":85,"neow_bonus":"THREE_CARDS","is_prod":false,"is_daily":false,"chose_seed":false,"campfire_upgraded":3,"win_rate":0,"timestamp":1561650949,"path_taken":["M","$","M","?","M","E","?","R","T","E","R","M","?","M","R","BOSS","M","?","?","$","?","R","M","?","T","?","M"],"build_version":"2019-01-23","purchased_purges":1,"victory":false,"max_hp_per_floor":[80,80,80,80,80,80,80,80,80,80,80,80,80,80,80,80,80,80,80,80,80,80,80,80,80,80,80,80],"card_choices":[{"not_picked":["Thunderclap","Iron Wave"],"picked":"Body Slam","floor":0},{"not_picked":["Ghostly Armor","Sword Boomerang"],"picked":"Shrug It Off","floor":1},{"not_picked":["Perfected Strike","Bloodletting"],"picked":"Metallicize","floor":3},{"not_picked":["Feel No Pain","Headbutt"],"picked":"Armaments","floor":5},{"not_picked":["Seeing Red","Anger"],"picked":"Headbutt","floor":6},{"not_picked":["Infernal Blade","Heavy Blade","Sentinel"],"picked":"SKIP","floor":7},{"not_picked":["Flex","Pommel Strike"],"picked":"Rampage","floor":10},{"not_picked":["Pommel Strike","Metallicize"],"picked":"Cleave","floor":12},{"not_picked":["Havoc","Twin Strike"],"picked":"Evolve","floor":13},{"not_picked":["Cleave","Twin Strike","Clash"],"picked":"SKIP","floor":14},{"not_picked":["Fiend Fire","Demon Form"],"picked":"Exhume","floor":16},{"not_picked":["Armaments+1","Clash"],"picked":"True Grit+1","floor":18},{"not_picked":["Armaments","Sentinel+1"],"picked":"Ghostly Armor","floor":24}],"player_experience":1017043,"relics_obtained":[{"floor":6,"key":"Smiling Mask"},{"floor":9,"key":"Vajra"},{"floor":10,"key":"Blue Candle"},{"floor":26,"key":"Bottled Tornado"}],"event_choices":[{"damage_healed":0,"gold_gain":0,"player_choice":"Forge","damage_taken":0,"max_hp_gain":0,"max_hp_loss":0,"event_name":"Accursed Blacksmith","floor":4,"gold_loss":0,"cards_upgraded":["Body Slam"]},{"damage_healed":0,"gold_gain":0,"player_choice":"Joined the Cult","damage_taken":6,"max_hp_gain":0,"max_hp_loss":0,"event_name":"Nest","floor":19,"gold_loss":0,"cards_obtained":["RitualDagger"]},{"damage_healed":0,"gold_gain":0,"player_choice":"Simplicity","damage_taken":0,"max_hp_gain":0,"max_hp_loss":0,"event_name":"Back to Basics","floor":20,"gold_loss":0,"cards_upgraded":["Strike_R","Strike_R","Strike_R","Strike_R","Strike_R","Defend_R","Defend_R","Defend_R","Defend_R"]},{"damage_healed":0,"gold_gain":0,"player_choice":"Smashed Altar","damage_taken":0,"max_hp_gain":0,"max_hp_loss":0,"event_name":"Forgotten Altar","floor":22,"gold_loss":0,"cards_obtained":["Decay"]},{"damage_healed":0,"gold_gain":0,"cards_transformed":["Strike_R","Strike_R"],"player_choice":"Became Test Subject","damage_taken":0,"max_hp_gain":0,"max_hp_loss":0,"event_name":"Drug Dealer","floor":27,"gold_loss":0,"cards_obtained":["Pommel Strike","Headbutt"]}],"is_beta":false,"boss_relics":[{"not_picked":["Velvet Choker","Coffee Dripper"],"picked":"Eternal Feather"}],"items_purged_floors":[25],"is_endless":false,"potions_floor_spawned":[5,6,10,12,14],"killed_by":"Centurion and Healer","ascension_level":9}