{"gold_per_floor":[114,28,28,28,43,78,78,104,104,104,119,135,166,177,177,251,251,262,262,187,198,208,208,228,228,228,228,238,238,249,282,282,361,361,381,31,31,44,44,73,73,73],"floor_reached":42,"playtime":2054,"items_purged":[],"score":982,"play_id":"f0d80158-45ca-4965-b56e-82b92a9b7eaa","local_time":"20190708154600","is_ascension_mode":true,"campfire_choices":[{"data":"Well Laid Plans","floor":10.0,"key":"SMITH"},{"data":"Bouncing Flask","floor":15.0,"key":"SMITH"},{"data":"Neutralize","floor":23.0,"key":"SMITH"},{"data":"Dagger Spray","floor":27.0,"key":"SMITH"},{"data":"Malaise","floor":29.0,"key":"SMITH"},{"data":"Malaise","floor":32.0,"key":"SMITH"},{"data":"Burst","floor":41.0,"key":"SMITH"}],"neow_cost":"NONE","seed_source_timestamp":0,"circlet_count":0,"master_deck":["AscendersBane","Strike_G","Strike_G","Strike_G","Strike_G","Defend_G","Defend_G","Defend_G","Defend_G","Defend_G","Survivor","Neutralize+1","Backstab","Noxious Fumes+1","Quick Slash","Well Laid Plans+1","Bouncing Flask+1","PiercingWail","Malaise+1","Dagger Spray+1","Blade Dance","Backflip","Outmaneuver","Flying Knee+1","Malaise+1","Burst+1","Sucker Punch+1","Leg Sweep","Leg Sweep","Crippling Poison","Dagger Spray","The Bomb","Wraith Form v2","Heel Hook+1"],"special_seed":0,"relics":["Ring of the Snake","NeowsBlessing","The Specimen","Centennial Puzzle","Boot","Thread and Needle","Blood Vial","Coffee Dripper","Enchiridion","Anchor","Mercury Hourglass","Orrery","Pen Nib"],"potions_floor_usage":[],"damage_taken":[{"damage":0.0,"enemies":"Jaw Worm","floor":1.0,"turns":1.0},{"damage":0.0,"enemies":"2 Louse","floor":5.0,"turns":1.0},{"damage":0.0,"enemies":"Lagavulin","floor":6.0,"turns":1.0},{"damage":22.0,"enemies":"3 Sentries","floor":8.0,"turns":8.0},{"damage":0.0,"enemies":"Cultist","floor":11.0,"turns":3.0},{"damage":0.0,"enemies":"Looter","floor":12.0,"turns":3.0},{"damage":4.0,"enemies":"Gremlin Nob","floor":13.0,"turns":3.0},{"damage":8.0,"enemies":"Large Slime","floor":14.0,"turns":6.0},{"damage":9.0,"enemies":"The Guardian","floor":16.0,"turns":10.0},{"damage":0.0,"enemies":"Spheric Guardian","floor":18.0,"turns":5.0},{"damage":6.0,"enemies":"2 Thieves","floor":21.0,"turns":4.0},{"damage":3.0,"enemies":"Snecko","floor":22.0,"turns":6.0},{"damage":3.0,"enemies":"Cultist and Chosen","floor":24.0,"turns":6.0},{"damage":0.0,"enemies":"Centurion and Healer","floor":28.0,"turns":8.0},{"damage":1.0,"enemies":"Shelled Parasite and Fungi","floor":30.0,"turns":8.0},{"damage":7.0,"enemies":"Book of Stabbing","floor":31.0,"turns":6.0},{"damage":21.0,"enemies":"Automaton","floor":33.0,"turns":9.0},{"damage":0.0,"enemies":"Orb Walker","floor":35.0,"turns":3.0},{"damage":0.0,"enemies":"3 Shapes","floor":38.0,"turns":4.0},{"damage":52.0,"enemies":"Giant Head","floor":40.0,"turns":10.0},{"damage":8,"enemies":"Maw","floor":42,"turns":2}],"seed_played":"2777911186108008367","potions_obtained":[{"floor":6.0,"key":"Poison Potion"},{"floor":11.0,"key":"Poison Potion"},{"floor":14.0,"key":"SpeedPotion"},{"floor":16.0,"key":"AttackPotion"},{"floor":24.0,"key":"Explosive Potion"},{"floor":28.0,"key":"Explosive Potion"},{"floor":30.0,"key":"EssenceOfSteel"},{"floor":38.0,"key":"SpeedPotion"},{"floor":40.0,"key":"Weak Potion"}],"is_trial":false,"path_per_floor":["M","$","?","$","M","E","?","E","T","R","M","M","E","M","R","B",null,"M","?","?","M","M","R","M","?","T","R","M","R","M","E","R","B",null,"M","$","?","M","?","E","R","M"],"character_chosen":"THE_SILENT","items_purchased":["Noxious Fumes","The Bomb","Wraith Form v2"],"campfire_rested":0,"item_purchase_floors":[2,36,36],"current_hp_per_floor":[59,59,59,59,59,59,59,37,37,37,37,37,33,27,27,20,55,57,57,57,53,52,52,51,30,30,30,32,32,33,28,28,9,52,54,54,54,56,56,6,6,0],"gold":73,"neow_bonus":"THREE_ENEMY_KILL","is_prod":false,"is_daily":false,"chose_seed":false,"campfire_upgraded":7,"win_rate":0,"timestamp":1562615160,"path_taken":["M","$","?","$","M","E","?","E","T","R","M","M","E","M","R","BOSS","M","?","?","M","M","R","M","?","T","R","?","R","M","E","R","BOSS","M","$","?","M","?","E","R","M"],"build_version":"2019-07-05","purchased_purges":0,"victory":false,"max_hp_per_floor":[66,66,66,66,66,66,66,66,66,66,66,66,66,66,66,66,66,66,66,66,66,66,66,66,66,66,66,66,66,66,66,66,66,66,66,66,63,63,63,63,63,63],"card_choices":[{"not_picked":["Poisoned Stab","Deflect"],"picked":"Backstab","floor":1.0},{"not_picked":["Riddle With Holes","Slice"],"picked":"Quick Slash","floor":5.0},{"not_picked":["Deadly Poison","Expertise"],"picked":"Well Laid Plans","floor":6.0},{"not_picked":["Blade Dance","Quick Slash","Skewer"],"picked":"SKIP","floor":8.0},{"not_picked":["Deflect","Cloak And Dagger"],"picked":"Bouncing Flask","floor":11.0},{"not_picked":["Masterful Stab","Acrobatics","Flying Knee"],"picked":"SKIP","floor":12.0},{"not_picked":["Doppelganger","Expertise","Deadly Poison"],"picked":"SKIP","floor":13.0},{"not_picked":["Sucker Punch","Finisher"],"picked":"PiercingWail","floor":14.0},{"not_picked":["Adrenaline","Night Terror"],"picked":"Malaise","floor":16.0},{"not_picked":["Deadly Poison","Acrobatics"],"picked":"Dodge and Roll","floor":18.0},{"not_picked":["Blur+1","Choke"],"picked":"Dagger Spray","floor":21.0},{"not_picked":["Eviscerate","Masterful Stab"],"picked":"Blade Dance","floor":22.0},{"not_picked":["Prepared","Acrobatics"],"picked":"Backflip","floor":24.0},{"not_picked":["Eviscerate","Slice"],"picked":"Outmaneuver","floor":28.0},{"not_picked":["Masterful Stab","Bane"],"picked":"Flying Knee+1","floor":30.0},{"not_picked":["Quick Slash","Outmaneuver"],"picked":"Malaise","floor":31.0},{"not_picked":["Bullet Time","Malaise"],"picked":"Burst","floor":33.0},{"not_picked":["Concentrate","Acrobatics"],"picked":"Sucker Punch+1","floor":34.0},{"not_picked":["Escape Plan","Outmaneuver"],"picked":"Leg Sweep","floor":34.0},{"not_picked":["Dagger Spray","Acrobatics"],"picked":"Leg Sweep","floor":34.0},{"not_picked":["Escape Plan","Slice"],"picked":"Crippling Poison","floor":34.0},{"not_picked":["Outmaneuver","Quick Slash+1"],"picked":"Dagger Spray","floor":34.0},{"not_picked":["Outmaneuver","Deadly Poison","Setup"],"picked":"SKIP","floor":35.0},{"not_picked":["Flying Knee","Masterful Stab","Envenom"],"picked":"SKIP","floor":38.0},{"not_picked":["Dagger Throw","Masterful Stab"],"picked":"Heel Hook+1","floor":40.0}],"player_experience":915129,"relics_obtained":[{"floor":6.0,"key":"The Specimen"},{"floor":7.0,"key":"Centennial Puzzle"},{"floor":8.0,"key":"Boot"},{"floor":9.0,"key":"Thread and Needle"},{"floor":13.0,"key":"Blood Vial"},{"floor":25.0,"key":"Enchiridion"},{"floor":26.0,"key":"Anchor"},{"floor":31.0,"key":"Mercury Hourglass"},{"floor":40.0,"key":"Pen Nib"}],"event_choices":[{"damage_healed":0.0,"max_hp_gain":0.0,"max_hp_loss":0.0,"gold_gain":0.0,"event_name":"Living Wall","player_choice":"Grow","floor":3.0,"gold_loss":0.0,"damage_taken":0.0,"cards_upgraded":["Noxious Fumes"]},{"damage_healed":0.0,"max_hp_gain":0.0,"max_hp_loss":0.0,"gold_gain":0.0,"event_name":"Wheel of Change","player_choice":"Relic","floor":7.0,"gold_loss":0.0,"damage_taken":0.0},{"damage_healed":0.0,"max_hp_gain":0.0,"max_hp_loss":0.0,"gold_gain":0.0,"event_name":"The Mausoleum","player_choice":"Ignored","floor":19.0,"gold_loss":0.0,"damage_taken":0.0},{"cards_removed":["Strike_G"],"damage_healed":0.0,"max_hp_gain":0.0,"max_hp_loss":0.0,"gold_gain":0.0,"event_name":"Beggar","player_choice":"Gave Gold","floor":20.0,"gold_loss":75.0,"damage_taken":0.0},{"damage_healed":0.0,"max_hp_gain":0.0,"max_hp_loss":0.0,"gold_gain":0.0,"event_name":"Cursed Tome","player_choice":"Obtained Book","floor":25.0,"gold_loss":0.0,"damage_taken":21.0},{"damage_healed":0.0,"max_hp_gain":0.0,"max_hp_loss":3.0,"gold_gain":0.0,"event_name":"Winding Halls","player_choice":"Max HP","floor":37.0,"gold_loss":0.0,"damage_taken":0.0},{"cards_removed":["Dodge and Roll"],"damage_healed":0.0,"max_hp_gain":0.0,"max_hp_loss":0.0,"gold_gain":0.0,"event_name":"Falling","player_choice":"Removed Skill","floor":39.0,"gold_loss":0.0,"damage_taken":0.0}],"is_beta":false,"boss_relics":[{"not_picked":["WristBlade","Philosopher\u0027s Stone"],"picked":"Coffee Dripper"},{"not_picked":["Calling Bell","Pandora\u0027s Box"],"picked":"Orrery"}],"items_purged_floors":[],"is_endless":false,"potions_floor_spawned":[6,11,14,16,24,28,30,31,38,40],"killed_by":"Maw","ascension_level":20}