{"gold_per_floor":[118,118,133,58,72,101,101,136,161,161,61,61,236,252,252,252],"floor_reached":16,"playtime":455,"items_purged":["Defend_R","Strike_R"],"score":113,"play_id":"0d38e9a2-6a90-4a78-bd8c-289257452e01","local_time":"20190210112703","is_ascension_mode":true,"campfire_choices":[{"floor":7,"key":"REST"},{"floor":10,"key":"REST"},{"data":"True Grit","floor":12,"key":"SMITH"},{"floor":15,"key":"REST"}],"neow_cost":"NONE","seed_source_timestamp":1097649855367221,"circlet_count":0,"master_deck":["Strike_R","Strike_R","Defend_R","Defend_R","Defend_R","Bash","Clothesline","True Grit+1","Doubt"],"relics":["Burning Blood","Bronze Scales","Potion Belt","Lantern"],"potions_floor_usage":[16],"damage_taken":[{"damage":5,"enemies":"Small Slimes","floor":1,"turns":4},{"damage":0,"enemies":"2 Louse","floor":3,"turns":2},{"damage":2,"enemies":"Jaw Worm","floor":5,"turns":4},{"damage":59,"enemies":"3 Sentries","floor":6,"turns":14},{"damage":14,"enemies":"Gremlin Nob","floor":8,"turns":4},{"damage":21,"enemies":"Exordium Thugs","floor":14,"turns":4},{"damage":76,"enemies":"Hexaghost","floor":16,"turns":12}],"seed_played":"-2912209020914693362","potions_obtained":[{"floor":6,"key":"FearPotion"},{"floor":14,"key":"Poison Potion"}],"is_trial":false,"path_per_floor":["M","?","M","$","M","E","R","E","T","R","$","R","?","M","R","B"],"character_chosen":"IRONCLAD","items_purchased":[],"campfire_rested":3,"item_purchase_floors":[],"current_hp_per_floor":[80,80,80,80,80,27,51,43,43,67,67,67,67,52,76,0],"gold":252,"neow_bonus":"REMOVE_CARD","is_prod":false,"is_daily":false,"chose_seed":false,"campfire_upgraded":1,"win_rate":0,"timestamp":1549826823,"path_taken":["M","?","M","$","M","E","R","E","T","R","$","R","?","M","R","BOSS"],"build_version":"2019-01-23","purchased_purges":2,"victory":false,"max_hp_per_floor":[80,80,80,80,80,80,80,80,80,80,80,80,80,80,80,80],"card_choices":[{"not_picked":["Twin Strike","Hemokinesis"],"picked":"Clothesline","floor":1},{"not_picked":["Twin Strike","Perfected Strike"],"picked":"True Grit","floor":3},{"not_picked":["Anger","Second Wind","Heavy Blade"],"picked":"SKIP","floor":5},{"not_picked":["Twin Strike","Warcry","Perfected Strike"],"picked":"SKIP","floor":6},{"not_picked":["Dark Embrace","Combust","Wild Strike"],"picked":"SKIP","floor":8},{"not_picked":["Fire Breathing","Infernal Blade","Second Wind"],"picked":"SKIP","floor":14}],"player_experience":202317,"relics_obtained":[{"floor":6,"key":"Bronze Scales"},{"floor":8,"key":"Potion Belt"},{"floor":9,"key":"Lantern"}],"event_choices":[{"cards_removed":["Strike_R"],"damage_healed":0,"gold_gain":0,"player_choice":"Forget","damage_taken":0,"max_hp_gain":0,"max_hp_loss":0,"event_name":"Living Wall","floor":2,"gold_loss":0},{"damage_healed":0,"gold_gain":175,"player_choice":"AGREE","damage_taken":0,"max_hp_gain":0,"max_hp_loss":0,"event_name":"Liars Game","floor":13,"gold_loss":0,"cards_obtained":["Doubt"]}],"is_beta":false,"boss_relics":[],"items_purged_floors":[4,11],"is_endless":false,"potions_floor_spawned":[6,14],"killed_by":"Hexaghost","ascension_level":1}