{"gold_per_floor":[111,128,147,197,70,70,82,101,101,132,145,145,145,159,159,159],"floor_reached":16,"playtime":479,"items_purged":["Strike_R"],"score":182,"play_id":"7670005d-c14b-41eb-a3ee-acc0a09d7396","local_time":"20190129121417","is_ascension_mode":true,"campfire_choices":[{"data":"Shockwave","floor":6,"key":"SMITH"},{"data":"Whirlwind","floor":13,"key":"SMITH"},{"data":"Metallicize","floor":15,"key":"SMITH"}],"neow_cost":"NONE","seed_source_timestamp":3367649562210182,"circlet_count":0,"master_deck":["AscendersBane","Strike_R","Strike_R","Strike_R","Strike_R","Defend_R","Defend_R","Defend_R","Defend_R","Bash+1","Pommel Strike","Shockwave+1","Shrug It Off","Twin Strike","Metallicize+1","Whirlwind+1","Perfected Strike","Sword Boomerang"],"relics":["Burning Blood","Pear","The Courier","Oddly Smooth Stone"],"potions_floor_usage":[16],"damage_taken":[{"damage":12,"enemies":"Small Slimes","floor":1,"turns":3},{"damage":1,"enemies":"Cultist","floor":2,"turns":3},{"damage":5,"enemies":"2 Louse","floor":3,"turns":3},{"damage":4,"enemies":"Blue Slaver","floor":7,"turns":4},{"damage":3,"enemies":"Red Slaver","floor":8,"turns":3},{"damage":24,"enemies":"Gremlin Nob","floor":10,"turns":4},{"damage":28,"enemies":"Exordium Thugs","floor":11,"turns":6},{"damage":6,"enemies":"Exordium Wildlife","floor":14,"turns":4},{"damage":45,"enemies":"Hexaghost","floor":16,"turns":13}],"seed_played":"8809009583718592888","potions_obtained":[{"floor":3,"key":"SteroidPotion"},{"floor":10,"key":"GamblersBrew"}],"is_trial":false,"path_per_floor":["M","M","M","?","$","R","M","M","T","E","M","?","R","M","R","B"],"character_chosen":"IRONCLAD","items_purchased":["Shrug It Off"],"campfire_rested":0,"item_purchase_floors":[5],"current_hp_per_floor":[62,67,68,68,68,68,70,73,83,65,43,43,43,43,43,0],"gold":159,"neow_bonus":"UPGRADE_CARD","is_prod":false,"is_daily":false,"chose_seed":false,"campfire_upgraded":3,"win_rate":0,"timestamp":1548782057,"path_taken":["M","M","M","?","$","R","M","?","T","E","M","?","R","M","R","BOSS"],"build_version":"2019-01-23","purchased_purges":1,"victory":false,"max_hp_per_floor":[75,75,75,75,75,75,75,75,85,85,85,85,85,85,85,85],"card_choices":[{"not_picked":["Whirlwind","Headbutt"],"picked":"Pommel Strike","floor":1},{"not_picked":["Clash","True Grit"],"picked":"Shockwave","floor":2},{"not_picked":["Clash","Warcry","Sentinel"],"picked":"SKIP","floor":3},{"not_picked":["Iron Wave","Thunderclap"],"picked":"Twin Strike","floor":7},{"not_picked":["Havoc","Heavy Blade"],"picked":"Metallicize","floor":8},{"not_picked":["Immolate","Burning Pact"],"picked":"Whirlwind","floor":10},{"not_picked":["Second Wind","Headbutt"],"picked":"Perfected Strike","floor":11},{"not_picked":["Body Slam","True Grit"],"picked":"Sword Boomerang","floor":14}],"player_experience":566623,"relics_obtained":[{"floor":9,"key":"Pear"},{"floor":10,"key":"The Courier"}],"event_choices":[{"damage_healed":0,"gold_gain":50,"player_choice":"Pray","damage_taken":0,"max_hp_gain":0,"max_hp_loss":0,"event_name":"Golden Shrine","floor":4,"gold_loss":0},{"damage_healed":0,"gold_gain":0,"player_choice":"Gave Potion","damage_taken":0,"relics_obtained":["Oddly Smooth Stone"],"max_hp_gain":0,"max_hp_loss":0,"event_name":"WeMeetAgain","floor":12,"gold_loss":0}],"is_beta":false,"boss_relics":[],"items_purged_floors":[5],"is_endless":false,"potions_floor_spawned":[3,10,11],"killed_by":"Hexaghost","ascension_level":15}