{"gold_per_floor":[118,133,147,163,174,206,284,284,307,307,339,339,354,354,354,428,428,438,438,458,458,35,60,60,110,110,122,40,40,40,54,54,133,133,144,160,160,170,190,190,35,64,112,144,144,45,45,59,59,59],"floor_reached":50,"playtime":2461,"items_purged":[],"score":1135,"play_id":"3cf8c54e-14f1-4b47-9408-e57aad0e4e5c","local_time":"20190706235900","is_ascension_mode":true,"campfire_choices":[{"data":"Neutralize","floor":8.0,"key":"SMITH"},{"floor":10.0,"key":"REST"},{"data":"Catalyst","floor":15.0,"key":"SMITH"},{"data":"Crippling Poison","floor":24.0,"key":"SMITH"},{"data":"Noxious Fumes","floor":30.0,"key":"SMITH"},{"data":"Dagger Spray","floor":32.0,"key":"SMITH"},{"data":"Footwork","floor":40.0,"key":"SMITH"},{"data":"A Thousand Cuts","floor":45.0,"key":"SMITH"},{"data":"Wraith Form v2","floor":47.0,"key":"SMITH"},{"floor":49.0,"key":"RECALL"}],"neow_cost":"NONE","seed_source_timestamp":0,"circlet_count":0,"master_deck":["AscendersBane","Strike_G+1","Strike_G","Strike_G","Strike_G","Defend_G","Defend_G","Defend_G","Defend_G","Defend_G","Survivor","Neutralize+1","Dagger Throw","Backstab","Crippling Poison+1","Skewer","Backflip","Bouncing Flask+1","Catalyst+1","Adrenaline","Sucker Punch","Dagger Spray+1","Noxious Fumes+1","After Image","Wraith Form v2+1","Cloak And Dagger","Footwork+1","Outmaneuver+1","Backflip+1","A Thousand Cuts+1","Dash","Sadistic Nature"],"special_seed":0,"relics":["Ring of the Snake","Art of War","Meat on the Bone","Whetstone","Anchor","Coffee Dripper","Tingsha","Membership Card","Dead Branch","Ancient Tea Set","Lantern","White Beast Statue","Lee\u0027s Waffle","Mango","Bronze Scales","FossilizedHelix"],"potions_floor_usage":[50,50],"damage_taken":[{"damage":0.0,"enemies":"Jaw Worm","floor":1.0,"turns":5.0},{"damage":8.0,"enemies":"Small Slimes","floor":2.0,"turns":4.0},{"damage":1.0,"enemies":"Cultist","floor":3.0,"turns":3.0},{"damage":0.0,"enemies":"3 Louse","floor":4.0,"turns":4.0},{"damage":34.0,"enemies":"Large Slime","floor":5.0,"turns":9.0},{"damage":18.0,"enemies":"3 Sentries","floor":6.0,"turns":9.0},{"damage":20.0,"enemies":"Lagavulin","floor":11.0,"turns":5.0},{"damage":3.0,"enemies":"Gremlin Gang","floor":13.0,"turns":5.0},{"damage":12.0,"enemies":"The Guardian","floor":16.0,"turns":5.0},{"damage":11.0,"enemies":"Shell Parasite","floor":18.0,"turns":4.0},{"damage":0.0,"enemies":"Spheric Guardian","floor":20.0,"turns":2.0},{"damage":0.0,"enemies":"Gremlin Leader","floor":23.0,"turns":3.0},{"damage":15.0,"enemies":"Cultist and Chosen","floor":27.0,"turns":4.0},{"damage":0.0,"enemies":"Centurion and Healer","floor":31.0,"turns":5.0},{"damage":49.0,"enemies":"Automaton","floor":33.0,"turns":7.0},{"damage":0.0,"enemies":"Orb Walker","floor":35.0,"turns":4.0},{"damage":0.0,"enemies":"3 Shapes","floor":36.0,"turns":3.0},{"damage":29.0,"enemies":"Spire Growth","floor":38.0,"turns":6.0},{"damage":7.0,"enemies":"Sphere and 2 Shapes","floor":39.0,"turns":5.0},{"damage":13.0,"enemies":"Reptomancer","floor":42.0,"turns":7.0},{"damage":8.0,"enemies":"Giant Head","floor":44.0,"turns":7.0},{"damage":1.0,"enemies":"Transient","floor":48.0,"turns":6.0},{"damage":67,"enemies":"Time Eater","floor":50,"turns":13}],"seed_played":"-3438065361075740050","potions_obtained":[{"floor":1.0,"key":"Regen Potion"},{"floor":5.0,"key":"SpeedPotion"},{"floor":6.0,"key":"FearPotion"},{"floor":13.0,"key":"Poison Potion"},{"floor":18.0,"key":"Weak Potion"},{"floor":20.0,"key":"SteroidPotion"},{"floor":27.0,"key":"AttackPotion"},{"floor":33.0,"key":"EssenceOfSteel"},{"floor":38.0,"key":"AttackPotion"},{"floor":42.0,"key":"Block Potion"},{"floor":44.0,"key":"Ancient Potion"}],"is_trial":false,"path_per_floor":["M","M","M","M","M","E","?","R","T","R","E","?","M","?","R","B",null,"M","?","M","T","$","E","R","?","T","M","$","?","R","M","R","B",null,"M","M","?","M","M","R","$","E","T","E","R","$","R","M","R","B"],"character_chosen":"THE_SILENT","items_purchased":["Membership Card","Dead Branch","Dagger Spray","Lantern","Lee\u0027s Waffle","A Thousand Cuts","Sadistic Nature"],"campfire_rested":1,"item_purchase_floors":[22,22,22,28,41,41,46],"current_hp_per_floor":[59,51,50,50,16,13,13,13,13,32,24,24,33,33,33,33,58,47,66,66,66,66,66,66,66,66,51,51,51,51,51,51,14,53,53,53,53,36,41,41,73,74,74,66,66,66,66,65,65,0],"gold":59,"neow_bonus":"RANDOM_COMMON_RELIC","is_prod":false,"is_daily":false,"chose_seed":false,"campfire_upgraded":8,"win_rate":0,"timestamp":1562471940,"path_taken":["M","M","M","M","M","E","?","R","T","R","E","?","?","?","R","BOSS","M","?","?","?","$","E","R","?","T","?","$","?","R","M","R","BOSS","M","M","?","M","?","R","$","E","T","E","R","$","R","M","R","BOSS"],"build_version":"2019-07-05","purchased_purges":0,"victory":false,"max_hp_per_floor":[66,66,66,66,66,66,66,66,66,66,66,66,66,66,66,66,66,66,66,66,66,66,66,66,66,66,66,66,66,66,66,66,66,66,66,66,66,66,66,66,73,87,87,87,87,87,87,87,87,87],"card_choices":[{"not_picked":["Caltrops","Deflect"],"picked":"Masterful Stab","floor":1.0},{"not_picked":["Dodge and Roll","Acrobatics"],"picked":"Dagger Throw","floor":2.0},{"not_picked":["Prepared","Bane"],"picked":"Backstab","floor":3.0},{"not_picked":["Flechettes","Blade Dance"],"picked":"Crippling Poison","floor":4.0},{"not_picked":["Dodge and Roll","Sucker Punch"],"picked":"Skewer","floor":5.0},{"not_picked":["Dagger Throw","Bane"],"picked":"Backflip","floor":6.0},{"not_picked":["Well Laid Plans","Heel Hook"],"picked":"Bouncing Flask","floor":11.0},{"not_picked":["After Image","Bane"],"picked":"Catalyst","floor":13.0},{"not_picked":["Night Terror","Venomology"],"picked":"Adrenaline","floor":16.0},{"not_picked":["Setup","Riddle With Holes","Quick Slash"],"picked":"SKIP","floor":18.0},{"not_picked":["Underhanded Strike","Finisher"],"picked":"Sucker Punch","floor":20.0},{"not_picked":["Slice","Blade Dance","Bane"],"picked":"SKIP","floor":23.0},{"not_picked":["Heel Hook","Poisoned Stab"],"picked":"Noxious Fumes","floor":27.0},{"not_picked":["Deadly Poison","Skewer","Poisoned Stab"],"picked":"SKIP","floor":31.0},{"not_picked":["Phantasmal Killer","Storm of Steel"],"picked":"Wraith Form v2","floor":33.0},{"not_picked":["Setup+1","Flying Knee"],"picked":"Cloak And Dagger","floor":35.0},{"not_picked":["PiercingWail","Catalyst"],"picked":"Footwork","floor":36.0},{"not_picked":["Prepared+1","Cloak And Dagger"],"picked":"Outmaneuver+1","floor":38.0},{"not_picked":["Accuracy","Caltrops"],"picked":"Backflip+1","floor":39.0},{"not_picked":["Setup","Backstab"],"picked":"Dash","floor":42.0},{"not_picked":["Blade Dance","Masterful Stab","Underhanded Strike"],"picked":"SKIP","floor":44.0},{"not_picked":["Skewer","Quick Slash","Flying Knee"],"picked":"SKIP","floor":48.0}],"player_experience":897015,"relics_obtained":[{"floor":6.0,"key":"Meat on the Bone"},{"floor":9.0,"key":"Whetstone"},{"floor":11.0,"key":"Anchor"},{"floor":21.0,"key":"Tingsha"},{"floor":23.0,"key":"Ancient Tea Set"},{"floor":42.0,"key":"Mango"},{"floor":43.0,"key":"Bronze Scales"},{"floor":44.0,"key":"FossilizedHelix"}],"event_choices":[{"damage_healed":0.0,"max_hp_gain":0.0,"max_hp_loss":0.0,"gold_gain":78.0,"event_name":"Golden Wing","player_choice":"Gained Gold","floor":7.0,"gold_loss":0.0,"damage_taken":0.0},{"damage_healed":0.0,"max_hp_gain":0.0,"max_hp_loss":0.0,"gold_gain":0.0,"event_name":"Accursed Blacksmith","player_choice":"Forge","floor":12.0,"gold_loss":0.0,"damage_taken":0.0,"cards_upgraded":["Bouncing Flask"]},{"damage_healed":0.0,"max_hp_gain":0.0,"max_hp_loss":0.0,"gold_gain":0.0,"event_name":"Shining Light","player_choice":"Ignored","floor":14.0,"gold_loss":0.0,"damage_taken":0.0},{"cards_removed":["Masterful Stab"],"damage_healed":19.0,"max_hp_gain":0.0,"max_hp_loss":0.0,"gold_gain":0.0,"event_name":"Bonfire Elementals","player_choice":"Offered Uncommon","floor":19.0,"gold_loss":0.0,"damage_taken":0.0},{"damage_healed":0.0,"max_hp_gain":0.0,"max_hp_loss":0.0,"gold_gain":100.0,"event_name":"The Joust","player_choice":"Bet on Murderer","floor":25.0,"gold_loss":50.0,"damage_taken":0.0},{"damage_healed":0.0,"max_hp_gain":0.0,"max_hp_loss":0.0,"gold_gain":0.0,"event_name":"The Library","player_choice":"Read","floor":29.0,"gold_loss":0.0,"damage_taken":0.0,"cards_obtained":["After Image"]},{"cards_removed":["Strike_G"],"damage_healed":0.0,"max_hp_gain":0.0,"max_hp_loss":0.0,"gold_gain":0.0,"event_name":"Purifier","player_choice":"Purged","floor":37.0,"gold_loss":0.0,"damage_taken":0.0}],"is_beta":false,"boss_relics":[{"not_picked":["Busted Crown","Tiny House"],"picked":"Coffee Dripper"},{"not_picked":["Runic Dome","Runic Pyramid"],"picked":"White Beast Statue"}],"items_purged_floors":[],"is_endless":false,"potions_floor_spawned":[1,5,6,13,18,20,27,33,35,36,38,39,42,44,48],"killed_by":"Time Eater","ascension_level":20}