{"gold_per_floor":[115,127,127,104,123,123,149,149,149,168,185,211,221,239,239,334,334,354,61,71,97,12,12,44,44,67,67],"floor_reached":27,"playtime":920,"items_purged":[],"score":377,"play_id":"43b3d03a-ae8d-40e4-a526-b96664b25e3c","local_time":"20181222163438","is_ascension_mode":true,"campfire_choices":[{"data":"Flex","floor":6.0,"key":"SMITH"},{"data":"Double Tap","floor":15.0,"key":"SMITH"},{"floor":23.0,"key":"REST"}],"neow_cost":"NONE","seed_source_timestamp":100328663302342,"circlet_count":0,"master_deck":["AscendersBane","Bash","Fiend Fire","Cleave","Spot Weakness","Flex+1","Metallicize","Spot Weakness","Whirlwind","Double Tap+1","Pommel Strike","Rage","Limit Break","Fiend Fire","Entrench","Spot Weakness","Havoc","Metallicize","Pommel Strike","Rage","Searing Blow","True Grit","Shrug It Off","Evolve","Shrug It Off"],"special_seed":0,"relics":["Burning Blood","Ice Cream","CultistMask","Nunchaku","Ginger","Pandora\u0027s Box","Matryoshka","The Courier","Boot","Bronze Scales","Pear","Ancient Tea Set","Omamori"],"potions_floor_usage":[],"damage_taken":[{"damage":0.0,"enemies":"2 Louse","floor":1.0,"turns":3.0},{"damage":0.0,"enemies":"Cultist","floor":2.0,"turns":2.0},{"damage":11.0,"enemies":"Jaw Worm","floor":5.0,"turns":4.0},{"damage":29.0,"enemies":"3 Sentries","floor":7.0,"turns":9.0},{"damage":14.0,"enemies":"Red Slaver","floor":10.0,"turns":3.0},{"damage":0.0,"enemies":"Looter","floor":11.0,"turns":2.0},{"damage":38.0,"enemies":"Gremlin Nob","floor":12.0,"turns":5.0},{"damage":0.0,"enemies":"Exordium Wildlife","floor":13.0,"turns":3.0},{"damage":1.0,"enemies":"Exordium Thugs","floor":14.0,"turns":3.0},{"damage":17.0,"enemies":"Hexaghost","floor":16.0,"turns":8.0},{"damage":6.0,"enemies":"3 Byrds","floor":18.0,"turns":4.0},{"damage":41.0,"enemies":"Shell Parasite","floor":20.0,"turns":7.0},{"damage":44.0,"enemies":"Slavers","floor":24.0,"turns":3.0},{"damage":28,"enemies":"3 Cultists","floor":27,"turns":3}],"seed_played":"-6811233462872185348","potions_obtained":[{"floor":5.0,"key":"Block Potion"},{"floor":7.0,"key":"Block Potion"},{"floor":11.0,"key":"Weak Potion"},{"floor":13.0,"key":"Block Potion"},{"floor":14.0,"key":"Block Potion"},{"floor":18.0,"key":"Weak Potion"}],"is_trial":false,"path_per_floor":["M","M","?","$","M","R","E","?","T","M","M","E","M","M","R","B",null,"M","$","M","T","?","R","E","$","T","M"],"character_chosen":"IRONCLAD","items_purchased":["Flex","Matryoshka","Evolve"],"campfire_rested":1,"item_purchase_floors":[4,19,19],"current_hp_per_floor":[78,80,80,80,75,75,52,52,52,44,50,18,24,29,29,18,65,65,65,30,30,30,54,26,26,26,0],"gold":67,"neow_bonus":"ONE_RANDOM_RARE_CARD","is_prod":false,"is_daily":false,"chose_seed":false,"campfire_upgraded":2,"win_rate":0,"timestamp":1545514478,"path_taken":["M","M","?","?","M","R","E","?","T","M","M","E","M","M","R","BOSS","M","$","M","?","?","R","E","?","T","M"],"build_version":"2018-12-20","purchased_purges":0,"victory":false,"max_hp_per_floor":[80,80,80,80,80,80,80,80,80,80,80,80,80,80,80,80,80,80,80,80,80,80,80,90,90,90,90],"card_choices":[{"not_picked":["Havoc","Body Slam"],"picked":"Cleave","floor":1.0},{"not_picked":["Body Slam","Pommel Strike"],"picked":"Spot Weakness","floor":2.0},{"not_picked":["Headbutt","Iron Wave"],"picked":"Metallicize","floor":5.0},{"not_picked":["Rupture","Wild Strike"],"picked":"Spot Weakness","floor":7.0},{"not_picked":["Clothesline","Rampage"],"picked":"Whirlwind","floor":10.0},{"not_picked":["Thunderclap","Burning Pact"],"picked":"Double Tap","floor":11.0},{"not_picked":["Anger","Warcry","Cleave"],"picked":"SKIP","floor":12.0},{"not_picked":["Flex","Body Slam"],"picked":"Pommel Strike","floor":13.0},{"not_picked":["Anger","Battle Trance"],"picked":"Rage","floor":14.0},{"not_picked":["Immolate","Juggernaut"],"picked":"Limit Break","floor":16.0},{"not_picked":["Headbutt+1","Entrench"],"picked":"Shrug It Off","floor":18.0},{"not_picked":["Clash","Havoc","Carnage"],"picked":"SKIP","floor":20.0},{"not_picked":["Headbutt+1","Clothesline"],"picked":"Shrug It Off","floor":24.0}],"player_experience":533614,"relics_obtained":[{"floor":7.0,"key":"Ice Cream"},{"floor":9.0,"key":"Nunchaku"},{"floor":12.0,"key":"Ginger"},{"floor":21.0,"key":"The Courier"},{"floor":21.0,"key":"Boot"},{"floor":24.0,"key":"Pear"},{"floor":26.0,"key":"Ancient Tea Set"},{"floor":26.0,"key":"Omamori"}],"event_choices":[{"damage_healed":0.0,"max_hp_gain":0.0,"max_hp_loss":0.0,"gold_gain":0.0,"event_name":"The Woman in Blue","player_choice":"Bought 0 Potions","floor":3.0,"gold_loss":0.0,"damage_taken":0.0},{"damage_healed":0.0,"max_hp_gain":0.0,"max_hp_loss":0.0,"gold_gain":0.0,"event_name":"FaceTrader","player_choice":"Trade","floor":8.0,"gold_loss":0.0,"damage_taken":0.0,"relics_obtained":["CultistMask"]},{"damage_healed":0.0,"max_hp_gain":0.0,"max_hp_loss":0.0,"gold_gain":0.0,"event_name":"Addict","player_choice":"Obtained Relic","floor":22.0,"gold_loss":85.0,"damage_taken":0.0,"relics_obtained":["Bronze Scales"]}],"is_beta":false,"boss_relics":[{"not_picked":["Fusion Hammer","Orrery"],"picked":"Pandora\u0027s Box"}],"items_purged_floors":[],"is_endless":false,"potions_floor_spawned":[5,7,11,13,14,18],"killed_by":"3 Cultists","ascension_level":11}