{"gold_per_floor":[11,11,23,23,37,37,37,64,91,44,54,74,99,113,113,190,190,200,154,69,88,88,88,88,88,142,142,159,187,187,187,187,264,314,331,331,82,102,102,102,112,123,195,221,221,221,221,235,235,235],"floor_reached":50,"playtime":2568,"items_purged":[],"score":872,"play_id":"12f109f1-b4d3-40bd-98c6-a36a640a2364","local_time":"20180819003650","is_ascension_mode":true,"campfire_choices":[{"floor":6.0,"key":"DIG"},{"floor":15.0,"key":"DIG"},{"floor":23.0,"key":"DIG"},{"floor":25.0,"key":"DIG"},{"floor":30.0,"key":"DIG"},{"floor":32.0,"key":"REST"},{"data":"Creative AI","floor":40,"key":"SMITH"},{"floor":45,"key":"REST"},{"floor":47,"key":"REST"},{"floor":49,"key":"DIG"}],"neow_cost":"NO_GOLD","seed_source_timestamp":3640642057100747,"circlet_count":0,"master_deck":["Zap","Dualcast","AscendersBane","Leap","Go for the Eyes","Go for the Eyes+1","Steam","Rebound","Stack","Steam","Creative AI+1","Conserve Battery","Double Energy+1","Beam Cell","Glacier","Loop","Turbo","FTL+1","Cold Snap","Leap","Go for the Eyes+1","Cold Snap","Machine Learning","Stack","Hologram","Compile Driver+1","Ball Lightning","Leap","Hologram","Deep Breath","Seek"],"special_seed":0,"relics":["Cracked Core","Shovel","Pen Nib","Art of War","Orichalcum","Anchor","Whetstone","Ginger","Vajra","Pandora\u0027s Box","Peace Pipe","Bird Faced Urn","DataDisk","Omamori","Oddly Smooth Stone","Bag of Preparation","Tiny House","Mummified Hand","Smiling Mask","Bottled Flame","Strawberry"],"potions_floor_usage":[44,50,50],"damage_taken":[{"damage":0.0,"enemies":"2 Louse","floor":1.0,"turns":3.0},{"damage":0.0,"enemies":"Small Slimes","floor":3.0,"turns":3.0},{"damage":0.0,"enemies":"Cultist","floor":5.0,"turns":3.0},{"damage":16.0,"enemies":"3 Sentries","floor":8.0,"turns":8.0},{"damage":0.0,"enemies":"Exordium Wildlife","floor":11.0,"turns":3.0},{"damage":0.0,"enemies":"Gremlin Gang","floor":12.0,"turns":3.0},{"damage":18.0,"enemies":"Lagavulin","floor":13.0,"turns":7.0},{"damage":0.0,"enemies":"Blue Slaver","floor":14.0,"turns":4.0},{"damage":22.0,"enemies":"The Guardian","floor":16.0,"turns":16.0},{"damage":24.0,"enemies":"Spheric Guardian","floor":18.0,"turns":6.0},{"damage":0.0,"enemies":"Chosen","floor":21.0,"turns":6.0},{"damage":12.0,"enemies":"Shelled Parasite and Fungi","floor":28.0,"turns":16.0},{"damage":40.0,"enemies":"Book of Stabbing","floor":29.0,"turns":8.0},{"damage":78.0,"enemies":"Automaton","floor":33.0,"turns":9.0},{"damage":20.0,"enemies":"3 Shapes","floor":35.0,"turns":4.0},{"damage":14,"enemies":"3 Darklings","floor":38,"turns":8},{"damage":1,"enemies":"Spire Growth","floor":41,"turns":7},{"damage":7,"enemies":"Sphere and 2 Shapes","floor":42,"turns":10},{"damage":75,"enemies":"2 Orb Walkers","floor":44,"turns":8},{"damage":5,"enemies":"4 Shapes","floor":48,"turns":10},{"damage":94,"enemies":"Awakened One","floor":50,"turns":7}],"seed_played":"-1370004016996515115","potions_obtained":[{"floor":1.0,"key":"Swift Potion"},{"floor":8.0,"key":"Explosive Potion"},{"floor":12.0,"key":"Explosive Potion"},{"floor":29.0,"key":"Fruit Juice"},{"floor":34.0,"key":"Energy Potion"},{"floor":44,"key":"Dexterity Potion"}],"is_trial":false,"path_per_floor":["M","?","M","T","M","R","$","E","T","?","M","M","E","M","R","B",null,"M","$","?","M","?","R","?","R","T","$","M","E","R","?","R","B",null,"M","?","$","M","?","R","M","M","T","E","R","?","R","M","R"],"character_chosen":"DEFECT","items_purchased":["Cold Snap","Mummified Hand"],"campfire_rested":3,"item_purchase_floors":[19,37],"current_hp_per_floor":[64,59,59,59,59,59,59,43,43,43,43,43,25,25,25,3,54,30,30,30,30,30,30,30,30,30,30,71,42,42,42,64,20,67,55,71,71,77,77,77,81,81,81,14,38,38,62,73,80,0],"gold":235,"neow_bonus":"ONE_RARE_RELIC","is_prod":false,"is_daily":false,"chose_seed":false,"campfire_upgraded":1,"win_rate":0,"timestamp":1534653410,"path_taken":["M","?","M","?","?","R","$","E","T","?","M","M","E","M","R","BOSS","M","$","?","M","?","R","?","R","T","$","M","E","R","?","R","BOSS","M","?","$","M","?","R","M","M","T","E","R","?","R","M","R","BOSS"],"build_version":"2018-08-16","purchased_purges":0,"victory":false,"max_hp_per_floor":[71,71,71,71,71,71,71,71,71,71,71,71,71,71,71,71,71,71,71,71,71,71,71,71,71,71,71,71,76,76,76,76,76,81,81,81,81,81,81,81,81,81,81,81,81,81,81,81,88,88],"card_choices":[{"not_picked":["Darkness","Sweeping Beam"],"picked":"Leap","floor":1.0},{"not_picked":["Leap","Capacitor"],"picked":"Go for the Eyes","floor":3.0},{"not_picked":["Force Field","Stack"],"picked":"Go for the Eyes","floor":5.0},{"not_picked":["Lockon","Beam Cell"],"picked":"Steam","floor":8.0},{"not_picked":["Turbo","Gash"],"picked":"Compile Driver","floor":11.0},{"not_picked":["Gash","Redo"],"picked":"Rebound","floor":12.0},{"not_picked":["Capacitor","Storm"],"picked":"Stack","floor":13.0},{"not_picked":["Darkness","Chaos"],"picked":"Steam","floor":14.0},{"not_picked":["Biased Cognition","Hyperbeam"],"picked":"Creative AI","floor":16.0},{"not_picked":["Compile Driver+1","Stack"],"picked":"FTL+1","floor":18.0},{"not_picked":["Redo","Coolheaded"],"picked":"Leap","floor":21.0},{"not_picked":["Redo","Steam"],"picked":"Go for the Eyes+1","floor":28.0},{"not_picked":["Compile Driver","Coolheaded"],"picked":"Cold Snap","floor":29.0},{"not_picked":["Biased Cognition","Fission"],"picked":"Machine Learning","floor":33.0},{"not_picked":["Consume","Darkness"],"picked":"Stack","floor":34.0},{"not_picked":["Coolheaded","Leap+1"],"picked":"Hologram","floor":35.0},{"not_picked":["Cold Snap","Coolheaded"],"picked":"Compile Driver+1","floor":38},{"not_picked":["Self Repair+1","Lockon"],"picked":"Ball Lightning","floor":41},{"not_picked":["Steam+1","Storm"],"picked":"Leap","floor":42},{"not_picked":["Turbo","Scrape"],"picked":"Hologram","floor":44},{"not_picked":["Dramatic Entrance","Forethought"],"picked":"Deep Breath","floor":46},{"not_picked":["Leap","Coolheaded"],"picked":"Seek","floor":48}],"player_experience":264319,"relics_obtained":[{"floor":4.0,"key":"Art of War"},{"floor":6.0,"key":"Orichalcum"},{"floor":8.0,"key":"Anchor"},{"floor":9.0,"key":"Whetstone"},{"floor":13.0,"key":"Ginger"},{"floor":15.0,"key":"Vajra"},{"floor":23.0,"key":"Bird Faced Urn"},{"floor":25.0,"key":"DataDisk"},{"floor":26.0,"key":"Omamori"},{"floor":29.0,"key":"Oddly Smooth Stone"},{"floor":30.0,"key":"Bag of Preparation"},{"floor":43,"key":"Smiling Mask"},{"floor":44,"key":"Bottled Flame"},{"floor":49,"key":"Strawberry"}],"event_choices":[{"event_name":"Scrap Ooze","player_choice":"success","floor":2.0,"damage_taken":5.0},{"event_name":"World of Goop","player_choice":"Left","floor":10.0,"damage_taken":0.0},{"event_name":"Addict","player_choice":"Obtained Relic","floor":20.0,"damage_taken":0.0},{"event_name":"Back to Basics","player_choice":"Elegance","floor":22.0,"damage_taken":0.0},{"event_name":"Purifier","player_choice":"One Purge","floor":24.0,"damage_taken":0.0},{"event_name":"The Mausoleum","player_choice":"No","floor":31.0,"damage_taken":0.0},{"event_name":"Winding Halls","player_choice":"Writhe","floor":36.0,"damage_taken":0.0},{"event_name":"Falling","player_choice":"Removed Attack","floor":39,"damage_taken":0},{"event_name":"SensoryStone","player_choice":"Memory 1","floor":46,"damage_taken":0}],"is_beta":false,"boss_relics":[{"not_picked":["Lizard Tail","Empty Cage"],"picked":"Pandora\u0027s Box"},{"not_picked":["FrozenCore","Runic Pyramid"],"picked":"Tiny House"}],"items_purged_floors":[],"is_endless":false,"potions_floor_spawned":[1,8,11,12,29,44],"killed_by":"Awakened One","ascension_level":15}