{"gold_per_floor":[118,193,213,223,223,223,249,249,249,261,273,313,325,317,329,341],"floor_reached":16,"playtime":326,"items_purged":[],"score":212,"play_id":"b0ae3ade-05e2-4f81-bcbe-a4f1231b8283","local_time":"20190629150145","is_ascension_mode":true,"campfire_choices":[{"data":"Anger","floor":6.0,"key":"SMITH"},{"floor":8,"key":"REST"},{"floor":11,"key":"REST"},{"floor":13,"key":"REST"},{"data":"Carnage","floor":15,"key":"SMITH"}],"neow_cost":"NONE","seed_source_timestamp":714418610136800,"circlet_count":0,"master_deck":["AscendersBane","Strike_R","Strike_R","Strike_R","Strike_R","Defend_R","Defend_R","Defend_R","Defend_R","Bash+1","Headbutt","Anger+1","Dropkick","Twin Strike","Twin Strike","Carnage+1"],"special_seed":0,"relics":["Burning Blood","Dodecahedron","MawBank","Dream Catcher"],"potions_floor_usage":[7,16,16,16],"damage_taken":[{"damage":12.0,"enemies":"Small Slimes","floor":1.0,"turns":6.0},{"damage":11.0,"enemies":"Jaw Worm","floor":3.0,"turns":4.0},{"damage":4.0,"enemies":"2 Louse","floor":4.0,"turns":3.0},{"damage":45,"enemies":"3 Sentries","floor":7,"turns":8},{"damage":32,"enemies":"Gremlin Nob","floor":12,"turns":4},{"damage":43,"enemies":"The Guardian","floor":16,"turns":8}],"seed_played":"-3580865836142280068","potions_obtained":[{"floor":1.0,"key":"GamblersBrew"},{"floor":12,"key":"Strength Potion"},{"floor":14,"key":"EntropicBrew"}],"is_trial":false,"path_per_floor":["M","?","M","M","?","R","E","R","T","?","R","E","R","?","R","B"],"character_chosen":"IRONCLAD","items_purchased":[],"campfire_rested":3,"item_purchase_floors":[],"current_hp_per_floor":[62,51,46,48,48,48,9,31,31,31,53,27,49,49,49,6],"gold":341,"neow_bonus":"UPGRADE_CARD","is_prod":false,"is_daily":false,"chose_seed":false,"campfire_upgraded":2,"win_rate":0,"timestamp":1561816905,"path_taken":["M","?","M","M","?","R","E","R","T","?","R","E","R","?","R","BOSS"],"build_version":"2019-01-23","purchased_purges":0,"victory":false,"max_hp_per_floor":[75,75,75,75,75,75,75,75,75,75,75,75,75,75,75,75],"card_choices":[{"not_picked":["Sever Soul","Clothesline"],"picked":"Headbutt","floor":1.0},{"not_picked":["Havoc","Fire Breathing"],"picked":"Anger","floor":3.0},{"not_picked":["Rage","Warcry"],"picked":"Dropkick","floor":4.0},{"not_picked":["Sever Soul","Havoc"],"picked":"Twin Strike","floor":7},{"not_picked":["Combust","Heavy Blade"],"picked":"Twin Strike","floor":12},{"not_picked":["Uppercut","Rampage"],"picked":"Carnage","floor":13}],"player_experience":1497510,"relics_obtained":[{"floor":7,"key":"Dodecahedron"},{"floor":9,"key":"MawBank"},{"floor":12,"key":"Dream Catcher"}],"event_choices":[{"damage_healed":0.0,"max_hp_gain":0.0,"max_hp_loss":0.0,"gold_gain":75.0,"event_name":"World of Goop","player_choice":"Gather Gold","floor":2.0,"gold_loss":0.0,"damage_taken":11.0},{"damage_healed":0.0,"max_hp_gain":0.0,"max_hp_loss":0.0,"gold_gain":0.0,"event_name":"Liars Game","player_choice":"Ignored","floor":5.0,"gold_loss":0.0,"damage_taken":0.0},{"cards_removed":["Strike_R"],"damage_healed":0,"gold_gain":0,"player_choice":"Forget","damage_taken":0,"max_hp_gain":0,"max_hp_loss":0,"event_name":"Living Wall","floor":10,"gold_loss":0},{"damage_healed":0,"gold_gain":0,"player_choice":"Bought 1 Potion","damage_taken":0,"max_hp_gain":0,"max_hp_loss":0,"event_name":"The Woman in Blue","floor":14,"gold_loss":0}],"is_beta":false,"boss_relics":[],"items_purged_floors":[],"is_endless":false,"potions_floor_spawned":[1,12],"killed_by":"The Guardian","ascension_level":20}