{"gold_per_floor":[115,115,115,129,139,171,171,204,204,221,186,200,200,214,214,292,292,310,51,65,65,65,97,16,16],"floor_reached":25,"playtime":718,"items_purged":["Strike_R"],"score":462,"play_id":"a6067201-ce49-467f-af6c-9c4c5e4e9d34","local_time":"20190610093010","is_ascension_mode":true,"campfire_choices":[{"data":"Bash","floor":7.0,"key":"SMITH"},{"data":"True Grit","floor":13.0,"key":"SMITH"},{"data":"Offering","floor":15.0,"key":"SMITH"}],"neow_cost":"NONE","seed_source_timestamp":54654146697200,"circlet_count":0,"master_deck":["AscendersBane","Strike_R","Strike_R","Strike_R","Strike_R","Defend_R+1","Defend_R","Defend_R","Defend_R","Bash+1","Whirlwind+1","Clothesline","Twin Strike","Seeing Red","True Grit+1","Offering+1","Offering","Rupture","Apotheosis","Shame","Rage+1","Battle Trance"],"special_seed":0,"relics":["Burning Blood","Potion Belt","Mercury Hourglass","Ancient Tea Set","Philosopher\u0027s Stone","Ornamental Fan","Red Skull"],"potions_floor_usage":[23,25],"damage_taken":[{"damage":1.0,"enemies":"Small Slimes","floor":1.0,"turns":4.0},{"damage":19.0,"enemies":"Jaw Worm","floor":4.0,"turns":4.0},{"damage":1.0,"enemies":"2 Louse","floor":5.0,"turns":3.0},{"damage":17.0,"enemies":"3 Sentries","floor":6.0,"turns":3.0},{"damage":28.0,"enemies":"Gremlin Nob","floor":8.0,"turns":4.0},{"damage":19.0,"enemies":"Exordium Wildlife","floor":10.0,"turns":4.0},{"damage":9.0,"enemies":"Red Slaver","floor":12.0,"turns":3.0},{"damage":0.0,"enemies":"Looter","floor":14.0,"turns":2.0},{"damage":20.0,"enemies":"Slime Boss","floor":16.0,"turns":8.0},{"damage":12.0,"enemies":"Chosen","floor":18.0,"turns":5.0},{"damage":18.0,"enemies":"Spheric Guardian","floor":20.0,"turns":4.0},{"damage":53,"enemies":"Slavers","floor":23,"turns":3},{"damage":27,"enemies":"Book of Stabbing","floor":25,"turns":4}],"seed_played":"-8898136961708844117","potions_obtained":[{"floor":4.0,"key":"Fire Potion"},{"floor":5.0,"key":"Energy Potion"},{"floor":8.0,"key":"Regen Potion"},{"floor":12.0,"key":"BloodPotion"},{"floor":18.0,"key":"Strength Potion"}],"is_trial":false,"path_per_floor":["M","?","?","M","M","E","R","E","T","M","?","M","R","M","R","B",null,"M","$","M","?","?","E","$","E"],"character_chosen":"IRONCLAD","items_purchased":["Apotheosis","Battle Trance"],"campfire_rested":0,"item_purchase_floors":[19,24],"current_hp_per_floor":[80,55,60,47,52,41,41,19,19,18,39,36,36,42,42,28,72,66,66,54,54,71,24,24,5],"gold":16,"neow_bonus":"TEN_PERCENT_HP_BONUS","is_prod":false,"is_daily":false,"chose_seed":false,"campfire_upgraded":3,"win_rate":0,"timestamp":1560155410,"path_taken":["M","?","?","M","M","E","R","E","T","M","?","M","R","M","R","BOSS","M","$","M","?","?","E","$","E"],"build_version":"2019-01-23","purchased_purges":1,"victory":false,"max_hp_per_floor":[82,82,87,87,87,87,87,87,87,87,87,87,87,87,87,87,87,87,87,87,87,87,87,87,87],"card_choices":[{"not_picked":["Pommel Strike","Clothesline"],"picked":"Whirlwind","floor":1.0},{"not_picked":["Blood for Blood","Anger"],"picked":"Clothesline","floor":4.0},{"not_picked":["Seeing Red","Anger"],"picked":"Twin Strike","floor":5.0},{"not_picked":["Power Through","Berserk","Body Slam"],"picked":"SKIP","floor":6.0},{"not_picked":["Reckless Charge","Blood for Blood"],"picked":"Seeing Red","floor":8.0},{"not_picked":["Wild Strike","Clash","Cleave"],"picked":"SKIP","floor":10.0},{"not_picked":["Flex","Perfected Strike"],"picked":"True Grit","floor":12.0},{"not_picked":["Armaments","Shrug It Off"],"picked":"Offering","floor":14.0},{"not_picked":["Barricade","Impervious"],"picked":"Offering","floor":16.0},{"not_picked":["Sword Boomerang","Twin Strike"],"picked":"Rupture","floor":18.0},{"not_picked":["Cleave","Clash","Searing Blow"],"picked":"SKIP","floor":20.0},{"not_picked":["Feel No Pain","Havoc"],"picked":"Rage+1","floor":23}],"player_experience":1439533,"relics_obtained":[{"floor":6.0,"key":"Potion Belt"},{"floor":8.0,"key":"Mercury Hourglass"},{"floor":9.0,"key":"Ancient Tea Set"},{"floor":23,"key":"Red Skull"}],"event_choices":[{"damage_healed":0.0,"max_hp_gain":0.0,"max_hp_loss":0.0,"gold_gain":0.0,"event_name":"Shining Light","player_choice":"Entered Light","floor":2.0,"gold_loss":0.0,"damage_taken":25.0,"cards_upgraded":["Defend_R","Whirlwind"]},{"damage_healed":0.0,"max_hp_gain":5.0,"max_hp_loss":0.0,"gold_gain":0.0,"event_name":"Big Fish","player_choice":"Donut","floor":3.0,"gold_loss":0.0,"damage_taken":0.0},{"damage_healed":21.0,"max_hp_gain":0.0,"max_hp_loss":0.0,"gold_gain":0.0,"event_name":"The Cleric","player_choice":"Healed","floor":11.0,"gold_loss":35.0,"damage_taken":0.0},{"damage_healed":0.0,"max_hp_gain":0.0,"max_hp_loss":0.0,"gold_gain":0.0,"event_name":"Addict","player_choice":"Stole Relic","floor":21.0,"gold_loss":0.0,"damage_taken":0.0,"relics_obtained":["Ornamental Fan"],"cards_obtained":["Shame"]},{"damage_healed":17.0,"max_hp_gain":0.0,"max_hp_loss":0.0,"gold_gain":0.0,"event_name":"The Library","player_choice":"Heal","floor":22.0,"gold_loss":0.0,"damage_taken":0.0}],"is_beta":false,"boss_relics":[{"not_picked":["Empty Cage","Lizard Tail"],"picked":"Philosopher\u0027s Stone"}],"items_purged_floors":[19],"is_endless":false,"potions_floor_spawned":[4,5,8,12,18],"killed_by":"Book of Stabbing","ascension_level":20}