{"gold_per_floor":[118,133,133,133,151,151,177,177,177,205,50,50,50,60,60,165,165,177,177,55,55,55,89,89,109,109,109,139,139,139,154,154,259,259,272,43,43,43,54,54,54,87,133,133,133,133,163,183,183,183],"floor_reached":51,"playtime":1931,"items_purged":["Strike_R"],"score":1152,"play_id":"fc152e35-f39a-43f8-9eb0-a5be3b8400a6","local_time":"20181229135405","is_ascension_mode":true,"campfire_choices":[{"data":"Demon Form","floor":6.0,"key":"SMITH"},{"floor":8.0,"key":"REST"},{"floor":12.0,"key":"REST"},{"data":"Limit Break","floor":15.0,"key":"SMITH"},{"data":"Whirlwind","floor":27.0,"key":"SMITH"},{"floor":30.0,"key":"REST"},{"floor":32.0,"key":"REST"},{"data":"Flame Barrier","floor":41.0,"key":"SMITH"},{"floor":44.0,"key":"REST"},{"floor":46.0,"key":"REST"},{"floor":49.0,"key":"REST"}],"neow_cost":"PERCENT_DAMAGE","seed_source_timestamp":0,"circlet_count":0,"master_deck":["AscendersBane","Defend_R+1","Defend_R+1","Defend_R+1","Defend_R+1","Bash","Demon Form+1","Shrug It Off+1","Sword Boomerang","Dropkick","Whirlwind+1","Limit Break+1","Pummel","Reaper","Uppercut+1","Clothesline","Armaments+1","Juggernaut","Bite","Bite","Bite","Bite","Bite","Flex","Flame Barrier+1","Twin Strike","Shrug It Off","Madness","Madness","Clothesline+1","Cleave+1","Flame Barrier","Battle Trance"],"special_seed":0,"relics":["Burning Blood","Bird Faced Urn","Sundial","Art of War","Snecko Eye","Dream Catcher","War Paint","Lizard Tail","Chemical X","Anchor","Happy Flower","Mercury Hourglass"],"potions_floor_usage":[50,50],"damage_taken":[{"damage":5.0,"enemies":"2 Louse","floor":1.0,"turns":5.0},{"damage":7.0,"enemies":"Jaw Worm","floor":2.0,"turns":5.0},{"damage":0.0,"enemies":"Cultist","floor":5.0,"turns":3.0},{"damage":37.0,"enemies":"3 Sentries","floor":7.0,"turns":6.0},{"damage":49.0,"enemies":"Gremlin Nob","floor":10.0,"turns":6.0},{"damage":8.0,"enemies":"Blue Slaver","floor":14.0,"turns":4.0},{"damage":18.0,"enemies":"Slime Boss","floor":16.0,"turns":5.0},{"damage":6.0,"enemies":"Spheric Guardian","floor":18.0,"turns":3.0},{"damage":34.0,"enemies":"Book of Stabbing","floor":23.0,"turns":5.0},{"damage":0.0,"enemies":"Chosen","floor":25.0,"turns":4.0},{"damage":55.0,"enemies":"Slavers","floor":28.0,"turns":4.0},{"damage":27.0,"enemies":"Centurion and Healer","floor":31.0,"turns":6.0},{"damage":49.0,"enemies":"Champ","floor":33.0,"turns":11.0},{"damage":25.0,"enemies":"Orb Walker","floor":35.0,"turns":4.0},{"damage":21.0,"enemies":"3 Shapes","floor":39.0,"turns":10.0},{"damage":80.0,"enemies":"Nemesis","floor":42.0,"turns":11.0},{"damage":45.0,"enemies":"Reptomancer","floor":47.0,"turns":5.0},{"damage":22.0,"enemies":"3 Darklings","floor":48.0,"turns":2.0},{"damage":112,"enemies":"Awakened One","floor":50,"turns":12}],"seed_played":"1654498453598580165","potions_obtained":[{"floor":7.0,"key":"SpeedPotion"},{"floor":10.0,"key":"AttackPotion"},{"floor":14.0,"key":"Fire Potion"},{"floor":25.0,"key":"LiquidBronze"},{"floor":33.0,"key":"Poison Potion"},{"floor":42.0,"key":"Ancient Potion"},{"floor":47.0,"key":"AttackPotion"}],"is_trial":false,"path_per_floor":["M","M","?","?","M","R","E","R","T","E","$","R","?","M","R","B",null,"M","?","$","?","$","E","?","M","T","R","E","?","R","M","R","B",null,"M","$","?","?","M","$","R","E","T","R","$","R","E","M","R","B",null],"character_chosen":"IRONCLAD","items_purchased":["Limit Break","Clothesline","Chemical X","Shrug It Off"],"campfire_rested":7,"item_purchase_floors":[11,20,36,36],"current_hp_per_floor":[52,51,51,51,57,57,26,50,50,7,7,31,31,29,29,19,65,67,67,67,67,67,51,77,80,80,80,31,31,55,64,80,55,74,68,68,68,58,68,68,68,20,20,44,44,68,43,34,58,46],"gold":183,"neow_bonus":"THREE_RARE_CARDS","is_prod":false,"is_daily":false,"chose_seed":false,"campfire_upgraded":4,"win_rate":0,"timestamp":1546109645,"path_taken":["M","M","?","?","M","R","E","R","T","E","$","R","?","M","R","BOSS","M","?","?","?","$","E","?","?","T","R","E","?","R","M","R","BOSS","M","$","?","?","M","?","R","E","T","R","$","R","E","M","R","BOSS"],"build_version":"2018-12-20","purchased_purges":1,"victory":true,"max_hp_per_floor":[80,80,80,80,80,80,80,80,80,80,80,80,80,80,80,80,80,80,80,80,80,80,80,80,80,80,80,80,80,80,80,80,80,80,80,80,80,80,80,80,80,80,80,80,80,80,80,80,80,80],"card_choices":[{"not_picked":["Offering","Reaper"],"picked":"Demon Form","floor":0.0},{"not_picked":["Cleave","Thunderclap"],"picked":"Shrug It Off","floor":1.0},{"not_picked":["Dual Wield","Sword Boomerang","Body Slam"],"picked":"SKIP","floor":2.0},{"not_picked":["Dual Wield","Body Slam"],"picked":"Sword Boomerang","floor":2.0},{"not_picked":["Anger","Body Slam","Inflame"],"picked":"SKIP","floor":5.0},{"not_picked":["Iron Wave","Body Slam"],"picked":"Dropkick","floor":7.0},{"not_picked":["Pommel Strike","Perfected Strike"],"picked":"Whirlwind","floor":10.0},{"not_picked":["Barricade","True Grit"],"picked":"Pummel","floor":14.0},{"not_picked":["Double Tap","Dark Embrace"],"picked":"Reaper","floor":16.0},{"not_picked":["Warcry","Headbutt"],"picked":"Uppercut+1","floor":18.0},{"not_picked":["Clash+1","Searing Blow+1","Body Slam"],"picked":"SKIP","floor":23.0},{"not_picked":["Flex","Thunderclap"],"picked":"Armaments+1","floor":25.0},{"not_picked":["Infernal Blade+1","Warcry"],"picked":"Juggernaut","floor":28.0},{"not_picked":["Anger","Intimidate+1"],"picked":"Flex","floor":30.0},{"not_picked":["Sword Boomerang","Clothesline"],"picked":"Flame Barrier","floor":31.0},{"not_picked":["Clothesline","Warcry"],"picked":"Twin Strike","floor":32.0},{"not_picked":["Juggernaut","Immolate"],"picked":"Limit Break","floor":33.0},{"not_picked":["Perfected Strike+1","Intimidate+1","Sword Boomerang+1"],"picked":"SKIP","floor":35.0},{"not_picked":["Perfected Strike+1","Havoc","Entrench"],"picked":"SKIP","floor":39.0},{"not_picked":["Power Through+1","Pommel Strike"],"picked":"Clothesline+1","floor":42.0},{"not_picked":["Entrench+1","Thunderclap+1"],"picked":"Cleave+1","floor":46.0},{"not_picked":["Hemokinesis","Shrug It Off+1"],"picked":"Flame Barrier","floor":47.0},{"not_picked":["Sever Soul+1","Feel No Pain+1","Infernal Blade"],"picked":"SKIP","floor":48.0},{"not_picked":["True Grit+1","Thunderclap+1"],"picked":"Battle Trance","floor":49.0}],"player_experience":543353,"relics_obtained":[{"floor":7.0,"key":"Bird Faced Urn"},{"floor":9.0,"key":"Sundial"},{"floor":10.0,"key":"Art of War"},{"floor":23.0,"key":"Blood Vial"},{"floor":26.0,"key":"Dream Catcher"},{"floor":28.0,"key":"War Paint"},{"floor":42.0,"key":"Anchor"},{"floor":43.0,"key":"Happy Flower"},{"floor":47.0,"key":"Mercury Hourglass"}],"event_choices":[{"damage_healed":0.0,"max_hp_gain":0.0,"max_hp_loss":0.0,"gold_gain":0.0,"event_name":"Shining Light","player_choice":"Ignored","floor":3.0,"gold_loss":0.0,"damage_taken":0.0},{"damage_healed":0.0,"max_hp_gain":0.0,"max_hp_loss":0.0,"gold_gain":0.0,"event_name":"Liars Game","player_choice":"Ignored","floor":4.0,"gold_loss":0.0,"damage_taken":0.0},{"damage_healed":0.0,"max_hp_gain":0.0,"max_hp_loss":0.0,"gold_gain":0.0,"event_name":"Golden Wing","player_choice":"Ignored","floor":13.0,"gold_loss":0.0,"damage_taken":0.0},{"damage_healed":0.0,"max_hp_gain":0.0,"max_hp_loss":0.0,"gold_gain":0.0,"event_name":"N\u0027loth","player_choice":"Ignored","floor":19.0,"gold_loss":0.0,"damage_taken":0.0},{"damage_healed":0.0,"max_hp_gain":0.0,"max_hp_loss":0.0,"gold_gain":0.0,"event_name":"Back to Basics","player_choice":"Simplicity","floor":21.0,"gold_loss":0.0,"damage_taken":0.0,"cards_upgraded":["Strike_R","Strike_R","Strike_R","Strike_R","Defend_R","Defend_R","Defend_R","Defend_R"]},{"damage_healed":26.0,"max_hp_gain":0.0,"max_hp_loss":0.0,"gold_gain":0.0,"event_name":"The Library","player_choice":"Heal","floor":24.0,"gold_loss":0.0,"damage_taken":0.0},{"damage_healed":0.0,"max_hp_gain":0.0,"max_hp_loss":0.0,"gold_gain":0.0,"event_name":"Vampires","player_choice":"Became a vampire (Vial)","floor":29.0,"relics_lost":["Blood Vial"],"gold_loss":0.0,"damage_taken":0.0,"cards_obtained":["Bite","Bite","Bite","Bite","Bite"]},{"cards_removed":["Limit Break"],"damage_healed":0.0,"max_hp_gain":0.0,"max_hp_loss":0.0,"gold_gain":0.0,"event_name":"Falling","player_choice":"Removed Skill","floor":37.0,"gold_loss":0.0,"damage_taken":0.0},{"damage_healed":0.0,"max_hp_gain":0.0,"max_hp_loss":0.0,"gold_gain":0.0,"event_name":"Winding Halls","player_choice":"Embrace Madness","floor":38.0,"gold_loss":0.0,"damage_taken":10.0,"cards_obtained":["Madness","Madness"]}],"is_beta":false,"boss_relics":[{"not_picked":["Eternal Feather","Velvet Choker"],"picked":"Snecko Eye"},{"not_picked":["Empty Cage","Cursed Key"],"picked":"Lizard Tail"}],"items_purged_floors":[20],"is_endless":false,"potions_floor_spawned":[7,10,14,25,33,42,47],"ascension_level":11}