{"gold_per_floor":[118,118,130,95,112,112,112,18,18,28,46,46,111,146,146,146],"floor_reached":16,"playtime":446,"items_purged":[],"score":215,"play_id":"ab104ca1-a7c9-4a65-9242-d991246efd28","local_time":"20190302185016","is_ascension_mode":true,"campfire_choices":[{"floor":6.0,"key":"DIG"},{"floor":12.0,"key":"DIG"},{"floor":15.0,"key":"DIG"}],"neow_cost":"TEN_PERCENT_HP_LOSS","seed_source_timestamp":6155438912009207,"circlet_count":0,"master_deck":["AscendersBane","Strike_R","Strike_R","Strike_R","Strike_R","Strike_R","Defend_R","Defend_R","Defend_R","Defend_R","Bash","Perfected Strike","Armaments","Perfected Strike","Spot Weakness","Perfected Strike","Perfected Strike","Clothesline","Twin Strike","Armaments"],"special_seed":0,"relics":["Burning Blood","Shovel","Potion Belt","Du-Vu Doll","Bronze Scales","Pantograph","Ginger","Darkstone Periapt","Bag of Marbles"],"potions_floor_usage":[],"damage_taken":[{"damage":7.0,"enemies":"Small Slimes","floor":1.0,"turns":4.0},{"damage":24.0,"enemies":"Jaw Worm","floor":3.0,"turns":4.0},{"damage":7.0,"enemies":"Cultist","floor":5.0,"turns":4.0},{"damage":6.0,"enemies":"Looter","floor":10.0,"turns":2.0},{"damage":0.0,"enemies":"3 Louse","floor":11.0,"turns":2.0},{"damage":27.0,"enemies":"3 Sentries","floor":13.0,"turns":9.0},{"damage":35.0,"enemies":"Lagavulin","floor":14.0,"turns":4.0},{"damage":45,"enemies":"The Guardian","floor":16,"turns":8}],"seed_played":"-6631547179163836424","potions_obtained":[{"floor":3.0,"key":"Energy Potion"},{"floor":5.0,"key":"Explosive Potion"}],"is_trial":false,"path_per_floor":["M","?","M","?","M","R","T","$","T","M","M","R","?","E","R","B"],"character_chosen":"IRONCLAD","items_purchased":["Spot Weakness","Perfected Strike"],"campfire_rested":0,"item_purchase_floors":[8,8],"current_hp_per_floor":[67,67,49,66,65,65,65,65,65,65,68,68,47,18,18,0],"gold":146,"neow_bonus":"ONE_RARE_RELIC","is_prod":false,"is_daily":false,"chose_seed":false,"campfire_upgraded":0,"win_rate":0,"timestamp":1551570616,"path_taken":["M","?","M","?","M","R","?","?","T","?","M","R","?","E","R","BOSS"],"build_version":"2019-01-23","purchased_purges":0,"victory":false,"max_hp_per_floor":[68,68,68,68,68,68,68,68,68,68,68,68,68,68,68,68],"card_choices":[{"not_picked":["Armaments","Iron Wave"],"picked":"Perfected Strike","floor":1.0},{"not_picked":["Power Through","Clash"],"picked":"Armaments","floor":3.0},{"not_picked":["Twin Strike","Wild Strike"],"picked":"Perfected Strike","floor":5.0},{"not_picked":["Juggernaut","True Grit"],"picked":"Perfected Strike","floor":10.0},{"not_picked":["Iron Wave","Evolve"],"picked":"Clothesline","floor":11.0},{"not_picked":["Flex","Wild Strike"],"picked":"Twin Strike","floor":13.0},{"not_picked":["Searing Blow","Iron Wave"],"picked":"Armaments","floor":14.0}],"player_experience":579970,"relics_obtained":[{"floor":6.0,"key":"Potion Belt"},{"floor":7.0,"key":"Du-Vu Doll"},{"floor":9.0,"key":"Bronze Scales"},{"floor":12.0,"key":"Pantograph"},{"floor":14.0,"key":"Darkstone Periapt"},{"floor":15.0,"key":"Bag of Marbles"}],"event_choices":[{"damage_healed":0.0,"max_hp_gain":0.0,"max_hp_loss":0.0,"gold_gain":0.0,"event_name":"Liars Game","player_choice":"Ignored","floor":2.0,"gold_loss":0.0,"damage_taken":0.0},{"damage_healed":17.0,"max_hp_gain":0.0,"max_hp_loss":0.0,"gold_gain":0.0,"event_name":"The Cleric","player_choice":"Healed","floor":4.0,"gold_loss":35.0,"damage_taken":0.0},{"damage_healed":0.0,"max_hp_gain":0.0,"max_hp_loss":0.0,"gold_gain":0.0,"event_name":"Dead Adventurer","player_choice":"Searched \u00273\u0027 times","floor":13.0,"gold_loss":0.0,"damage_taken":0.0,"relics_obtained":["Ginger"]}],"is_beta":false,"boss_relics":[],"items_purged_floors":[],"is_endless":false,"potions_floor_spawned":[3,5],"killed_by":"The Guardian","ascension_level":18}