{"gold_per_floor":[114,63,79,79,79,106,106,106,406,187,187,205,217,217],"floor_reached":14,"playtime":338,"items_purged":[],"score":176,"play_id":"868ce659-52bd-4245-84db-f7b77da58f63","local_time":"20190613160149","is_ascension_mode":true,"campfire_choices":[{"data":"Caltrops","floor":7.0,"key":"SMITH"},{"floor":11.0,"key":"REST"}],"neow_cost":"NONE","seed_source_timestamp":4074271579449131,"circlet_count":0,"master_deck":["AscendersBane","Defend_G","Defend_G","Defend_G","Defend_G","Defend_G","Strike_G","Strike_G","Strike_G","Strike_G","Strike_G","Survivor","Neutralize+1","Dagger Spray+1","Caltrops+1","Flying Knee","Sucker Punch","Night Terror"],"special_seed":0,"relics":["Ring of the Snake","Ancient Tea Set","Old Coin","ClockworkSouvenir"],"potions_floor_usage":[14],"damage_taken":[{"damage":3.0,"enemies":"Cultist","floor":1.0,"turns":4.0},{"damage":7.0,"enemies":"Small Slimes","floor":3.0,"turns":4.0},{"damage":37.0,"enemies":"3 Sentries","floor":6.0,"turns":9.0},{"damage":0.0,"enemies":"Jaw Worm","floor":12.0,"turns":3.0},{"damage":0.0,"enemies":"Lots of Slimes","floor":13.0,"turns":1.0},{"damage":53,"enemies":"Lagavulin","floor":14,"turns":11}],"seed_played":"-8926020567160420779","potions_obtained":[{"floor":12.0,"key":"GhostInAJar"},{"floor":13.0,"key":"Explosive Potion"}],"is_trial":false,"path_per_floor":["M","$","M","$","?","E","R","?","T","$","R","M","M","E"],"character_chosen":"THE_SILENT","items_purchased":["Dagger Spray","ClockworkSouvenir"],"campfire_rested":1,"item_purchase_floors":[2,10],"current_hp_per_floor":[56,56,49,49,66,29,29,29,29,29,48,48,48,0],"gold":217,"neow_bonus":"UPGRADE_CARD","is_prod":false,"is_daily":false,"chose_seed":false,"campfire_upgraded":1,"win_rate":0,"timestamp":1560456109,"path_taken":["M","$","M","?","?","E","R","?","T","$","R","M","?","E"],"build_version":"2019-01-23","purchased_purges":0,"victory":false,"max_hp_per_floor":[66,66,66,66,66,66,66,66,66,66,66,66,66,66],"card_choices":[{"not_picked":["Prepared","Calculated Gamble","PiercingWail"],"picked":"SKIP","floor":1.0},{"not_picked":["Eviscerate","Setup"],"picked":"Caltrops","floor":3.0},{"not_picked":["Tactician","Dagger Spray"],"picked":"Flying Knee","floor":6.0},{"not_picked":["Choke","Quick Slash"],"picked":"Sucker Punch","floor":12.0},{"not_picked":["Bane","Backflip"],"picked":"Night Terror","floor":13.0}],"player_experience":734005,"relics_obtained":[{"floor":6.0,"key":"Ancient Tea Set"},{"floor":9.0,"key":"Old Coin"}],"event_choices":[{"damage_healed":22.0,"max_hp_gain":0.0,"max_hp_loss":0.0,"gold_gain":0.0,"event_name":"Big Fish","player_choice":"Banana","floor":5.0,"gold_loss":0.0,"damage_taken":0.0},{"damage_healed":0.0,"max_hp_gain":0.0,"max_hp_loss":0.0,"gold_gain":0.0,"event_name":"Upgrade Shrine","player_choice":"Upgraded","floor":8.0,"gold_loss":0.0,"damage_taken":0.0,"cards_upgraded":["Dagger Spray"]}],"is_beta":false,"boss_relics":[],"items_purged_floors":[],"is_endless":false,"potions_floor_spawned":[12,13],"killed_by":"Lagavulin","ascension_level":20}