{"gold_per_floor":[116,166,177,177,252,252,284,30,56,56,90,90,105,139,139,139],"floor_reached":16,"playtime":386,"items_purged":[],"score":282,"play_id":"8b614ff7-1479-4167-8a85-afeaaa6989df","local_time":"20190625180141","is_ascension_mode":true,"campfire_choices":[{"data":"Poisoned Stab","floor":6,"key":"SMITH"},{"data":"Caltrops","floor":15,"key":"SMITH"}],"neow_cost":"NONE","seed_source_timestamp":5118115361324008,"circlet_count":0,"master_deck":["AscendersBane","Defend_G","Defend_G","Defend_G","Defend_G","Defend_G","Strike_G","Strike_G","Strike_G","Strike_G","Strike_G","Survivor","Neutralize","Flying Knee","Poisoned Stab+1","Blur","Corpse Explosion","Caltrops+1","Predator","Escape Plan","After Image","Deadly Poison"],"relics":["Ring of the Snake","NeowsBlessing","Peace Pipe","Omamori","Golden Idol","Bottled Lightning","Bottled Flame","The Courier"],"potions_floor_usage":[14,14,16],"damage_taken":[{"damage":0,"enemies":"2 Louse","floor":1,"turns":1},{"damage":0,"enemies":"Cultist","floor":3,"turns":1},{"damage":0,"enemies":"Gremlin Nob","floor":7,"turns":1},{"damage":26,"enemies":"Lagavulin","floor":11,"turns":8},{"damage":4,"enemies":"Jaw Worm","floor":13,"turns":4},{"damage":13,"enemies":"3 Sentries","floor":14,"turns":6},{"damage":14,"enemies":"Hexaghost","floor":16,"turns":7}],"seed_played":"6756606024030348581","potions_obtained":[{"floor":11,"key":"Block Potion"},{"floor":13,"key":"Block Potion"},{"floor":14,"key":"EssenceOfSteel"}],"is_trial":false,"path_per_floor":["M","?","M","?","?","R","E","$","T","?","E","T","M","E","R","B"],"character_chosen":"THE_SILENT","items_purchased":["Corpse Explosion","Caltrops","Predator"],"campfire_rested":0,"item_purchase_floors":[8,8,8],"current_hp_per_floor":[59,59,59,64,53,53,53,53,53,53,27,27,23,10,10,0],"gold":139,"neow_bonus":"THREE_ENEMY_KILL","is_prod":false,"is_daily":false,"chose_seed":false,"campfire_upgraded":2,"win_rate":0,"timestamp":1561500101,"path_taken":["M","?","?","?","?","R","E","$","T","?","E","?","M","E","R","BOSS"],"build_version":"2019-01-23","purchased_purges":0,"victory":false,"max_hp_per_floor":[66,66,66,71,71,71,71,71,71,64,64,64,64,64,64,64],"card_choices":[{"not_picked":["Deadly Poison","Bane"],"picked":"Flying Knee","floor":1},{"not_picked":["PiercingWail","Deflect"],"picked":"Poisoned Stab","floor":3},{"not_picked":["Underhanded Strike","Expertise"],"picked":"Blur","floor":7},{"not_picked":["Dagger Throw","Poisoned Stab"],"picked":"Escape Plan","floor":11},{"not_picked":["PiercingWail","Backflip"],"picked":"After Image","floor":13},{"not_picked":["Slice","Backflip"],"picked":"Deadly Poison","floor":14}],"player_experience":779600,"relics_obtained":[{"floor":7,"key":"Peace Pipe"},{"floor":9,"key":"Omamori"},{"floor":11,"key":"Bottled Lightning"},{"floor":12,"key":"Bottled Flame"},{"floor":14,"key":"The Courier"}],"event_choices":[{"damage_healed":0,"gold_gain":50,"player_choice":"Pray","damage_taken":0,"max_hp_gain":0,"max_hp_loss":0,"event_name":"Golden Shrine","floor":2,"gold_loss":0},{"damage_healed":0,"gold_gain":0,"player_choice":"Donut","damage_taken":0,"max_hp_gain":5,"max_hp_loss":0,"event_name":"Big Fish","floor":4,"gold_loss":0},{"damage_healed":0,"gold_gain":75,"player_choice":"Gather Gold","damage_taken":11,"max_hp_gain":0,"max_hp_loss":0,"event_name":"World of Goop","floor":5,"gold_loss":0},{"damage_healed":0,"gold_gain":0,"player_choice":"Lose Max HP","damage_taken":0,"relics_obtained":["Golden Idol"],"max_hp_gain":0,"max_hp_loss":7,"event_name":"Golden Idol","floor":10,"gold_loss":0}],"is_beta":false,"boss_relics":[],"items_purged_floors":[],"is_endless":false,"potions_floor_spawned":[11,13,14],"killed_by":"Hexaghost","ascension_level":20}