{"gold_per_floor":[114,138,138,60,80,118,118,151,151,151,1,1,1,24,24,150,150,150,135,58,58,58,58,58,58,58,58,58,58,58,58,58,58,58,58,58,58,58,58,58,58],"floor_reached":41,"playtime":1368,"items_purged":["Strike_R"],"score":559,"play_id":"5efc55ff-ce8f-4335-ad71-3bc9d45b7a2a","local_time":"20181218204038","is_ascension_mode":true,"campfire_choices":[{"floor":7.0,"key":"REST"},{"data":"1","floor":10.0,"key":"LIFT"},{"data":"2","floor":12.0,"key":"LIFT"},{"data":"3","floor":15.0,"key":"LIFT"},{"data":"Armaments","floor":23.0,"key":"SMITH"},{"floor":32.0,"key":"REST"},{"floor":40.0,"key":"REST"}],"neow_cost":"NONE","seed_source_timestamp":0,"circlet_count":0,"master_deck":["Strike_R","Strike_R","Strike_R","Strike_R","Defend_R","Defend_R","Defend_R","Defend_R","Bash+1","Carnage","Rampage","Metallicize","Cleave","Twin Strike","Whirlwind","Clothesline","Limit Break","Thunderclap+1","Inflame","Armaments+1","Shrug It Off","Disarm","Fiend Fire","Heavy Blade","Whirlwind+1","Flame Barrier","Demon Form","Flex","Flash of Steel","Madness","Madness","Metallicize+1"],"special_seed":0,"relics":["Burning Blood","Juzu Bracelet","Bloody Idol","Bottled Lightning","Gremlin Horn","Girya","Ectoplasm","Nilry\u0027s Codex","Bronze Scales","Black Star"],"potions_floor_usage":[41,41,41],"damage_taken":[{"damage":1.0,"enemies":"Cultist","floor":1.0,"turns":3.0},{"damage":1.0,"enemies":"2 Louse","floor":5.0,"turns":3.0},{"damage":37.0,"enemies":"Lagavulin","floor":6.0,"turns":6.0},{"damage":19.0,"enemies":"3 Sentries","floor":8.0,"turns":8.0},{"damage":7.0,"enemies":"Jaw Worm","floor":14.0,"turns":2.0},{"damage":8.0,"enemies":"Slime Boss","floor":16.0,"turns":5.0},{"damage":27.0,"enemies":"Shell Parasite","floor":18.0,"turns":5.0},{"damage":6.0,"enemies":"2 Thieves","floor":19.0,"turns":2.0},{"damage":16.0,"enemies":"Cultist and Chosen","floor":22.0,"turns":6.0},{"damage":16.0,"enemies":"Snake Plant","floor":27.0,"turns":3.0},{"damage":9.0,"enemies":"Centurion and Healer","floor":28.0,"turns":3.0},{"damage":4.0,"enemies":"Cultist and Chosen","floor":30.0,"turns":3.0},{"damage":3.0,"enemies":"Chosen and Byrds","floor":31.0,"turns":2.0},{"damage":37.0,"enemies":"Automaton","floor":33.0,"turns":8.0},{"damage":12.0,"enemies":"Orb Walker","floor":35.0,"turns":3.0},{"damage":31.0,"enemies":"3 Darklings","floor":38.0,"turns":4.0},{"damage":124,"enemies":"Giant Head","floor":41,"turns":8}],"seed_played":"8766867088558919389","potions_obtained":[{"floor":6.0,"key":"Block Potion"},{"floor":14.0,"key":"Energy Potion"},{"floor":18.0,"key":"Explosive Potion"},{"floor":19.0,"key":"Energy Potion"},{"floor":28.0,"key":"Energy Potion"},{"floor":31.0,"key":"SpeedPotion"},{"floor":33.0,"key":"SkillPotion"},{"floor":35.0,"key":"FearPotion"},{"floor":39.0,"key":"Regen Potion"},{"floor":39.0,"key":"Regen Potion"}],"is_trial":false,"path_per_floor":["M","T","?","$","M","E","R","E","T","R","$","R","?","M","R","B",null,"M","M","$","?","M","R","?","?","T","M","M","$","M","M","R","B",null,"M","?","?","M","?","R","E"],"character_chosen":"IRONCLAD","items_purchased":["Rampage","Whirlwind","Armaments","Shrug It Off"],"campfire_rested":3,"item_purchase_floors":[4,11,20,20],"current_hp_per_floor":[77,77,57,57,62,31,55,42,42,42,42,42,80,79,79,77,79,58,58,58,58,48,48,32,32,32,22,19,19,21,24,48,17,64,58,58,48,23,23,47,0],"gold":58,"neow_bonus":"UPGRADE_CARD","is_prod":false,"is_daily":false,"chose_seed":false,"campfire_upgraded":1,"win_rate":0,"timestamp":1545183638,"path_taken":["M","?","?","?","M","E","R","E","T","R","$","R","?","M","R","BOSS","M","M","$","?","M","R","?","?","T","M","M","$","M","M","R","BOSS","M","?","?","M","?","R","E"],"build_version":"2018-12-13","purchased_purges":1,"victory":false,"max_hp_per_floor":[80,80,80,80,80,80,80,80,80,80,80,80,80,80,80,80,80,80,80,80,80,80,80,80,80,80,80,80,80,80,80,80,80,80,80,80,80,80,80,80,80],"card_choices":[{"not_picked":["Thunderclap","Bloodletting"],"picked":"Carnage","floor":1.0},{"not_picked":["Flame Barrier","Seeing Red"],"picked":"Metallicize","floor":5.0},{"not_picked":["Carnage","Offering"],"picked":"Cleave","floor":6.0},{"not_picked":["Burning Pact","Reckless Charge"],"picked":"Twin Strike","floor":8.0},{"not_picked":["Wild Strike","Clash"],"picked":"Clothesline","floor":14.0},{"not_picked":["Berserk","Offering"],"picked":"Limit Break","floor":16.0},{"not_picked":["Intimidate","Seeing Red"],"picked":"Thunderclap+1","floor":18.0},{"not_picked":["Twin Strike","Sword Boomerang"],"picked":"Inflame","floor":19.0},{"not_picked":["Armaments","Wild Strike"],"picked":"Fiend Fire","floor":22.0},{"not_picked":["Wild Strike","True Grit","Cleave"],"picked":"SKIP","floor":27.0},{"not_picked":["Wild Strike","Rupture"],"picked":"Heavy Blade","floor":28.0},{"not_picked":["Sword Boomerang","Burning Pact"],"picked":"Whirlwind+1","floor":30.0},{"not_picked":["Berserk","Havoc"],"picked":"Flame Barrier","floor":31.0},{"not_picked":["Bludgeon","Exhume"],"picked":"Demon Form","floor":33.0},{"not_picked":["Rupture","Havoc"],"picked":"Flex","floor":35.0},{"not_picked":["Impatience","Bandage Up"],"picked":"Flash of Steel","floor":36.0},{"not_picked":["Bloodletting+1","Pommel Strike+1"],"picked":"Metallicize+1","floor":38.0}],"player_experience":522300,"relics_obtained":[{"floor":2.0,"key":"Juzu Bracelet"},{"floor":6.0,"key":"Bottled Lightning"},{"floor":8.0,"key":"Gremlin Horn"},{"floor":9.0,"key":"Girya"},{"floor":24.0,"key":"Nilry\u0027s Codex"},{"floor":26.0,"key":"Bronze Scales"}],"event_choices":[{"damage_healed":0.0,"max_hp_gain":0.0,"max_hp_loss":0.0,"gold_gain":0.0,"event_name":"Golden Idol","player_choice":"Take Damage","floor":3.0,"gold_loss":0.0,"damage_taken":20.0,"relics_obtained":["Golden Idol"]},{"damage_healed":38.0,"max_hp_gain":0.0,"max_hp_loss":0.0,"gold_gain":0.0,"event_name":"Wheel of Change","player_choice":"Full Heal","floor":13.0,"gold_loss":0.0,"damage_taken":0.0},{"damage_healed":0.0,"max_hp_gain":0.0,"max_hp_loss":0.0,"gold_gain":0.0,"event_name":"The Library","player_choice":"Read","floor":21.0,"gold_loss":0.0,"damage_taken":0.0,"cards_obtained":["Disarm"]},{"damage_healed":0.0,"max_hp_gain":0.0,"max_hp_loss":0.0,"gold_gain":0.0,"event_name":"Cursed Tome","player_choice":"Obtained Book","floor":24.0,"gold_loss":0.0,"damage_taken":16.0},{"damage_healed":0.0,"max_hp_gain":0.0,"max_hp_loss":0.0,"gold_gain":0.0,"event_name":"Forgotten Altar","player_choice":"Gave Idol","floor":25.0,"relics_lost":["Golden Idol"],"gold_loss":0.0,"damage_taken":0.0,"relics_obtained":["Bloody Idol"]},{"damage_healed":0.0,"max_hp_gain":0.0,"max_hp_loss":0.0,"gold_gain":0.0,"event_name":"SensoryStone","player_choice":"Memory 1","floor":36.0,"gold_loss":0.0,"damage_taken":0.0},{"damage_healed":0.0,"max_hp_gain":0.0,"max_hp_loss":0.0,"gold_gain":0.0,"event_name":"Winding Halls","player_choice":"Embrace Madness","floor":37.0,"gold_loss":0.0,"damage_taken":10.0,"cards_obtained":["Madness","Madness"]},{"damage_healed":0.0,"max_hp_gain":0.0,"max_hp_loss":0.0,"gold_gain":0.0,"event_name":"Lab","player_choice":"Got Potions","floor":39.0,"gold_loss":0.0,"damage_taken":0.0}],"is_beta":false,"boss_relics":[{"not_picked":["Cursed Key","Empty Cage"],"picked":"Ectoplasm"},{"not_picked":["Mark of Pain","Busted Crown"],"picked":"Black Star"}],"items_purged_floors":[11],"is_endless":false,"potions_floor_spawned":[6,14,18,19,28,31,33,35],"killed_by":"Giant Head","ascension_level":8}