{"gold_per_floor":[111,111,35,49,49,83,83,99,123,123,123,43,43,56,56,151,201,188,188,188,199,199,230,230,250,303,194,212,212,212],"floor_reached":30,"playtime":1050,"items_purged":[],"score":295,"play_id":"e471ba7b-f7e1-4666-8cde-1434993da517","local_time":"20180804151001","is_ascension_mode":true,"campfire_choices":[{"data":"Neutralize","floor":7,"key":"SMITH"},{"data":"Caltrops","floor":10,"key":"SMITH"},{"floor":15,"key":"REST"},{"floor":24,"key":"REST"},{"floor":29,"key":"REST"}],"neow_cost":"","seed_source_timestamp":2398959830385342,"circlet_count":0,"master_deck":["Defend_G+1","Defend_G+1","Defend_G+1","Defend_G+1","Defend_G+1","Strike_G+1","Strike_G+1","Strike_G+1","Strike_G+1","Survivor","Neutralize+1","Poisoned Stab","Caltrops+1","Terror","Infinite Blades","Dagger Spray","Noxious Fumes","Deflect","Burst","Cloak And Dagger","Noxious Fumes","Accuracy","Dagger Spray","Cloak And Dagger","Noxious Fumes","Dash","Poisoned Stab"],"relics":["Ring of the Snake","Lantern","Snake Skull","Tiny House","Orichalcum","Anchor"],"potions_floor_usage":[6,16,23,23,28],"damage_taken":[{"damage":1,"enemies":"Small Slimes","floor":1,"turns":4},{"damage":3,"enemies":"Jaw Worm","floor":4,"turns":6},{"damage":23,"enemies":"3 Sentries","floor":6,"turns":11},{"damage":8,"enemies":"2 Louse","floor":8,"turns":3},{"damage":1,"enemies":"Looter","floor":14,"turns":4},{"damage":41,"enemies":"Slime Boss","floor":16,"turns":9},{"damage":19,"enemies":"2 Thieves","floor":18,"turns":4},{"damage":18,"enemies":"Shell Parasite","floor":21,"turns":5},{"damage":35,"enemies":"Gremlin Leader","floor":23,"turns":8},{"damage":26,"enemies":"Cultist and Chosen","floor":25,"turns":6},{"damage":10,"enemies":"Sentry and Sphere","floor":28,"turns":7},{"damage":30,"enemies":"Slavers","floor":30,"turns":4}],"seed_played":"2909521391060383662","potions_obtained":[{"floor":1,"key":"GamblersBrew"},{"floor":6,"key":"Poison Potion"},{"floor":8,"key":"Strength Potion"},{"floor":16,"key":"Weak Potion"},{"floor":17,"key":"PowerPotion"}],"is_trial":false,"path_per_floor":["M","?","$","M","?","E","R","M","T","R","?","$","?","M","R","B",null,"M","?","?","M","?","E","R","M","T","$","M","R"],"character_chosen":"THE_SILENT","items_purchased":["Caltrops","Noxious Fumes","Noxious Fumes","Dash"],"campfire_rested":3,"item_purchase_floors":[3,12,27,27],"current_hp_per_floor":[69,69,69,66,66,43,43,35,35,35,28,28,28,27,48,7,75,56,56,42,24,50,15,39,13,13,13,3,27,0],"gold":212,"neow_bonus":"","is_prod":false,"is_daily":false,"chose_seed":false,"campfire_upgraded":2,"win_rate":0,"timestamp":1533409801,"path_taken":["M","?","$","M","?","E","R","?","T","R","?","$","?","M","R","BOSS","M","?","?","?","?","E","R","M","T","$","M","R","E"],"build_version":"2018-08-02","purchased_purges":0,"victory":false,"max_hp_per_floor":[70,70,70,70,70,70,70,70,70,70,70,70,70,70,70,70,75,75,75,80,80,80,80,80,80,80,80,80,80,80],"card_choices":[{"not_picked":["Accuracy","Dagger Spray"],"picked":"Poisoned Stab","floor":1},{"not_picked":["Bane","Sucker Punch"],"picked":"Terror","floor":4},{"not_picked":["Expertise","Choke"],"picked":"Infinite Blades","floor":6},{"not_picked":["Deadly Poison","PiercingWail"],"picked":"Dagger Spray","floor":8},{"not_picked":["Catalyst","Reflex"],"picked":"Deflect","floor":14},{"not_picked":["Grand Finale","Adrenaline"],"picked":"Burst","floor":16},{"not_picked":["PiercingWail","Acrobatics"],"picked":"Cloak And Dagger","floor":17},{"not_picked":["Dodge and Roll","Slice"],"picked":"Noxious Fumes","floor":18},{"not_picked":["Bouncing Flask","Eviscerate"],"picked":"Accuracy","floor":21},{"not_picked":["Glass Knife","Prepared"],"picked":"Dagger Spray","floor":23},{"not_picked":["Deflect","Deadly Poison+1"],"picked":"Cloak And Dagger","floor":25},{"not_picked":["Deadly Poison","Skewer"],"picked":"Poisoned Stab","floor":28}],"player_experience":210454,"relics_obtained":[{"floor":6,"key":"Lantern"},{"floor":9,"key":"Snake Skull"},{"floor":23,"key":"Orichalcum"},{"floor":26,"key":"Anchor"}],"event_choices":[{"event_name":"Liars Game","player_choice":"disagreed","floor":2,"damage_taken":0},{"event_name":"The Cleric","player_choice":"Leave","floor":5,"damage_taken":0},{"event_name":"Golden Wing","player_choice":"Card Removal","floor":11,"damage_taken":0},{"event_name":"Dead Adventurer","player_choice":"Searched \u00271\u0027 times","floor":13,"damage_taken":0},{"event_name":"Back to Basics","player_choice":"Simplicity","floor":19,"damage_taken":0},{"event_name":"Forgotten Altar","player_choice":"Shed Blood","floor":20,"damage_taken":0},{"event_name":"The Library","player_choice":"Heal","floor":22,"damage_taken":0}],"is_beta":false,"boss_relics":[{"not_picked":["Runic Pyramid","Snecko Eye"],"picked":"Tiny House"}],"items_purged_floors":[],"is_endless":false,"potions_floor_spawned":[1,6,8,16,18],"killed_by":"Slavers","ascension_level":4}