{"gold_per_floor":[110,129,54,73,73,73,101,101,125,125,138,162,162,190,190,285,285,298,153,170,183,108,135,135,166,178,140,156,169,169,169,169,269,269,282,582,130,142,242,269,269,301,301,316,266,300,300,98,98,98],"floor_reached":51,"playtime":1828,"items_purged":["Strike_R","Strike_R","Strike_R","Defend_R","Defend_R","Strike_R"],"score":839,"play_id":"8d95d412-1ae4-4662-b621-8cce93b03f71","local_time":"20190208190901","is_ascension_mode":true,"campfire_choices":[{"data":"Bash","floor":6,"key":"SMITH"},{"floor":8,"key":"REST"},{"data":"Pommel Strike","floor":10,"key":"SMITH"},{"data":"Searing Blow","floor":15,"key":"SMITH"},{"floor":24,"key":"REST"},{"floor":30,"key":"REST"},{"floor":32,"key":"REST"},{"floor":41,"key":"REST"},{"floor":47,"key":"REST"},{"data":"Double Tap","floor":49,"key":"SMITH"}],"neow_cost":"NONE","seed_source_timestamp":951188364687409,"circlet_count":0,"master_deck":["Defend_R","Defend_R","Bash+1","Cleave","Second Wind","Searing Blow+1","Pommel Strike+1","Clothesline","Double Tap+1","Flex","Infernal Blade","Reaper","Shrug It Off+1","Reaper","Metamorphosis","Seeing Red+1"],"relics":["Burning Blood","Lantern","Regal Pillow","Orichalcum","PreservedInsect","Potion Belt","Spirit Poop","Mummified Hand","Philosopher\u0027s Stone","Dream Catcher","MawBank","Smiling Mask","Busted Crown","Kunai","Dead Branch","Boot","Prayer Wheel","Mercury Hourglass","Happy Flower","Bronze Scales"],"potions_floor_usage":[23,25,33,33,33,46,50,50,50,50,50],"damage_taken":[{"damage":1,"enemies":"Cultist","floor":1,"turns":4},{"damage":11,"enemies":"Jaw Worm","floor":2,"turns":2},{"damage":0,"enemies":"2 Louse","floor":4,"turns":2},{"damage":34,"enemies":"Gremlin Nob","floor":7,"turns":5},{"damage":4,"enemies":"Exordium Thugs","floor":11,"turns":4},{"damage":10,"enemies":"3 Sentries","floor":14,"turns":6},{"damage":49,"enemies":"Slime Boss","floor":16,"turns":14},{"damage":23,"enemies":"3 Byrds","floor":18,"turns":5},{"damage":17,"enemies":"2 Thieves","floor":20,"turns":4},{"damage":23,"enemies":"Centurion and Healer","floor":21,"turns":6},{"damage":19,"enemies":"Book of Stabbing","floor":23,"turns":4},{"damage":24,"enemies":"Gremlin Leader","floor":25,"turns":4},{"damage":45,"enemies":"Sentry and Sphere","floor":28,"turns":6},{"damage":17,"enemies":"Cultist and Chosen","floor":29,"turns":5},{"damage":85,"enemies":"Automaton","floor":33,"turns":12},{"damage":0,"enemies":"Orb Walker","floor":35,"turns":2},{"damage":10,"enemies":"3 Shapes","floor":38,"turns":3},{"damage":25,"enemies":"Mind Bloom Boss Battle","floor":39,"turns":8},{"damage":21,"enemies":"Nemesis","floor":40,"turns":3},{"damage":16,"enemies":"Giant Head","floor":42,"turns":7},{"damage":13,"enemies":"Spire Growth","floor":44,"turns":4},{"damage":54,"enemies":"Nemesis","floor":46,"turns":4},{"damage":63,"enemies":"Time Eater","floor":50,"turns":7}],"seed_played":"1633055765511050505","potions_obtained":[{"floor":4,"key":"SteroidPotion"},{"floor":7,"key":"Weak Potion"},{"floor":14,"key":"Regen Potion"},{"floor":21,"key":"AttackPotion"},{"floor":25,"key":"AttackPotion"},{"floor":29,"key":"BloodPotion"},{"floor":42,"key":"Explosive Potion"},{"floor":44,"key":"EntropicBrew"}],"is_trial":false,"path_per_floor":["M","M","$","M","?","R","E","R","T","R","M","T","?","E","R","B",null,"M","$","M","M","?","E","R","E","T","$","M","M","R","?","R","B",null,"M","?","$","M","?","E","R","E","T","M","$","E","R","$","R","B",null],"character_chosen":"IRONCLAD","items_purchased":["Flex","Kunai","Metamorphosis","Bronze Scales"],"campfire_rested":6,"item_purchase_floors":[19,37,37,48],"current_hp_per_floor":[80,75,75,80,80,80,52,80,80,80,80,80,80,76,76,33,80,63,63,52,35,35,34,73,67,67,67,28,27,66,51,85,50,85,85,85,85,85,71,57,85,75,75,74,74,32,72,72,72,31],"gold":98,"neow_bonus":"RANDOM_COMMON_RELIC","is_prod":false,"is_daily":false,"chose_seed":false,"campfire_upgraded":4,"win_rate":0,"timestamp":1549681741,"path_taken":["M","M","$","M","?","R","E","R","T","R","M","?","?","E","R","BOSS","M","$","M","M","?","E","R","E","T","$","M","M","R","?","R","BOSS","M","?","?","?","?","E","R","E","T","M","$","E","R","$","R","BOSS"],"build_version":"2019-01-23","purchased_purges":6,"victory":true,"max_hp_per_floor":[80,80,80,80,80,80,80,80,80,80,80,80,80,80,80,80,80,80,80,80,80,80,80,80,80,80,80,80,80,80,85,85,85,85,85,85,85,85,85,85,85,85,85,85,85,85,85,85,85,85],"card_choices":[{"not_picked":["Heavy Blade","Combust"],"picked":"Cleave","floor":1},{"not_picked":["Fire Breathing","Rage"],"picked":"Second Wind","floor":2},{"not_picked":["Clothesline","Pommel Strike"],"picked":"Searing Blow","floor":4},{"not_picked":["Power Through","Ghostly Armor"],"picked":"Pommel Strike","floor":7},{"not_picked":["Wild Strike","Perfected Strike","Heavy Blade"],"picked":"SKIP","floor":11},{"not_picked":["Havoc","Twin Strike"],"picked":"Clothesline","floor":14},{"not_picked":["Juggernaut","Barricade"],"picked":"Double Tap","floor":16},{"not_picked":["Body Slam+1","Sword Boomerang","Combust"],"picked":"SKIP","floor":18},{"not_picked":["Warcry+1","Dual Wield+1","Disarm+1"],"picked":"SKIP","floor":20},{"not_picked":["Power Through","Cleave"],"picked":"Infernal Blade","floor":21},{"not_picked":["Dual Wield","Thunderclap"],"picked":"Reaper","floor":23},{"not_picked":["Battle Trance","Flex","Body Slam"],"picked":"SKIP","floor":25},{"not_picked":["True Grit","Armaments","Disarm+1"],"picked":"SKIP","floor":28},{"not_picked":["Burning Pact","Havoc","Twin Strike"],"picked":"SKIP","floor":29},{"not_picked":["Sever Soul+1","Headbutt"],"picked":"Shrug It Off+1","floor":30},{"not_picked":["Impervious","Offering"],"picked":"Reaper","floor":33},{"not_picked":["Thunderclap+1"],"picked":"SKIP","floor":35},{"not_picked":["Seeing Red"],"picked":"SKIP","floor":38},{"not_picked":["Pommel Strike"],"picked":"SKIP","floor":40},{"not_picked":[],"picked":"Seeing Red+1","floor":41},{"not_picked":["Perfected Strike+1"],"picked":"SKIP","floor":42},{"not_picked":["Carnage"],"picked":"SKIP","floor":44},{"not_picked":["Fire Breathing+1"],"picked":"SKIP","floor":44},{"not_picked":["Offering"],"picked":"SKIP","floor":46}],"player_experience":193769,"relics_obtained":[{"floor":7,"key":"Orichalcum"},{"floor":9,"key":"PreservedInsect"},{"floor":12,"key":"Potion Belt"},{"floor":14,"key":"Mummified Hand"},{"floor":23,"key":"Dream Catcher"},{"floor":25,"key":"MawBank"},{"floor":26,"key":"Smiling Mask"},{"floor":39,"key":"Dead Branch"},{"floor":40,"key":"Boot"},{"floor":42,"key":"Prayer Wheel"},{"floor":43,"key":"Mercury Hourglass"},{"floor":46,"key":"Happy Flower"}],"event_choices":[{"damage_healed":0,"gold_gain":0,"player_choice":"Box","damage_taken":0,"relics_obtained":["Regal Pillow"],"max_hp_gain":0,"max_hp_loss":0,"event_name":"Big Fish","floor":5,"gold_loss":0,"cards_obtained":["Regret"]},{"cards_removed":["Regret"],"damage_healed":0,"gold_gain":0,"player_choice":"Offered Curse","damage_taken":0,"relics_obtained":["Spirit Poop"],"max_hp_gain":0,"max_hp_loss":0,"event_name":"Bonfire Elementals","floor":13,"gold_loss":0},{"cards_removed":["Strike_R"],"damage_healed":0,"gold_gain":0,"player_choice":"Gave Gold","damage_taken":0,"max_hp_gain":0,"max_hp_loss":0,"event_name":"Beggar","floor":22,"gold_loss":75},{"damage_healed":0,"gold_gain":0,"player_choice":"Shed Blood","damage_taken":20,"max_hp_gain":5,"max_hp_loss":0,"event_name":"Forgotten Altar","floor":31,"gold_loss":0},{"damage_healed":0,"gold_gain":300,"player_choice":"Gold","damage_taken":0,"max_hp_gain":0,"max_hp_loss":0,"event_name":"Wheel of Change","floor":36,"gold_loss":0},{"damage_healed":0,"gold_gain":0,"player_choice":"Fight","damage_taken":0,"max_hp_gain":0,"max_hp_loss":0,"event_name":"MindBloom","floor":39,"gold_loss":0}],"is_beta":false,"boss_relics":[{"not_picked":["Lizard Tail","Runic Cube"],"picked":"Philosopher\u0027s Stone"},{"not_picked":["Fusion Hammer","Eternal Feather"],"picked":"Busted Crown"}],"items_purged_floors":[3,19,27,37,45,48],"is_endless":false,"potions_floor_spawned":[4,7,14,21,25,29,42,44],"ascension_level":1}