{"gold_per_floor":[119,119,33,52,52,87,87,103,128,128,139,150,205,217,217,292,292,292,272,272,24,24,24,24,24,24,24,24,24],"floor_reached":29,"playtime":1054,"items_purged":["Strike_B"],"score":576,"play_id":"93c6a657-379d-4b49-b410-111b0dd617d0","local_time":"20181006012938","is_ascension_mode":true,"campfire_choices":[{"data":"Go for the Eyes","floor":7,"key":"SMITH"},{"data":"Self Repair","floor":10,"key":"SMITH"},{"data":"Echo Form","floor":15,"key":"SMITH"},{"floor":24,"key":"REST"},{"floor":27,"key":"REST"}],"neow_cost":"NONE","seed_source_timestamp":785496973302294,"circlet_count":0,"master_deck":["Strike_B","Strike_B","Strike_B","Defend_B","Defend_B","Defend_B+1","Defend_B+1","Zap+1","Dualcast","AscendersBane","FTL","Hologram","Go for the Eyes+1","Self Repair+1","Echo Form+1","Cold Snap","Capacitor","Biased Cognition","Ball Lightning","Ball Lightning","Leap","Glacier","Defragment"],"relics":["Cracked Core","NeowsBlessing","Bronze Scales","Centennial Puzzle","Sundial","Ectoplasm","Orichalcum","Happy Flower","DataDisk","Prayer Wheel"],"potions_floor_usage":[13,13,13,13,16,19,20,20,22,23,28],"damage_taken":[{"damage":0,"enemies":"2 Louse","floor":1,"turns":1},{"damage":0,"enemies":"Cultist","floor":4,"turns":1},{"damage":0,"enemies":"3 Sentries","floor":6,"turns":1},{"damage":4,"enemies":"Jaw Worm","floor":8,"turns":3},{"damage":10,"enemies":"Red Slaver","floor":11,"turns":3},{"damage":6,"enemies":"Blue Slaver","floor":12,"turns":4},{"damage":22,"enemies":"Lagavulin Event","floor":13,"turns":5},{"damage":5,"enemies":"3 Louse","floor":14,"turns":3},{"damage":44,"enemies":"The Guardian","floor":16,"turns":14},{"damage":5,"enemies":"3 Byrds","floor":18,"turns":2},{"damage":18,"enemies":"Shell Parasite","floor":20,"turns":5},{"damage":19,"enemies":"Centurion and Healer","floor":22,"turns":6},{"damage":61,"enemies":"Slavers","floor":23,"turns":6},{"damage":37,"enemies":"Book of Stabbing","floor":28,"turns":5},{"damage":31,"enemies":"Cultist and Chosen","floor":29,"turns":3}],"seed_played":"-6860713910718386986","potions_obtained":[{"floor":4,"key":"EntropicBrew"},{"floor":12,"key":"Regen Potion"},{"floor":14,"key":"Regen Potion"},{"floor":16,"key":"EntropicBrew"},{"floor":19,"key":"Fruit Juice"},{"floor":20,"key":"SkillPotion"},{"floor":23,"key":"LiquidBronze"}],"is_trial":false,"path_per_floor":["M","?","$","M","?","E","R","M","T","R","M","M","?","M","R","B",null,"M","?","M","$","M","E","R","$","T","R","E"],"character_chosen":"DEFECT","items_purchased":["FTL","Orichalcum"],"campfire_rested":2,"item_purchase_floors":[3,21],"current_hp_per_floor":[64,43,43,43,43,43,43,39,39,39,39,33,36,41,41,32,61,66,71,73,73,64,13,35,35,35,57,20,0],"gold":24,"neow_bonus":"THREE_ENEMY_KILL","is_prod":false,"is_daily":false,"chose_seed":false,"campfire_upgraded":3,"win_rate":0,"timestamp":1538803778,"path_taken":["M","?","$","?","?","E","R","M","T","R","M","M","?","M","R","BOSS","M","?","M","$","M","E","R","$","T","R","E","M"],"build_version":"2018-10-04v2","purchased_purges":1,"victory":false,"max_hp_per_floor":[71,71,71,71,71,71,71,71,71,71,71,71,71,71,71,71,71,71,76,76,76,76,76,76,76,76,76,76,76],"card_choices":[{"not_picked":["Stack","Double Energy","Tempest"],"picked":"SKIP","floor":1},{"not_picked":["Storm","Darkness"],"picked":"Hologram","floor":4},{"not_picked":["Hologram","Coolheaded"],"picked":"Go for the Eyes","floor":6},{"not_picked":["Blizzard","Leap"],"picked":"Self Repair","floor":8},{"not_picked":["Defragment","Coolheaded"],"picked":"Echo Form","floor":11},{"not_picked":["Barrage","Sweeping Beam","Stack"],"picked":"SKIP","floor":12},{"not_picked":["Reinforced Body","Beam Cell"],"picked":"Cold Snap","floor":13},{"not_picked":["Redo","Undo"],"picked":"Capacitor","floor":14},{"not_picked":["Hyperbeam","Reboot"],"picked":"Biased Cognition","floor":16},{"not_picked":["Conserve Battery","Coolheaded"],"picked":"Ball Lightning","floor":18},{"not_picked":["Gash","Leap"],"picked":"Ball Lightning","floor":20},{"not_picked":["Self Repair","Doom and Gloom"],"picked":"Leap","floor":22},{"not_picked":["Capacitor+1","Blizzard"],"picked":"Glacier","floor":23},{"not_picked":["Loop","Doom and Gloom"],"picked":"Defragment","floor":28}],"player_experience":363656,"relics_obtained":[{"floor":6,"key":"Bronze Scales"},{"floor":9,"key":"Centennial Puzzle"},{"floor":13,"key":"Sundial"},{"floor":23,"key":"Happy Flower"},{"floor":26,"key":"DataDisk"},{"floor":28,"key":"Prayer Wheel"}],"event_choices":[{"event_name":"Shining Light","player_choice":"Entered Light","floor":2,"damage_taken":0},{"event_name":"Upgrade Shrine","player_choice":"Upgraded","floor":5,"damage_taken":0},{"event_name":"Dead Adventurer","player_choice":"Searched \u00271\u0027 times","floor":13,"damage_taken":0},{"event_name":"The Woman in Blue","player_choice":"Bought 1 Potion","floor":19,"damage_taken":0}],"is_beta":false,"boss_relics":[{"not_picked":["Lizard Tail","Runic Pyramid"],"picked":"Ectoplasm"}],"items_purged_floors":[21],"is_endless":false,"potions_floor_spawned":[4,12,14,16,20,23],"killed_by":"Cultist and Chosen","ascension_level":20}