{"gold_per_floor":[110,122,136,147,166,166,166,166,166,176,176,193,193,118,118,222,222,233,253,267,280,180,180,207,207,207,207,140,151,164,174,174,270,270,280,280,280,295,1294,1294],"floor_reached":40,"playtime":1434,"items_purged":["Strike_R","Strike_R"],"score":427,"play_id":"72bcd194-e42f-4d69-80dc-04a0100ce2ae","local_time":"20190710172655","is_ascension_mode":false,"campfire_choices":[{"data":"Armaments","floor":6.0,"key":"SMITH"},{"data":"Bash","floor":11.0,"key":"SMITH"},{"data":"True Grit","floor":15.0,"key":"SMITH"},{"floor":23.0,"key":"REST"},{"floor":27.0,"key":"REST"},{"data":"Demon Form","floor":32.0,"key":"SMITH"}],"neow_cost":"NONE","seed_source_timestamp":0,"circlet_count":0,"master_deck":["Strike_R+1","Defend_R+1","Defend_R+1","Defend_R+1","Defend_R+1","Bash+1","Armaments+1","Cleave","Clothesline","Shrug It Off","True Grit+1","Demon Form+1","Shrug It Off","Heavy Blade+1","Uppercut+1","Searing Blow","Flame Barrier","Feel No Pain","Dual Wield+1","Uppercut","Transmutation","Shockwave+1","Normality","Normality"],"special_seed":0,"relics":["Snecko Eye"],"potions_floor_usage":[40,40],"damage_taken":[{"damage":1.0,"enemies":"Jaw Worm","floor":1.0,"turns":2.0},{"damage":5.0,"enemies":"Small Slimes","floor":2.0,"turns":3.0},{"damage":1.0,"enemies":"Cultist","floor":3.0,"turns":3.0},{"damage":0.0,"enemies":"Exordium Thugs","floor":4.0,"turns":2.0},{"damage":11.0,"enemies":"Large Slime","floor":5.0,"turns":5.0},{"damage":2.0,"enemies":"Exordium Wildlife","floor":10.0,"turns":3.0},{"damage":0.0,"enemies":"2 Fungi Beasts","floor":12.0,"turns":3.0},{"damage":19.0,"enemies":"Hexaghost","floor":16.0,"turns":13.0},{"damage":5.0,"enemies":"Chosen","floor":18.0,"turns":4.0},{"damage":17.0,"enemies":"Spheric Guardian","floor":19.0,"turns":5.0},{"damage":21.0,"enemies":"Snake Plant","floor":20.0,"turns":5.0},{"damage":3.0,"enemies":"Centurion and Healer","floor":21.0,"turns":5.0},{"damage":13.0,"enemies":"Book of Stabbing","floor":24.0,"turns":6.0},{"damage":0.0,"enemies":"Snecko","floor":29.0,"turns":3.0},{"damage":0.0,"enemies":"Cultist and Chosen","floor":30.0,"turns":4.0},{"damage":0.0,"enemies":"Chosen and Byrds","floor":31.0,"turns":6.0},{"damage":57.0,"enemies":"Automaton","floor":33.0,"turns":11.0},{"damage":12.0,"enemies":"3 Darklings","floor":35.0,"turns":6.0},{"damage":29.0,"enemies":"3 Shapes","floor":38.0,"turns":4.0},{"damage":40,"enemies":"Sphere and 2 Shapes","floor":40,"turns":5}],"seed_played":"4099866916767410009","potions_obtained":[{"floor":3.0,"key":"SteroidPotion"},{"floor":10.0,"key":"Block Potion"},{"floor":16.0,"key":"Weak Potion"},{"floor":24.0,"key":"Regen Potion"},{"floor":29.0,"key":"SpeedPotion"},{"floor":31.0,"key":"Fire Potion"},{"floor":33.0,"key":"Strength Potion"}],"is_trial":false,"path_per_floor":["M","M","M","M","M","R","?","?","T","M","R","M","T","$","R","B",null,"M","M","M","M","$","R","E","?","T","R","$","M","M","M","R","B",null,"M","?","?","M","?","M"],"character_chosen":"IRONCLAD","items_purchased":["Searing Blow"],"campfire_rested":2,"item_purchase_floors":[28],"current_hp_per_floor":[79,74,73,73,62,62,55,55,55,53,53,53,53,53,53,34,80,75,58,37,34,34,58,45,45,45,69,69,69,69,69,69,27,80,68,68,68,39,39,0],"gold":1294,"neow_bonus":"BOSS_RELIC","is_prod":false,"is_daily":false,"chose_seed":false,"campfire_upgraded":4,"win_rate":0,"timestamp":1562794015,"path_taken":["M","M","M","M","M","R","?","?","T","?","R","M","?","$","R","BOSS","M","M","M","M","$","R","E","?","T","R","$","M","M","M","R","BOSS","M","?","?","M","?","M"],"build_version":"2019-07-05","purchased_purges":2,"victory":false,"max_hp_per_floor":[80,80,80,80,80,80,80,80,80,80,80,80,80,80,80,80,80,80,80,80,80,80,80,80,80,80,80,80,80,80,80,80,80,80,80,80,80,80,80,80],"card_choices":[{"not_picked":["Pommel Strike","Warcry","Body Slam"],"picked":"SKIP","floor":1.0},{"not_picked":["Headbutt","Sword Boomerang"],"picked":"Armaments","floor":2.0},{"not_picked":["Dropkick","Berserk"],"picked":"Cleave","floor":3.0},{"not_picked":["Burning Pact","Second Wind"],"picked":"Clothesline","floor":4.0},{"not_picked":["Armaments","Clash","Twin Strike"],"picked":"SKIP","floor":5.0},{"not_picked":["Wild Strike","Intimidate"],"picked":"Shrug It Off","floor":10.0},{"not_picked":["Wild Strike","Anger"],"picked":"True Grit","floor":12.0},{"not_picked":["Barricade","Reaper"],"picked":"Demon Form","floor":16.0},{"not_picked":["Anger","Sever Soul"],"picked":"Shrug It Off","floor":18.0},{"not_picked":["Pommel Strike","Seeing Red","Power Through"],"picked":"SKIP","floor":19.0},{"not_picked":["Entrench","Corruption+1"],"picked":"Heavy Blade+1","floor":20.0},{"not_picked":["Warcry+1","Infernal Blade+1","Iron Wave"],"picked":"SKIP","floor":21.0},{"not_picked":["Clothesline","Shrug It Off"],"picked":"Uppercut+1","floor":24.0},{"not_picked":["Shrug It Off","Entrench"],"picked":"Flame Barrier","floor":29.0},{"not_picked":["Pommel Strike","Perfected Strike+1"],"picked":"Feel No Pain","floor":30.0},{"not_picked":["Seeing Red+1","Headbutt"],"picked":"Dual Wield+1","floor":31.0},{"not_picked":["Pommel Strike","Warcry"],"picked":"Uppercut","floor":35.0},{"not_picked":["Violence","Jack Of All Trades"],"picked":"Transmutation","floor":36.0},{"not_picked":["Clash","Wild Strike+1"],"picked":"Shockwave+1","floor":38.0}],"player_experience":946916,"relics_obtained":[],"event_choices":[{"cards_removed":["Strike_R"],"damage_healed":0.0,"max_hp_gain":0.0,"max_hp_loss":0.0,"gold_gain":0.0,"event_name":"Golden Wing","player_choice":"Card Removal","floor":7.0,"gold_loss":0.0,"damage_taken":7.0},{"cards_removed":["Strike_R"],"damage_healed":0.0,"max_hp_gain":0.0,"max_hp_loss":0.0,"gold_gain":0.0,"event_name":"Purifier","player_choice":"Purged","floor":8.0,"gold_loss":0.0,"damage_taken":0.0},{"damage_healed":0.0,"max_hp_gain":0.0,"max_hp_loss":0.0,"gold_gain":0.0,"event_name":"Back to Basics","player_choice":"Simplicity","floor":25.0,"gold_loss":0.0,"damage_taken":0.0,"cards_upgraded":["Strike_R","Defend_R","Defend_R","Defend_R","Defend_R"]},{"damage_healed":0.0,"max_hp_gain":0.0,"max_hp_loss":0.0,"gold_gain":0.0,"event_name":"SensoryStone","player_choice":"Memory 1","floor":36.0,"gold_loss":0.0,"damage_taken":0.0},{"damage_healed":0.0,"max_hp_gain":0.0,"max_hp_loss":0.0,"gold_gain":0.0,"event_name":"Mysterious Sphere","player_choice":"Ignored","floor":37.0,"gold_loss":0.0,"damage_taken":0.0},{"damage_healed":0.0,"max_hp_gain":0.0,"max_hp_loss":0.0,"gold_gain":999.0,"event_name":"MindBloom","player_choice":"Gold","floor":39.0,"gold_loss":0.0,"damage_taken":0.0,"cards_obtained":["Normality","Normality"]}],"is_beta":false,"boss_relics":[{"not_picked":["Orrery","Runic Dome","Busted Crown"]},{"not_picked":[]}],"items_purged_floors":[14,22],"is_endless":false,"potions_floor_spawned":[3,10,16,24,29,31,33],"killed_by":"Sphere and 2 Shapes","ascension_level":0}