{"gold_per_floor":[116,116,116,129,129,155,80,80,149,149,182,201,201,233,233,233],"floor_reached":16,"playtime":304,"items_purged":[],"score":332,"play_id":"5b80ff56-bb3a-4f7c-acbe-a6ad4b0a043e","local_time":"20190422202234","is_ascension_mode":true,"campfire_choices":[{"data":"Noxious Fumes","floor":10,"key":"SMITH"},{"data":"Caltrops","floor":13,"key":"SMITH"},{"data":"Footwork","floor":15,"key":"SMITH"}],"neow_cost":"NONE","seed_source_timestamp":10562750030776008,"circlet_count":0,"master_deck":["AscendersBane","Defend_G","Defend_G","Defend_G","Defend_G","Defend_G","Strike_G","Strike_G","Strike_G","Survivor","Neutralize","Flying Knee","Noxious Fumes+1","Riddle With Holes","Footwork+1","Caltrops+1","Bane"],"relics":["Ring of the Snake","NeowsBlessing","Ancient Tea Set","FossilizedHelix","Blood Vial","Frozen Egg 2"],"potions_floor_usage":[11,14,16],"damage_taken":[{"damage":0,"enemies":"Small Slimes","floor":1,"turns":1},{"damage":0,"enemies":"Jaw Worm","floor":4,"turns":1},{"damage":0,"enemies":"3 Sentries","floor":6,"turns":1},{"damage":0,"enemies":"Lagavulin","floor":11,"turns":8},{"damage":0,"enemies":"Cultist","floor":12,"turns":4},{"damage":18,"enemies":"Gremlin Nob","floor":14,"turns":4},{"damage":46,"enemies":"Slime Boss","floor":16,"turns":7}],"seed_played":"-5835457567781201394","potions_obtained":[{"floor":1,"key":"Dexterity Potion"},{"floor":4,"key":"SkillPotion"},{"floor":14,"key":"GamblersBrew"}],"is_trial":false,"path_per_floor":["M","?","T","M","$","E","?","$","T","R","E","M","R","E","R","B"],"character_chosen":"THE_SILENT","items_purchased":[],"campfire_rested":0,"item_purchase_floors":[],"current_hp_per_floor":[59,52,52,52,52,52,52,52,52,52,52,54,54,38,38,0],"gold":233,"neow_bonus":"THREE_ENEMY_KILL","is_prod":false,"is_daily":false,"chose_seed":false,"campfire_upgraded":3,"win_rate":0,"timestamp":1555978954,"path_taken":["M","?","?","?","?","E","?","?","T","R","E","?","R","E","R","BOSS"],"build_version":"2019-01-23","purchased_purges":0,"victory":false,"max_hp_per_floor":[66,66,66,66,66,66,66,66,66,66,66,66,66,66,66,66],"card_choices":[{"not_picked":["Choke","Cloak And Dagger"],"picked":"Flying Knee","floor":1},{"not_picked":["Dagger Throw","Accuracy"],"picked":"Noxious Fumes","floor":4},{"not_picked":["Choke","Flechettes"],"picked":"Riddle With Holes","floor":6},{"not_picked":["Skewer","Escape Plan"],"picked":"Footwork","floor":11},{"not_picked":["Blade Dance","Acrobatics"],"picked":"Caltrops","floor":12},{"not_picked":["Outmaneuver","Cloak And Dagger"],"picked":"Bane","floor":14}],"player_experience":656148,"relics_obtained":[{"floor":3,"key":"Ancient Tea Set"},{"floor":6,"key":"FossilizedHelix"},{"floor":11,"key":"Blood Vial"},{"floor":14,"key":"Frozen Egg 2"}],"event_choices":[{"cards_removed":["Strike_G"],"damage_healed":0,"gold_gain":0,"player_choice":"Card Removal","damage_taken":7,"max_hp_gain":0,"max_hp_loss":0,"event_name":"Golden Wing","floor":2,"gold_loss":0},{"cards_removed":["Strike_G"],"damage_healed":0,"gold_gain":0,"player_choice":"Card Removal","damage_taken":0,"max_hp_gain":0,"max_hp_loss":0,"event_name":"The Cleric","floor":7,"gold_loss":75}],"is_beta":false,"boss_relics":[],"items_purged_floors":[],"is_endless":false,"potions_floor_spawned":[1,4,14],"killed_by":"Slime Boss","ascension_level":20}