{"gold_per_floor":[111,124,138,62,75,75,95,114,138,138,138,171,171,171,171,267,267,280,280,298,72,86,86,127,127,150,193,209,248,173,227,227,227],"floor_reached":33,"playtime":995,"items_purged":[],"score":620,"play_id":"3013ba21-792d-4abf-b63c-9beb7ff26eaa","local_time":"20190623155221","is_ascension_mode":true,"campfire_choices":[{"data":"Uppercut","floor":6.0,"key":"SMITH"},{"data":"Whirlwind","floor":11.0,"key":"SMITH"},{"data":"Spot Weakness","floor":13.0,"key":"SMITH"},{"data":"Perfected Strike","floor":15.0,"key":"SMITH"},{"floor":23,"key":"REST"},{"floor":25,"key":"REST"},{"floor":32,"key":"REST"}],"neow_cost":"PERCENT_DAMAGE","seed_source_timestamp":0,"circlet_count":0,"master_deck":["AscendersBane","Strike_R+1","Strike_R+1","Strike_R+1","Strike_R+1","Defend_R+1","Defend_R+1","Defend_R+1","Defend_R+1","Bash","Headbutt","Pommel Strike","Shockwave+1","Whirlwind+1","Uppercut+1","Perfected Strike+1","Spot Weakness+1","Battle Trance+1","Blood for Blood","Whirlwind","Armaments","True Grit","Heavy Blade","Sword Boomerang"],"special_seed":0,"relics":["Burning Blood","Champion Belt","Art of War","Golden Idol","Oddly Smooth Stone","Mummified Hand","Eternal Feather","Chemical X","War Paint","Boot","Blood Vial","Red Mask"],"potions_floor_usage":[22,22,24],"damage_taken":[{"damage":1.0,"enemies":"Cultist","floor":1.0,"turns":3.0},{"damage":9.0,"enemies":"Jaw Worm","floor":2.0,"turns":4.0},{"damage":6.0,"enemies":"2 Louse","floor":3.0,"turns":3.0},{"damage":8.0,"enemies":"Large Slime","floor":5.0,"turns":5.0},{"damage":9.0,"enemies":"Looter","floor":7.0,"turns":4.0},{"damage":7.0,"enemies":"2 Fungi Beasts","floor":8.0,"turns":4.0},{"damage":0.0,"enemies":"3 Sentries","floor":12.0,"turns":3.0},{"damage":42.0,"enemies":"Hexaghost","floor":16.0,"turns":8.0},{"damage":32.0,"enemies":"Shell Parasite","floor":18.0,"turns":7.0},{"damage":15.0,"enemies":"2 Thieves","floor":20.0,"turns":3.0},{"damage":16,"enemies":"Shelled Parasite and Fungi","floor":22,"turns":4},{"damage":14,"enemies":"Gremlin Leader","floor":24,"turns":4},{"damage":38,"enemies":"Book of Stabbing","floor":27,"turns":4},{"damage":12,"enemies":"Cultist and Chosen","floor":28,"turns":4},{"damage":18,"enemies":"Masked Bandits","floor":29,"turns":3},{"damage":65,"enemies":"Automaton","floor":33,"turns":6}],"seed_played":"5172067225362738973","potions_obtained":[{"floor":3.0,"key":"Energy Potion"},{"floor":5.0,"key":"AttackPotion"},{"floor":12.0,"key":"Energy Potion"},{"floor":20.0,"key":"SkillPotion"},{"floor":22,"key":"Explosive Potion"}],"is_trial":false,"path_per_floor":["M","M","M","$","M","R","M","M","T","?","R","E","R","T","R","B",null,"M","?","M","$","M","R","E","R","T","E","M","?","?","T","R","B"],"character_chosen":"IRONCLAD","items_purchased":["Whirlwind","Chemical X"],"campfire_rested":3,"item_purchase_floors":[4,21],"current_hp_per_floor":[55,52,52,52,50,50,47,46,46,46,46,52,52,52,52,16,55,29,29,20,20,10,42,34,66,66,34,30,20,20,20,52,0],"gold":227,"neow_bonus":"ONE_RARE_RELIC","is_prod":false,"is_daily":false,"chose_seed":false,"campfire_upgraded":4,"win_rate":0,"timestamp":1561319541,"path_taken":["M","M","M","?","M","R","M","M","T","?","R","E","R","?","R","BOSS","M","?","M","$","M","R","E","R","T","E","M","?","?","?","R","BOSS"],"build_version":"2019-06-21","purchased_purges":0,"victory":false,"max_hp_per_floor":[75,75,75,75,75,75,75,75,75,68,68,68,68,68,68,68,68,68,68,68,68,68,68,68,68,68,68,68,68,68,68,68,68],"card_choices":[{"not_picked":["Metallicize","Body Slam"],"picked":"Headbutt","floor":1.0},{"not_picked":["Burning Pact","Wild Strike"],"picked":"Pommel Strike","floor":2.0},{"not_picked":["Searing Blow","Clothesline"],"picked":"Shockwave","floor":3.0},{"not_picked":["Clothesline","Thunderclap"],"picked":"Uppercut","floor":5.0},{"not_picked":["Sever Soul","Intimidate"],"picked":"Perfected Strike","floor":7.0},{"not_picked":["Burning Pact","Clothesline","Brutality"],"picked":"SKIP","floor":8.0},{"not_picked":["Perfected Strike","Corruption"],"picked":"Spot Weakness","floor":12.0},{"not_picked":["Headbutt","Dual Wield"],"picked":"Battle Trance","floor":18.0},{"not_picked":["Searing Blow","Body Slam"],"picked":"Blood for Blood","floor":20.0},{"not_picked":["Infernal Blade","Pommel Strike"],"picked":"Whirlwind","floor":22},{"not_picked":["Sever Soul","Warcry"],"picked":"Armaments","floor":24},{"not_picked":["Spot Weakness","Immolate"],"picked":"True Grit","floor":27},{"not_picked":["Dual Wield","Feel No Pain"],"picked":"Heavy Blade","floor":28},{"not_picked":["Havoc+1","Heavy Blade"],"picked":"Sword Boomerang","floor":29}],"player_experience":774413,"relics_obtained":[{"floor":9.0,"key":"Art of War"},{"floor":12.0,"key":"Oddly Smooth Stone"},{"floor":14.0,"key":"Mummified Hand"},{"floor":24,"key":"War Paint"},{"floor":26,"key":"Boot"},{"floor":27,"key":"Blood Vial"},{"floor":29,"key":"Red Mask"}],"event_choices":[{"damage_healed":0.0,"max_hp_gain":0.0,"max_hp_loss":7.0,"gold_gain":0.0,"event_name":"Golden Idol","player_choice":"Lose Max HP","floor":10.0,"gold_loss":0.0,"damage_taken":0.0,"relics_obtained":["Golden Idol"]},{"damage_healed":0.0,"max_hp_gain":0.0,"max_hp_loss":0.0,"gold_gain":0.0,"event_name":"Back to Basics","player_choice":"Simplicity","floor":19.0,"gold_loss":0.0,"damage_taken":0.0,"cards_upgraded":["Strike_R","Strike_R","Strike_R","Strike_R","Strike_R","Defend_R","Defend_R","Defend_R","Defend_R"]},{"damage_healed":0,"gold_gain":0,"player_choice":"Fought Bandits","damage_taken":0,"max_hp_gain":0,"max_hp_loss":0,"event_name":"Masked Bandits","floor":29,"gold_loss":0},{"cards_removed":["Strike_R"],"damage_healed":0,"gold_gain":0,"player_choice":"Gave Gold","damage_taken":0,"max_hp_gain":0,"max_hp_loss":0,"event_name":"Beggar","floor":30,"gold_loss":75}],"is_beta":true,"boss_relics":[{"not_picked":["Busted Crown","Lizard Tail"],"picked":"Eternal Feather"}],"items_purged_floors":[],"is_endless":false,"potions_floor_spawned":[3,5,12,20,22],"killed_by":"Automaton","ascension_level":20}