{"gold_per_floor":[114,114,114,114,39,39,77,77,102,102,140,178,197,28,28,153,153,172,87,87,125,25,25,25,63,88,88,88,126,164,114,114,239,239,258,8,8,27,27,27,65,65,140,159,12,12,12,50,50,50],"floor_reached":51,"playtime":1506,"items_purged":["Strike_R","Strike_R","Strike_R","Headbutt","Defend_R"],"score":862,"play_id":"28c1e39f-f96f-4246-b9bc-96f886372adf","local_time":"20190128213336","daily_mods":["Allstar","Flight","DeadlyEvents"],"is_ascension_mode":false,"campfire_choices":[{"floor":6,"key":"REST"},{"floor":8,"key":"REST"},{"data":"Metamorphosis","floor":10,"key":"SMITH"},{"floor":15,"key":"REST"},{"data":"Metamorphosis","floor":23,"key":"SMITH"},{"floor":24,"key":"REST"},{"data":"Madness","floor":27,"key":"SMITH"},{"floor":32,"key":"REST"},{"data":"Enlightenment","floor":40,"key":"SMITH"},{"data":"Double Tap","floor":42,"key":"SMITH"},{"data":"Trip","floor":46,"key":"SMITH"},{"data":"Bash","floor":47,"key":"SMITH"},{"data":"Finesse","floor":49,"key":"SMITH"}],"neow_cost":"","seed_source_timestamp":0,"circlet_count":0,"master_deck":["Bash+1","Finesse+1","Madness+1","Master of Strategy","Enlightenment+1","Metamorphosis+1","Metamorphosis+1","Double Tap+1","Finesse","Trip+1"],"special_seed":17925,"relics":["Burning Blood","Golden Idol","Oddly Smooth Stone","Boot","Turnip","Letter Opener","Busted Crown","Unceasing Top","Pen Nib","Centennial Puzzle","Vajra","Mummified Hand","Smiling Mask","Empty Cage","Medical Kit","Bag of Preparation","Pantograph","Regal Pillow"],"potions_floor_usage":[16,29,33,38,50],"damage_taken":[{"damage":11,"enemies":"Jaw Worm","floor":1,"turns":3},{"damage":16,"enemies":"Lagavulin","floor":7,"turns":5},{"damage":11,"enemies":"Gremlin Nob","floor":11,"turns":3},{"damage":18,"enemies":"3 Sentries","floor":12,"turns":4},{"damage":0,"enemies":"Small Slimes","floor":13,"turns":2},{"damage":32,"enemies":"Hexaghost","floor":16,"turns":7},{"damage":12,"enemies":"Shell Parasite","floor":18,"turns":3},{"damage":12,"enemies":"Book of Stabbing","floor":21,"turns":3},{"damage":17,"enemies":"Gremlin Leader","floor":25,"turns":4},{"damage":5,"enemies":"Slavers","floor":29,"turns":2},{"damage":12,"enemies":"Book of Stabbing","floor":30,"turns":3},{"damage":7,"enemies":"Collector","floor":33,"turns":3},{"damage":0,"enemies":"3 Shapes","floor":35,"turns":1},{"damage":0,"enemies":"3 Darklings","floor":38,"turns":1},{"damage":12,"enemies":"Nemesis","floor":41,"turns":2},{"damage":1,"enemies":"Writhing Mass","floor":44,"turns":2},{"damage":0,"enemies":"Giant Head","floor":48,"turns":1},{"damage":15,"enemies":"Awakened One","floor":50,"turns":3}],"seed_played":"-7783971571703722258","potions_obtained":[{"floor":1,"key":"SpeedPotion"},{"floor":7,"key":"Ancient Potion"},{"floor":12,"key":"GamblersBrew"},{"floor":21,"key":"GamblersBrew"},{"floor":30,"key":"Fire Potion"},{"floor":38,"key":"LiquidBronze"},{"floor":41,"key":"SneckoOil"}],"is_trial":false,"path_per_floor":["M","?","?","?","$","R","E","R","T","R","E","E","M","$","R","B",null,"M","?","?","E","$","R","R","E","T","R","$","E","E","$","R","B",null,"M","$","?","M","?","R","E","R","T","M","$","R","R","E","R","B",null],"character_chosen":"IRONCLAD","items_purchased":["Metamorphosis","Medical Kit","Trip"],"campfire_rested":5,"item_purchase_floors":[14,36,45],"current_hp_per_floor":[75,55,48,48,48,72,62,80,80,80,75,63,69,69,80,54,80,74,74,74,68,68,68,80,69,69,69,69,70,64,64,80,79,80,80,80,80,80,76,76,70,70,70,75,75,75,75,76,76,67],"gold":50,"neow_bonus":"","is_prod":false,"is_daily":true,"chose_seed":false,"campfire_upgraded":8,"win_rate":0,"timestamp":1548740016,"path_taken":["M","?","?","?","$","R","E","R","T","R","?","?","?","?","R","BOSS","M","?","?","?","$","R","R","?","T","R","?","E","?","$","R","BOSS","M","?","?","?","?","R","E","R","T","?","$","R","R","?","R","BOSS"],"build_version":"2019-01-23","purchased_purges":5,"victory":true,"max_hp_per_floor":[80,80,80,80,80,80,80,80,80,80,80,80,80,80,80,80,80,80,80,80,80,80,80,80,80,80,80,80,80,80,80,80,80,80,80,80,80,80,76,76,76,76,76,76,76,76,76,76,76,76],"card_choices":[{"not_picked":["Uppercut","Corruption","Sentinel"],"picked":"SKIP","floor":1},{"not_picked":["Perfected Strike","Body Slam"],"picked":"Headbutt","floor":7},{"not_picked":["Whirlwind","Carnage","Disarm"],"picked":"SKIP","floor":11},{"not_picked":["Clash","Rampage","Iron Wave"],"picked":"SKIP","floor":12},{"not_picked":["Iron Wave","Armaments","Infernal Blade"],"picked":"SKIP","floor":13},{"not_picked":["Barricade","Berserk"],"picked":"Double Tap","floor":16},{"not_picked":["Flame Barrier"],"picked":"SKIP","floor":18},{"not_picked":["Warcry"],"picked":"SKIP","floor":21},{"not_picked":["Body Slam"],"picked":"SKIP","floor":25},{"not_picked":["Disarm+1"],"picked":"SKIP","floor":29},{"not_picked":["Perfected Strike+1"],"picked":"SKIP","floor":30},{"not_picked":["Second Wind"],"picked":"SKIP","floor":35},{"not_picked":["Thunderclap"],"picked":"SKIP","floor":38},{"not_picked":["Carnage+1"],"picked":"SKIP","floor":41},{"not_picked":["Sword Boomerang"],"picked":"SKIP","floor":44},{"not_picked":["Whirlwind+1"],"picked":"SKIP","floor":48}],"player_experience":173288,"relics_obtained":[{"floor":7,"key":"Oddly Smooth Stone"},{"floor":9,"key":"Boot"},{"floor":11,"key":"Turnip"},{"floor":12,"key":"Letter Opener"},{"floor":21,"key":"Pen Nib"},{"floor":25,"key":"Centennial Puzzle"},{"floor":26,"key":"Vajra"},{"floor":29,"key":"Mummified Hand"},{"floor":30,"key":"Smiling Mask"},{"floor":41,"key":"Bag of Preparation"},{"floor":43,"key":"Pantograph"},{"floor":48,"key":"Regal Pillow"}],"event_choices":[{"damage_healed":0,"gold_gain":0,"player_choice":"Take Damage","damage_taken":20,"relics_obtained":["Golden Idol"],"max_hp_gain":0,"max_hp_loss":0,"event_name":"Golden Idol","floor":2,"gold_loss":0},{"cards_removed":["Strike_R"],"damage_healed":0,"gold_gain":0,"player_choice":"Card Removal","damage_taken":7,"max_hp_gain":0,"max_hp_loss":0,"event_name":"Golden Wing","floor":3,"gold_loss":0},{"cards_removed":["Defend_R"],"damage_healed":0,"gold_gain":0,"player_choice":"Offered Basic","damage_taken":0,"max_hp_gain":0,"max_hp_loss":0,"event_name":"Bonfire Elementals","floor":4,"gold_loss":0},{"damage_healed":0,"gold_gain":0,"player_choice":"Obtained Relic","damage_taken":0,"relics_obtained":["Unceasing Top"],"max_hp_gain":0,"max_hp_loss":0,"event_name":"Addict","floor":19,"gold_loss":85},{"damage_healed":0,"gold_gain":0,"player_choice":"Copied","damage_taken":0,"max_hp_gain":0,"max_hp_loss":0,"event_name":"Duplicator","floor":20,"gold_loss":0,"cards_obtained":["Finesse"]},{"cards_removed":["Defend_R"],"damage_healed":0,"gold_gain":0,"player_choice":"Removed Skill","damage_taken":0,"max_hp_gain":0,"max_hp_loss":0,"event_name":"Falling","floor":37,"gold_loss":0},{"damage_healed":0,"gold_gain":0,"player_choice":"Max HP","damage_taken":0,"max_hp_gain":0,"max_hp_loss":4,"event_name":"Winding Halls","floor":39,"gold_loss":0}],"is_beta":false,"boss_relics":[{"not_picked":["Orrery","Mark of Pain"],"picked":"Busted Crown"},{"not_picked":["Lizard Tail","Tiny House"],"picked":"Empty Cage"}],"items_purged_floors":[5,22,31,36,45],"is_endless":false,"potions_floor_spawned":[1,7,12,21,30,38,41,44],"ascension_level":0}