{"gold_per_floor":[116,129,54,65,76,106,106,121,121,138,158,123,151,166,166,261,261,273,290,306,58,0,0,29,47,47,59,59,59,92,2,2,105,105,118,131,0,0,14,14,45,45,45,56,56,56,86,98,110,122],"floor_reached":50,"playtime":1887,"items_purged":["Strike_R","Strike_R"],"score":582,"play_id":"4fc08d30-5a49-46c4-9d18-101441708a81","local_time":"20190203221616","is_ascension_mode":true,"campfire_choices":[{"floor":7,"key":"REST"},{"floor":15,"key":"REST"},{"data":"Limit Break","floor":23,"key":"SMITH"},{"floor":28,"key":"REST"},{"floor":32,"key":"REST"},{"floor":40,"key":"REST"},{"floor":42,"key":"REST"},{"floor":46,"key":"REST"},{"floor":49,"key":"REST"}],"neow_cost":"NONE","seed_source_timestamp":530381315566942,"circlet_count":0,"master_deck":["Strike_R","Strike_R","Strike_R","Defend_R","Defend_R","Defend_R","Defend_R","Bash","Thunderclap","Carnage","Impervious","Pommel Strike","Clothesline","Clash","Disarm","Limit Break+1","Intimidate","Inflame","Armaments","Decay","Seeing Red+1","Trip+1","Impervious+1"],"relics":["Burning Blood","Bronze Scales","Potion Belt","Mercury Hourglass","Juzu Bracelet","Snecko Eye","Regal Pillow","StoneCalendar","Toxic Egg 2","Boot","Busted Crown","Red Mask","PreservedInsect","Happy Flower","MawBank"],"potions_floor_usage":[16,33,33,50,50,50,50,50],"damage_taken":[{"damage":3,"enemies":"2 Louse","floor":1,"turns":2},{"damage":3,"enemies":"Jaw Worm","floor":2,"turns":4},{"damage":0,"enemies":"Small Slimes","floor":4,"turns":4},{"damage":10,"enemies":"Exordium Thugs","floor":5,"turns":4},{"damage":44,"enemies":"Lagavulin","floor":6,"turns":6},{"damage":11,"enemies":"Exordium Wildlife","floor":8,"turns":3},{"damage":10,"enemies":"2 Fungi Beasts","floor":10,"turns":2},{"damage":0,"enemies":"Looter","floor":11,"turns":2},{"damage":25,"enemies":"Gremlin Nob","floor":13,"turns":3},{"damage":2,"enemies":"Exordium Thugs","floor":14,"turns":3},{"damage":29,"enemies":"Slime Boss","floor":16,"turns":10},{"damage":5,"enemies":"Shell Parasite","floor":18,"turns":4},{"damage":5,"enemies":"3 Byrds","floor":19,"turns":3},{"damage":0,"enemies":"Snecko","floor":20,"turns":3},{"damage":57,"enemies":"Slavers","floor":24,"turns":5},{"damage":9,"enemies":"3 Cultists","floor":25,"turns":5},{"damage":15,"enemies":"Snake Plant","floor":27,"turns":3},{"damage":15,"enemies":"Gremlin Leader","floor":30,"turns":6},{"damage":79,"enemies":"Champ","floor":33,"turns":11},{"damage":16,"enemies":"3 Shapes","floor":35,"turns":5},{"damage":6,"enemies":"3 Darklings","floor":36,"turns":5},{"damage":23,"enemies":"Sphere and 2 Shapes","floor":39,"turns":6},{"damage":48,"enemies":"Nemesis","floor":41,"turns":7},{"damage":21,"enemies":"Maw","floor":44,"turns":7},{"damage":27,"enemies":"Reptomancer","floor":47,"turns":5},{"damage":82,"enemies":"Awakened One","floor":50,"turns":10}],"seed_played":"4719070074770595475","potions_obtained":[{"floor":2,"key":"Strength Potion"},{"floor":4,"key":"Strength Potion"},{"floor":8,"key":"SteroidPotion"},{"floor":11,"key":"Dexterity Potion"},{"floor":13,"key":"Fire Potion"},{"floor":19,"key":"Dexterity Potion"},{"floor":35,"key":"FearPotion"},{"floor":47,"key":"Fire Potion"}],"is_trial":false,"path_per_floor":["M","M","$","M","M","E","R","M","T","M","M","?","E","M","R","B",null,"M","M","M","$","?","R","E","M","T","M","R","?","E","$","R","B",null,"M","M","?","?","M","R","E","R","T","M","$","R","E","?","R","B"],"character_chosen":"IRONCLAD","items_purchased":["Regal Pillow","Trip+1"],"campfire_rested":8,"item_purchase_floors":[21,31],"current_hp_per_floor":[80,80,80,80,76,38,62,57,57,53,59,79,60,64,80,57,80,80,80,80,80,80,80,29,26,26,17,56,56,47,47,80,7,80,70,70,70,70,53,80,38,77,77,62,62,80,59,59,80,0],"gold":122,"neow_bonus":"RANDOM_COMMON_RELIC","is_prod":false,"is_daily":false,"chose_seed":false,"campfire_upgraded":1,"win_rate":0,"timestamp":1549260976,"path_taken":["M","M","$","M","M","E","R","M","T","M","M","?","E","M","R","BOSS","M","M","M","$","?","R","E","M","T","M","R","?","E","?","R","BOSS","M","M","?","?","M","R","E","R","T","M","$","R","E","?","R","BOSS"],"build_version":"2019-01-23","purchased_purges":2,"victory":false,"max_hp_per_floor":[80,80,80,80,80,80,80,80,80,80,80,80,80,80,80,80,80,80,80,80,80,80,80,80,80,80,80,80,80,80,80,80,80,80,80,80,80,80,80,80,80,80,80,80,80,80,80,80,80,80],"card_choices":[{"not_picked":["True Grit","Anger"],"picked":"Thunderclap","floor":1},{"not_picked":["Second Wind","Pummel"],"picked":"Carnage","floor":2},{"not_picked":["Body Slam","True Grit","Havoc"],"picked":"SKIP","floor":4},{"not_picked":["Wild Strike","Sever Soul","Perfected Strike"],"picked":"SKIP","floor":5},{"not_picked":["Flex","Warcry"],"picked":"Impervious","floor":6},{"not_picked":["Warcry","Headbutt","Power Through"],"picked":"SKIP","floor":8},{"not_picked":["Battle Trance","Headbutt"],"picked":"Pommel Strike","floor":10},{"not_picked":["Cleave","Combust"],"picked":"Clothesline","floor":11},{"not_picked":["Reckless Charge","Second Wind"],"picked":"Clash","floor":13},{"not_picked":["Headbutt","Impervious"],"picked":"Disarm","floor":14},{"not_picked":["Juggernaut","Brutality"],"picked":"Limit Break","floor":16},{"not_picked":["Clash","Sword Boomerang"],"picked":"Intimidate","floor":18},{"not_picked":["Ghostly Armor","Wild Strike+1"],"picked":"Inflame","floor":19},{"not_picked":["Havoc","Rupture"],"picked":"Armaments","floor":20},{"not_picked":["Brutality","Hemokinesis","Reckless Charge+1"],"picked":"SKIP","floor":24},{"not_picked":["Wild Strike+1","Flex","Entrench+1"],"picked":"SKIP","floor":25},{"not_picked":["Sword Boomerang+1","Sentinel+1","Combust"],"picked":"SKIP","floor":27},{"not_picked":["Feel No Pain","Bloodletting+1"],"picked":"Seeing Red+1","floor":30},{"not_picked":["Feed","Bludgeon"],"picked":"Impervious+1","floor":33},{"not_picked":["Pommel Strike"],"picked":"SKIP","floor":35},{"not_picked":["Havoc+1"],"picked":"SKIP","floor":36},{"not_picked":["Perfected Strike+1"],"picked":"SKIP","floor":39},{"not_picked":["Havoc+1"],"picked":"SKIP","floor":41},{"not_picked":[],"picked":"Inflame","floor":44},{"not_picked":["Combust+1"],"picked":"SKIP","floor":47}],"player_experience":185786,"relics_obtained":[{"floor":6,"key":"Potion Belt"},{"floor":9,"key":"Mercury Hourglass"},{"floor":13,"key":"Juzu Bracelet"},{"floor":24,"key":"StoneCalendar"},{"floor":26,"key":"Toxic Egg 2"},{"floor":30,"key":"Boot"},{"floor":41,"key":"PreservedInsect"},{"floor":43,"key":"Happy Flower"},{"floor":47,"key":"MawBank"}],"event_choices":[{"damage_healed":20,"gold_gain":0,"player_choice":"Healed","damage_taken":0,"max_hp_gain":0,"max_hp_loss":0,"event_name":"The Cleric","floor":12,"gold_loss":35},{"damage_healed":0,"gold_gain":0,"player_choice":"Paid Fearfully","damage_taken":0,"max_hp_gain":0,"max_hp_loss":0,"event_name":"Masked Bandits","floor":22,"gold_loss":58},{"damage_healed":0,"gold_gain":0,"player_choice":"Smashed Altar","damage_taken":0,"max_hp_gain":0,"max_hp_loss":0,"event_name":"Forgotten Altar","floor":29,"gold_loss":0,"cards_obtained":["Decay"]},{"damage_healed":0,"gold_gain":0,"player_choice":"Paid","damage_taken":0,"relics_obtained":["Red Mask"],"max_hp_gain":0,"max_hp_loss":0,"event_name":"Tomb of Lord Red Mask","floor":37,"gold_loss":131},{"damage_healed":0,"gold_gain":0,"player_choice":"Ignored","damage_taken":0,"max_hp_gain":0,"max_hp_loss":0,"event_name":"Mysterious Sphere","floor":38,"gold_loss":0},{"cards_removed":["Inflame"],"damage_healed":0,"gold_gain":0,"player_choice":"Removed Power","damage_taken":0,"max_hp_gain":0,"max_hp_loss":0,"event_name":"Falling","floor":48,"gold_loss":0}],"is_beta":false,"boss_relics":[{"not_picked":["Eternal Feather","Mark of Pain"],"picked":"Snecko Eye"},{"not_picked":["Lizard Tail","White Beast Statue"],"picked":"Busted Crown"}],"items_purged_floors":[3,21],"is_endless":false,"potions_floor_spawned":[2,4,8,11,13,14,19,20,30,35,47],"killed_by":"Awakened One","ascension_level":1}