{"gold_per_floor":[20,31,48,58,77,77,93,118,118,134,134,163,53,53,53,53],"floor_reached":16,"playtime":580,"items_purged":[],"score":208,"play_id":"c6cad8a3-d5bd-4460-904b-6b7ff395256a","local_time":"20190226063846","is_ascension_mode":true,"campfire_choices":[{"data":"Dash","floor":6.0,"key":"SMITH"},{"floor":15,"key":"REST"}],"neow_cost":"NO_GOLD","seed_source_timestamp":20615552586900,"circlet_count":0,"master_deck":["AscendersBane","Defend_G","Defend_G","Defend_G","Defend_G","Defend_G","Strike_G","Strike_G","Strike_G","Strike_G","Strike_G","Survivor","Neutralize","Dash+1","Blade Dance","Crippling Poison","Caltrops","Dagger Spray","Storm of Steel","Infinite Blades","Catalyst","Deadly Poison","Poisoned Stab"],"special_seed":0,"relics":["Ring of the Snake","Thread and Needle","The Specimen","Bottled Tornado","Odd Mushroom","Question Card"],"potions_floor_usage":[12,16],"damage_taken":[{"damage":0.0,"enemies":"Cultist","floor":1.0,"turns":4.0},{"damage":0.0,"enemies":"2 Louse","floor":2.0,"turns":3.0},{"damage":0.0,"enemies":"Small Slimes","floor":3.0,"turns":3.0},{"damage":1.0,"enemies":"Exordium Wildlife","floor":4.0,"turns":5.0},{"damage":0.0,"enemies":"Gremlin Gang","floor":5.0,"turns":5.0},{"damage":3.0,"enemies":"3 Louse","floor":7.0,"turns":2.0},{"damage":54.0,"enemies":"Lagavulin","floor":8.0,"turns":11.0},{"damage":0.0,"enemies":"2 Fungi Beasts","floor":10.0,"turns":6.0},{"damage":0,"enemies":"The Mushroom Lair","floor":12,"turns":3},{"damage":68,"enemies":"Slime Boss","floor":16,"turns":7}],"seed_played":"-8995005141988968628","potions_obtained":[{"floor":1.0,"key":"Block Potion"},{"floor":2.0,"key":"Regen Potion"},{"floor":4.0,"key":"GhostInAJar"},{"floor":12,"key":"Poison Potion"}],"is_trial":false,"path_per_floor":["M","M","M","M","M","R","M","E","T","M","?","?","$","?","R","B"],"character_chosen":"THE_SILENT","items_purchased":["Deadly Poison","Poisoned Stab"],"campfire_rested":1,"item_purchase_floors":[13,13],"current_hp_per_floor":[59,59,59,58,58,58,55,1,1,16,38,38,38,33,52,0],"gold":53,"neow_bonus":"ONE_RARE_RELIC","is_prod":false,"is_daily":false,"chose_seed":false,"campfire_upgraded":1,"win_rate":0,"timestamp":1551191926,"path_taken":["M","M","M","M","?","R","M","E","T","M","?","?","$","?","R","BOSS"],"build_version":"2019-01-23","purchased_purges":0,"victory":false,"max_hp_per_floor":[66,66,66,66,66,66,66,66,66,66,66,66,66,66,66,66],"card_choices":[{"not_picked":["Calculated Gamble","Prepared"],"picked":"Dash","floor":1.0},{"not_picked":["Dagger Throw","Riddle With Holes"],"picked":"Blade Dance","floor":2.0},{"not_picked":["Underhanded Strike","Caltrops"],"picked":"Crippling Poison","floor":3.0},{"not_picked":["Poisoned Stab","Outmaneuver"],"picked":"Caltrops","floor":4.0},{"not_picked":["Prepared","Setup"],"picked":"Dagger Spray","floor":5.0},{"not_picked":["Backflip","Accuracy"],"picked":"Storm of Steel","floor":7.0},{"not_picked":["Acrobatics","Choke"],"picked":"Infinite Blades","floor":8.0},{"not_picked":["Quick Slash","Dodge and Roll","Choke"],"picked":"SKIP","floor":10.0},{"not_picked":["Backstab","Predator"],"picked":"Catalyst","floor":12}],"player_experience":1206311,"relics_obtained":[{"floor":8.0,"key":"The Specimen"},{"floor":9.0,"key":"Bottled Tornado"},{"floor":12,"key":"Odd Mushroom"}],"event_choices":[{"damage_healed":22.0,"max_hp_gain":0.0,"max_hp_loss":0.0,"gold_gain":0.0,"event_name":"Big Fish","player_choice":"Banana","floor":11.0,"gold_loss":0.0,"damage_taken":0.0},{"damage_healed":0,"gold_gain":0,"player_choice":"Fought Mushrooms","damage_taken":0,"max_hp_gain":0,"max_hp_loss":0,"event_name":"Mushrooms","floor":12,"gold_loss":0},{"damage_healed":0,"gold_gain":0,"player_choice":"Success","damage_taken":5,"relics_obtained":["Question Card"],"max_hp_gain":0,"max_hp_loss":0,"event_name":"Scrap Ooze","floor":14,"gold_loss":0}],"is_beta":false,"boss_relics":[],"items_purged_floors":[],"is_endless":false,"potions_floor_spawned":[1,2,4,12],"killed_by":"Slime Boss","ascension_level":20}