{"gold_per_floor":[217,230,246,16,30,57,57,67,67,67,99,99,109,109,109,181,181,201,217,217,233,143,143,168,179,231,231,243,168,178,209,209,281,281,301,142,152,162,176,176,210,220,220,220,238,238,263,276,276,276,276,276,276,15,43,43],"floor_reached":57,"playtime":4269,"items_purged":["Strike_R","Strike_R","Strike_R"],"score":2936,"play_id":"f3cb077c-7ea8-4e60-9111-f96fd2bd46d7","local_time":"20190705172958","is_ascension_mode":true,"campfire_choices":[{"data":"1","floor":7.0,"key":"LIFT"},{"data":"2","floor":12.0,"key":"LIFT"},{"data":"3","floor":15.0,"key":"LIFT"},{"data":"Armaments","floor":23.0,"key":"SMITH"},{"data":"Shockwave","floor":27.0,"key":"SMITH"},{"data":"Limit Break","floor":32.0,"key":"SMITH"},{"data":"Demon Form","floor":40.0,"key":"SMITH"},{"floor":46.0,"key":"REST"},{"floor":49.0,"key":"RECALL"},{"data":"Shockwave","floor":53.0,"key":"SMITH"}],"neow_cost":"NONE","seed_source_timestamp":0,"circlet_count":0,"master_deck":["AscendersBane","Strike_R","Strike_R","Defend_R","Defend_R","Defend_R","Defend_R","Bash","Armaments+1","Headbutt","Feed","Clothesline","Spot Weakness","Sword Boomerang","Shockwave+1","Spot Weakness","Shockwave+1","True Grit+1","Feel No Pain","Clothesline","Disarm+1","Heavy Blade+1","Limit Break+1","Demon Form+1","Cleave","True Grit+1","Bludgeon"],"special_seed":0,"relics":["Burning Blood","ClockworkSouvenir","Girya","Thread and Needle","Singing Bowl","Gambling Chip","Calipers","Snecko Eye","Happy Flower","Bag of Marbles","PreservedInsect","Pantograph","Velvet Choker","Nunchaku","Dodecahedron","Smiling Mask","Frozen Eye","Blue Candle"],"potions_floor_usage":[56],"damage_taken":[{"damage":1.0,"enemies":"Small Slimes","floor":1.0,"turns":4.0},{"damage":2.0,"enemies":"Cultist","floor":2.0,"turns":4.0},{"damage":6.0,"enemies":"2 Louse","floor":3.0,"turns":4.0},{"damage":26.0,"enemies":"Lots of Slimes","floor":5.0,"turns":6.0},{"damage":15.0,"enemies":"3 Sentries","floor":6.0,"turns":7.0},{"damage":8.0,"enemies":"2 Fungi Beasts","floor":8.0,"turns":4.0},{"damage":13.0,"enemies":"Gremlin Nob","floor":11.0,"turns":4.0},{"damage":1.0,"enemies":"3 Louse","floor":13.0,"turns":3.0},{"damage":30.0,"enemies":"Slime Boss","floor":16.0,"turns":12.0},{"damage":0.0,"enemies":"2 Thieves","floor":18.0,"turns":2.0},{"damage":33.0,"enemies":"Spheric Guardian","floor":19.0,"turns":7.0},{"damage":4.0,"enemies":"Snake Plant","floor":21.0,"turns":2.0},{"damage":26.0,"enemies":"Gremlin Leader","floor":24.0,"turns":8.0},{"damage":0.0,"enemies":"Cultist and Chosen","floor":25.0,"turns":4.0},{"damage":0.0,"enemies":"Centurion and Healer","floor":28.0,"turns":5.0},{"damage":0.0,"enemies":"Snake Plant","floor":30.0,"turns":4.0},{"damage":0.0,"enemies":"Slavers","floor":31.0,"turns":3.0},{"damage":61.0,"enemies":"Champ","floor":33.0,"turns":14.0},{"damage":2.0,"enemies":"3 Shapes","floor":35.0,"turns":10.0},{"damage":13.0,"enemies":"3 Darklings","floor":37.0,"turns":3.0},{"damage":11.0,"enemies":"Maw","floor":38.0,"turns":5.0},{"damage":5.0,"enemies":"Jaw Worm Horde","floor":39.0,"turns":3.0},{"damage":48.0,"enemies":"Reptomancer","floor":41.0,"turns":5.0},{"damage":8.0,"enemies":"4 Shapes","floor":42.0,"turns":8.0},{"damage":8.0,"enemies":"3 Darklings","floor":45.0,"turns":4.0},{"damage":0.0,"enemies":"Giant Head","floor":47.0,"turns":4.0},{"damage":4.0,"enemies":"Writhing Mass","floor":48.0,"turns":4.0},{"damage":0.0,"enemies":"Time Eater","floor":50.0,"turns":5.0},{"damage":88.0,"enemies":"Donu and Deca","floor":51.0,"turns":5.0},{"damage":43.0,"enemies":"Shield and Spear","floor":55.0,"turns":6.0},{"damage":109,"enemies":"The Heart","floor":56,"turns":9}],"seed_played":"-8970372883403386616","potions_obtained":[{"floor":5.0,"key":"SteroidPotion"},{"floor":6.0,"key":"Weak Potion"},{"floor":25.0,"key":"SkillPotion"}],"is_trial":false,"path_per_floor":["M","M","M","$","M","E","R","M","T","?","E","R","M","T","R","B",null,"M","M","?","M","?","R","E","M","T","R","M","$","M","E","R","B",null,"M","$","M","M","M","R","E","M","T","T","M","R","E","M","R","B","B",null,"R","$","E","B",null],"character_chosen":"IRONCLAD","items_purchased":["ClockworkSouvenir","Cleave","Frozen Eye"],"campfire_rested":1,"item_purchase_floors":[4,36,54],"current_hp_per_floor":[73,75,75,75,58,52,52,53,53,53,51,51,59,59,59,40,83,92,68,68,70,70,70,53,62,62,62,72,72,78,87,87,57,101,111,111,106,103,109,109,70,70,70,70,70,111,120,124,124,146,68,130,130,130,99,25],"gold":43,"neow_bonus":"HUNDRED_GOLD","is_prod":false,"is_daily":false,"chose_seed":false,"campfire_upgraded":5,"win_rate":0,"timestamp":1562362198,"path_taken":["M","M","M","$","M","E","R","M","T","?","E","R","?","?","R","BOSS","M","M","?","M","?","R","E","M","T","R","M","$","?","E","R","BOSS","M","$","M","M","M","R","E","M","T","?","M","R","E","M","R","BOSS","BOSS","R","$","E","BOSS"],"build_version":"2019-07-01","purchased_purges":3,"victory":true,"max_hp_per_floor":[75,75,75,75,78,81,81,84,84,84,89,89,92,92,92,97,97,100,103,103,103,103,103,106,109,109,109,113,113,113,116,116,116,116,122,122,124,126,131,131,134,136,136,136,138,138,141,143,143,146,150,150,150,150,156,160],"card_choices":[{"not_picked":["Havoc","Perfected Strike"],"picked":"Armaments","floor":1.0},{"not_picked":["Rupture","Pommel Strike"],"picked":"Headbutt","floor":2.0},{"not_picked":["Iron Wave","Bloodletting"],"picked":"Feed","floor":3.0},{"not_picked":["Armaments","Heavy Blade"],"picked":"Clothesline","floor":5.0},{"not_picked":["Burning Pact","Fire Breathing"],"picked":"Spot Weakness","floor":6.0},{"not_picked":["Infernal Blade","Body Slam"],"picked":"Sword Boomerang","floor":8.0},{"not_picked":["Thunderclap","Flex","Body Slam"],"picked":"Singing Bowl","floor":11.0},{"not_picked":["Rage","Anger"],"picked":"Shockwave","floor":13.0},{"not_picked":["Demon Form","Feed","Immolate"],"picked":"Singing Bowl","floor":16.0},{"not_picked":["Thunderclap","Pummel"],"picked":"Spot Weakness","floor":18.0},{"not_picked":["Shrug It Off","Heavy Blade"],"picked":"Shockwave","floor":19.0},{"not_picked":["Warcry","Bloodletting"],"picked":"True Grit+1","floor":21.0},{"not_picked":["Searing Blow","Armaments"],"picked":"Feel No Pain","floor":24.0},{"not_picked":["Pummel+1","Flex"],"picked":"Clothesline","floor":25.0},{"not_picked":["Wild Strike","Headbutt"],"picked":"Disarm+1","floor":28.0},{"not_picked":["Sword Boomerang","Reckless Charge"],"picked":"Heavy Blade+1","floor":30.0},{"not_picked":["Thunderclap+1","True Grit"],"picked":"Limit Break","floor":31.0},{"not_picked":["Double Tap","Feed"],"picked":"Demon Form","floor":33.0},{"not_picked":["Spot Weakness","Metallicize","Pommel Strike"],"picked":"Singing Bowl","floor":35.0},{"not_picked":["True Grit","Pummel+1","Entrench"],"picked":"Singing Bowl","floor":37.0},{"not_picked":["Thunderclap","Headbutt+1","Flex"],"picked":"Singing Bowl","floor":38.0},{"not_picked":["Rampage","Spot Weakness","Armaments"],"picked":"Singing Bowl","floor":39.0},{"not_picked":["Carnage","Pummel"],"picked":"True Grit+1","floor":41.0},{"not_picked":["Anger","Flex","Second Wind"],"picked":"Singing Bowl","floor":42.0},{"not_picked":["Warcry","Body Slam","Twin Strike"],"picked":"Singing Bowl","floor":45.0},{"not_picked":["Sword Boomerang","Warcry"],"picked":"Bludgeon","floor":47.0},{"not_picked":["Warcry","Rupture+1","Reckless Charge"],"picked":"Singing Bowl","floor":48.0},{"not_picked":["Spot Weakness","Infernal Blade","Reckless Charge"],"picked":"Singing Bowl","floor":55.0}],"player_experience":877068,"relics_obtained":[{"floor":6.0,"key":"Girya"},{"floor":9.0,"key":"Thread and Needle"},{"floor":10.0,"key":"Singing Bowl"},{"floor":11.0,"key":"Gambling Chip"},{"floor":14.0,"key":"Calipers"},{"floor":24.0,"key":"Bag of Marbles"},{"floor":26.0,"key":"PreservedInsect"},{"floor":31.0,"key":"Pantograph"},{"floor":41.0,"key":"Nunchaku"},{"floor":44.0,"key":"Dodecahedron"},{"floor":47.0,"key":"Smiling Mask"},{"floor":55.0,"key":"Blue Candle"}],"event_choices":[{"damage_healed":0.0,"max_hp_gain":0.0,"max_hp_loss":0.0,"gold_gain":0.0,"event_name":"Wheel of Change","player_choice":"Relic","floor":10.0,"gold_loss":0.0,"damage_taken":0.0},{"damage_healed":0.0,"max_hp_gain":0.0,"max_hp_loss":0.0,"gold_gain":0.0,"event_name":"Ghosts","player_choice":"Ignored","floor":20.0,"gold_loss":0.0,"damage_taken":0.0},{"damage_healed":0.0,"max_hp_gain":0.0,"max_hp_loss":0.0,"gold_gain":0.0,"event_name":"WeMeetAgain","player_choice":"Paid Gold","floor":22.0,"gold_loss":90.0,"damage_taken":0.0,"relics_obtained":["Happy Flower"]}],"is_beta":false,"boss_relics":[{"not_picked":["Calling Bell","Tiny House"],"picked":"Snecko Eye"},{"not_picked":["Orrery","Empty Cage"],"picked":"Velvet Choker"}],"items_purged_floors":[29,36,54],"is_endless":false,"potions_floor_spawned":[5,6,25,28,30,38,41,42,45,48],"ascension_level":20}