{"gold_per_floor":[116,191,205,79,79,79,79,91,91,102,120,146,146,146],"floor_reached":14,"playtime":256,"items_purged":["Turbo"],"score":230,"play_id":"cfdb6f60-d18d-4820-9159-7db0a81af041","local_time":"20190525203720","is_ascension_mode":true,"campfire_choices":[{"data":"Zap","floor":6.0,"key":"SMITH"}],"neow_cost":"TEN_PERCENT_HP_LOSS","seed_source_timestamp":8106085863100,"circlet_count":0,"master_deck":["AscendersBane","Strike_B","Defend_B+1","Defend_B","Defend_B","Defend_B","Zap+1","Dualcast","Barrage+1","Darkness","Rebound","Ball Lightning","Leap","Beam Cell","Cold Snap","Seek","Cold Snap"],"special_seed":0,"relics":["Cracked Core","Pantograph","Ancient Tea Set"],"potions_floor_usage":[12,12],"damage_taken":[{"damage":0.0,"enemies":"Cultist","floor":1.0,"turns":4.0},{"damage":2.0,"enemies":"Jaw Worm","floor":3.0,"turns":3.0},{"damage":0.0,"enemies":"Small Slimes","floor":8.0,"turns":2.0},{"damage":16.0,"enemies":"Exordium Wildlife","floor":10.0,"turns":3.0},{"damage":0.0,"enemies":"2 Fungi Beasts","floor":11.0,"turns":2.0},{"damage":0,"enemies":"Gremlin Nob","floor":12,"turns":3},{"damage":18,"enemies":"3 Sentries","floor":14,"turns":4}],"seed_played":"7002449386326526163","potions_obtained":[{"floor":8.0,"key":"EntropicBrew"}],"is_trial":false,"path_per_floor":["M","?","M","$","?","R","?","M","T","M","M","E","?","E"],"character_chosen":"DEFECT","items_purchased":["Ball Lightning"],"campfire_rested":0,"item_purchase_floors":[4],"current_hp_per_floor":[64,53,51,51,32,32,32,32,32,16,16,16,16,0],"gold":146,"neow_bonus":"TRANSFORM_TWO_CARDS","is_prod":false,"is_daily":false,"chose_seed":false,"campfire_upgraded":1,"win_rate":0,"timestamp":1558813040,"path_taken":["M","?","M","$","?","R","?","?","T","M","M","E","?","E"],"build_version":"2019-01-23","purchased_purges":1,"victory":false,"max_hp_per_floor":[64,64,64,64,64,64,64,64,64,64,64,64,64,64],"card_choices":[{"not_picked":["Go for the Eyes","Chaos"],"picked":"Darkness","floor":1.0},{"not_picked":["Beam Cell","Leap"],"picked":"Rebound","floor":3.0},{"not_picked":["Conserve Battery","BootSequence"],"picked":"Leap","floor":8.0},{"not_picked":["Blizzard","Steam"],"picked":"Beam Cell","floor":10.0},{"not_picked":["Reprogram","Go for the Eyes"],"picked":"Cold Snap","floor":11.0},{"not_picked":["Coolheaded","Go for the Eyes"],"picked":"Seek","floor":12}],"player_experience":1400604,"relics_obtained":[{"floor":9.0,"key":"Pantograph"},{"floor":12,"key":"Ancient Tea Set"}],"event_choices":[{"damage_healed":0.0,"max_hp_gain":0.0,"max_hp_loss":0.0,"gold_gain":75.0,"event_name":"World of Goop","player_choice":"Gather Gold","floor":2.0,"gold_loss":0.0,"damage_taken":11.0},{"damage_healed":0.0,"max_hp_gain":0.0,"max_hp_loss":0.0,"gold_gain":0.0,"event_name":"Shining Light","player_choice":"Entered Light","floor":5.0,"gold_loss":0.0,"damage_taken":19.0,"cards_upgraded":["Defend_B","Barrage"]},{"damage_healed":0.0,"max_hp_gain":0.0,"max_hp_loss":0.0,"gold_gain":0.0,"event_name":"Liars Game","player_choice":"Ignored","floor":7.0,"gold_loss":0.0,"damage_taken":0.0},{"damage_healed":0,"gold_gain":0,"cards_transformed":["Strike_B"],"player_choice":"Transformed","damage_taken":0,"max_hp_gain":0,"max_hp_loss":0,"event_name":"Transmorgrifier","floor":13,"gold_loss":0,"cards_obtained":["Cold Snap"]}],"is_beta":false,"boss_relics":[],"items_purged_floors":[4],"is_endless":false,"potions_floor_spawned":[8],"killed_by":"3 Sentries","ascension_level":20}