{"gold_per_floor":[112,112,129,129,139,139,165,179,179,179],"floor_reached":10,"playtime":246,"items_purged":[],"score":136,"play_id":"7f51d291-11a4-4ffd-83e2-65e95543dd48","local_time":"20190708001011","is_ascension_mode":true,"campfire_choices":[{"data":"Corpse Explosion","floor":6,"key":"SMITH"}],"neow_cost":"PERCENT_DAMAGE","seed_source_timestamp":6176948115666627,"circlet_count":0,"master_deck":["AscendersBane","Strike_G","Strike_G","Strike_G","Strike_G","Defend_G","Defend_G","Defend_G","Defend_G","Defend_G","Survivor","Neutralize","Corpse Explosion+1","Backstab","Dagger Spray","Masterful Stab","Caltrops","Sucker Punch"],"special_seed":0,"relics":["Ring of the Snake","Paper Crane","Ice Cream"],"potions_floor_usage":[10],"damage_taken":[{"damage":1,"enemies":"2 Louse","floor":1,"turns":2},{"damage":0,"enemies":"Cultist","floor":3,"turns":3},{"damage":2,"enemies":"Jaw Worm","floor":5,"turns":4},{"damage":27,"enemies":"3 Sentries","floor":7,"turns":5},{"damage":0,"enemies":"Looter","floor":8,"turns":2},{"damage":28,"enemies":"Gremlin Nob","floor":10,"turns":3}],"seed_played":"-7561188686789972264","potions_obtained":[{"floor":1,"key":"Energy Potion"},{"floor":3,"key":"Regen Potion"}],"is_trial":false,"path_per_floor":["M","?","M","$","M","R","E","M","T","E"],"character_chosen":"THE_SILENT","items_purchased":[],"campfire_rested":0,"item_purchase_floors":[],"current_hp_per_floor":[43,43,43,43,41,41,14,14,14,0],"gold":179,"neow_bonus":"THREE_RARE_CARDS","is_prod":false,"is_daily":false,"chose_seed":false,"campfire_upgraded":1,"win_rate":0,"timestamp":1562559011,"path_taken":["M","?","M","$","?","R","E","M","T","E"],"build_version":"2019-07-05","purchased_purges":0,"victory":false,"max_hp_per_floor":[66,66,66,66,66,66,66,66,66,66],"card_choices":[{"not_picked":["Doppelganger","Adrenaline"],"picked":"Corpse Explosion","floor":0.0},{"not_picked":["Blur","Sucker Punch"],"picked":"Backstab","floor":1},{"not_picked":["Skewer","Flying Knee"],"picked":"Dagger Spray","floor":3},{"not_picked":["PiercingWail","Acrobatics"],"picked":"Masterful Stab","floor":5},{"not_picked":["Flechettes","Wraith Form v2"],"picked":"Caltrops","floor":7},{"not_picked":["Deadly Poison","Poisoned Stab"],"picked":"Sucker Punch","floor":8}],"player_experience":912538,"relics_obtained":[{"floor":7,"key":"Paper Crane"},{"floor":9,"key":"Ice Cream"}],"event_choices":[{"cards_removed":["Strike_G"],"damage_healed":0,"gold_gain":0,"player_choice":"Purged","damage_taken":0,"max_hp_gain":0,"max_hp_loss":0,"event_name":"Purifier","floor":2,"gold_loss":0}],"is_beta":false,"boss_relics":[],"items_purged_floors":[],"is_endless":false,"potions_floor_spawned":[1,3,7],"killed_by":"Gremlin Nob","ascension_level":20}