{"gold_per_floor":[111,122,122,122,140,170,170,199,248,248,263,263,276,286,286,363,363,263],"floor_reached":18,"playtime":701,"items_purged":[],"score":344,"play_id":"c2bb9400-c4ce-4cdd-afdf-eccb0663f7d4","local_time":"20190202164734","is_ascension_mode":true,"campfire_choices":[{"floor":7,"key":"REST"},{"floor":10,"key":"REST"},{"floor":12,"key":"REST"},{"floor":15,"key":"REST"}],"neow_cost":"NONE","seed_source_timestamp":157151100915691,"circlet_count":0,"master_deck":["AscendersBane","Strike_B","Strike_B","Strike_B","Strike_B","Defend_B","Defend_B","Defend_B","Defend_B","Zap","Dualcast","Compile Driver","Go for the Eyes","Regret","Glacier","Capacitor","Melter","Sunder","Ball Lightning","BootSequence","Core Surge"],"relics":["Cracked Core","Mummified Hand","Smiling Mask","Anchor","PreservedInsect","Eternal Feather"],"potions_floor_usage":[13],"damage_taken":[{"damage":4,"enemies":"2 Louse","floor":1,"turns":3},{"damage":9,"enemies":"Jaw Worm","floor":2,"turns":4},{"damage":1,"enemies":"Cultist","floor":5,"turns":3},{"damage":44,"enemies":"Gremlin Nob","floor":6,"turns":5},{"damage":26,"enemies":"3 Sentries","floor":8,"turns":11},{"damage":10,"enemies":"Red Slaver","floor":11,"turns":4},{"damage":7,"enemies":"Gremlin Gang","floor":13,"turns":4},{"damage":0,"enemies":"3 Louse","floor":14,"turns":2},{"damage":54,"enemies":"The Guardian","floor":16,"turns":15},{"damage":17,"enemies":"2 Thieves","floor":18,"turns":5}],"seed_played":"180758129999915017","potions_obtained":[{"floor":1,"key":"FearPotion"},{"floor":5,"key":"Energy Potion"}],"is_trial":false,"path_per_floor":["M","M","?","?","M","E","R","E","T","R","M","R","M","M","R","B",null,"M"],"character_chosen":"DEFECT","items_purchased":[],"campfire_rested":4,"item_purchase_floors":[],"current_hp_per_floor":[67,58,58,58,57,13,36,10,10,33,23,46,39,39,62,8,61,44],"gold":263,"neow_bonus":"TEN_PERCENT_HP_BONUS","is_prod":false,"is_daily":false,"chose_seed":false,"campfire_upgraded":0,"win_rate":0,"timestamp":1549126054,"path_taken":["M","M","?","?","M","E","R","E","T","R","M","R","M","M","R","BOSS","M"],"build_version":"2019-01-23","purchased_purges":0,"victory":false,"max_hp_per_floor":[78,78,78,78,78,78,78,78,78,78,78,78,78,78,78,78,78,78],"card_choices":[{"not_picked":["Fusion","Skim"],"picked":"Compile Driver","floor":1},{"not_picked":["Reinforced Body","Hologram"],"picked":"Go for the Eyes","floor":2},{"not_picked":["Stack","Rebound"],"picked":"Glacier","floor":5},{"not_picked":["Leap","Darkness"],"picked":"Capacitor","floor":6},{"not_picked":["Tempest","Coolheaded"],"picked":"Melter","floor":8},{"not_picked":["Streamline","Melter"],"picked":"Sunder","floor":11},{"not_picked":["Steam","Compile Driver"],"picked":"Ball Lightning","floor":13},{"not_picked":["Stack","Lockon"],"picked":"BootSequence","floor":14},{"not_picked":["Machine Learning","Fission"],"picked":"Core Surge","floor":16}],"player_experience":1180027,"relics_obtained":[{"floor":6,"key":"Smiling Mask"},{"floor":8,"key":"Anchor"},{"floor":9,"key":"PreservedInsect"}],"event_choices":[{"damage_healed":0,"gold_gain":0,"player_choice":"Ignored","damage_taken":0,"max_hp_gain":0,"max_hp_loss":0,"event_name":"Liars Game","floor":3,"gold_loss":0},{"damage_healed":0,"gold_gain":0,"player_choice":"Box","damage_taken":0,"relics_obtained":["Mummified Hand"],"max_hp_gain":0,"max_hp_loss":0,"event_name":"Big Fish","floor":4,"gold_loss":0,"cards_obtained":["Regret"]}],"is_beta":false,"boss_relics":[{"not_picked":["Astrolabe","Empty Cage"],"picked":"Eternal Feather"}],"items_purged_floors":[],"is_endless":false,"potions_floor_spawned":[1,5,8],"killed_by":"2 Thieves","ascension_level":20}