{"gold_per_floor":[115,115,134,150,150,150,167,167,167,192,10,37,57,73,73,151,151,164,180,198,147,161,161,161],"floor_reached":24,"playtime":828,"items_purged":[],"score":420,"play_id":"d60105bd-77bb-4a4a-8e0a-d853c3e44d85","local_time":"20190703001225","is_ascension_mode":true,"campfire_choices":[{"data":"Poisoned Stab","floor":6.0,"key":"SMITH"},{"floor":15,"key":"REST"},{"floor":23,"key":"REST"}],"neow_cost":"NONE","seed_source_timestamp":5744575023580974,"circlet_count":0,"master_deck":["AscendersBane","Strike_G","Strike_G","Strike_G","Strike_G","Strike_G","Defend_G","Defend_G","Defend_G","Defend_G","Defend_G","Survivor","Neutralize","Poisoned Stab+1","Flying Knee","Noxious Fumes+1","Dodge and Roll+1","Crippling Poison+1","The Bomb+1","Well Laid Plans+1","Dagger Spray","Escape Plan+1","Adrenaline+1","Sucker Punch","Flechettes","PiercingWail+1","Footwork+1"],"special_seed":0,"relics":["Ring of the Snake","NeowsBlessing","CultistMask","Toxic Egg 2","Pantograph","Frozen Egg 2","Mango","Philosopher\u0027s Stone"],"potions_floor_usage":[20,22],"damage_taken":[{"damage":0.0,"enemies":"Small Slimes","floor":1.0,"turns":1.0},{"damage":0.0,"enemies":"Cultist","floor":3.0,"turns":1.0},{"damage":0.0,"enemies":"Jaw Worm","floor":4.0,"turns":1.0},{"damage":25.0,"enemies":"Exordium Wildlife","floor":7.0,"turns":7.0},{"damage":21.0,"enemies":"3 Sentries","floor":10.0,"turns":8.0},{"damage":11.0,"enemies":"Lagavulin","floor":12.0,"turns":7.0},{"damage":12.0,"enemies":"Lots of Slimes","floor":13.0,"turns":3.0},{"damage":0,"enemies":"Large Slime","floor":14,"turns":5},{"damage":26,"enemies":"Slime Boss","floor":16,"turns":7},{"damage":20,"enemies":"3 Byrds","floor":18,"turns":3},{"damage":26,"enemies":"Spheric Guardian","floor":19,"turns":5},{"damage":2,"enemies":"Centurion and Healer","floor":20,"turns":3},{"damage":18,"enemies":"Cultist and Chosen","floor":22,"turns":4},{"damage":36,"enemies":"Gremlin Leader","floor":24,"turns":3}],"seed_played":"1552043869855616083","potions_obtained":[{"floor":1.0,"key":"Regen Potion"},{"floor":12.0,"key":"PowerPotion"},{"floor":13.0,"key":"EssenceOfSteel"},{"floor":14,"key":"GhostInAJar"}],"is_trial":false,"path_per_floor":["M","?","M","M","T","R","M","?","T","E","$","E","M","M","R","B",null,"M","M","M","$","M","R","E"],"character_chosen":"THE_SILENT","items_purchased":["The Bomb+1","PiercingWail+1"],"campfire_rested":2,"item_purchase_floors":[11,21],"current_hp_per_floor":[59,59,59,59,59,59,49,49,49,28,28,31,19,19,43,42,71,51,25,23,23,5,29,0],"gold":161,"neow_bonus":"THREE_ENEMY_KILL","is_prod":false,"is_daily":false,"chose_seed":false,"campfire_upgraded":1,"win_rate":0,"timestamp":1562127145,"path_taken":["M","?","?","M","?","R","M","?","T","E","?","E","?","M","R","BOSS","M","M","M","?","M","R","E"],"build_version":"2019-07-01","purchased_purges":0,"victory":false,"max_hp_per_floor":[66,66,66,66,66,66,66,66,66,66,66,80,80,80,80,80,80,80,80,80,80,80,80,80],"card_choices":[{"not_picked":["Outmaneuver","Prepared"],"picked":"Poisoned Stab","floor":1.0},{"not_picked":["Prepared","Concentrate"],"picked":"Flying Knee","floor":3.0},{"not_picked":["Bane","Crippling Poison"],"picked":"Noxious Fumes","floor":4.0},{"not_picked":["Deflect+1","Concentrate+1"],"picked":"Dodge and Roll+1","floor":7.0},{"not_picked":["Doppelganger+1","Backflip+1"],"picked":"Crippling Poison+1","floor":10.0},{"not_picked":["Acrobatics+1","Outmaneuver+1"],"picked":"Well Laid Plans+1","floor":12.0},{"not_picked":["Backflip+1","All Out Attack"],"picked":"Dagger Spray","floor":13.0},{"not_picked":["Eviscerate","Dagger Throw"],"picked":"Escape Plan+1","floor":14},{"not_picked":["Night Terror+1","Envenom+1"],"picked":"Adrenaline+1","floor":16},{"not_picked":["Underhanded Strike","Well Laid Plans+1"],"picked":"Sucker Punch","floor":18},{"not_picked":["Bane","Poisoned Stab"],"picked":"Flechettes","floor":19},{"not_picked":["Eviscerate","Underhanded Strike","Bane"],"picked":"SKIP","floor":20},{"not_picked":["Acrobatics+1","Deflect+1"],"picked":"Footwork+1","floor":22}],"player_experience":844367,"relics_obtained":[{"floor":5.0,"key":"Toxic Egg 2"},{"floor":9.0,"key":"Pantograph"},{"floor":10.0,"key":"Frozen Egg 2"},{"floor":12.0,"key":"Mango"}],"event_choices":[{"damage_healed":0.0,"max_hp_gain":0.0,"max_hp_loss":0.0,"gold_gain":0.0,"event_name":"FaceTrader","player_choice":"Trade","floor":2.0,"gold_loss":0.0,"damage_taken":0.0,"relics_obtained":["CultistMask"]},{"damage_healed":0.0,"max_hp_gain":0.0,"max_hp_loss":0.0,"gold_gain":0.0,"event_name":"Living Wall","player_choice":"Grow","floor":8.0,"gold_loss":0.0,"damage_taken":0.0,"cards_upgraded":["Noxious Fumes"]}],"is_beta":false,"boss_relics":[{"not_picked":["WristBlade","Pandora\u0027s Box"],"picked":"Philosopher\u0027s Stone"}],"items_purged_floors":[],"is_endless":false,"potions_floor_spawned":[1,12,13,14,16,18,19],"killed_by":"Gremlin Leader","ascension_level":20}