{"gold_per_floor":[109,109,128,28,40,68,68,101,101,101,122,147,147,166,166,240,240,253,271,5,5,18,18,48,65,65,85,85,185,185,211,211,211],"floor_reached":33,"playtime":1152,"items_purged":[],"score":586,"play_id":"1619fe79-4394-45ee-a23f-6ab98be50c18","local_time":"20190630134906","is_ascension_mode":true,"campfire_choices":[{"floor":7.0,"key":"REST"},{"floor":10.0,"key":"REST"},{"data":"Body Slam","floor":13.0,"key":"SMITH"},{"data":"Pommel Strike","floor":15.0,"key":"SMITH"},{"floor":23.0,"key":"REST"},{"floor":28.0,"key":"REST"},{"floor":32.0,"key":"REST"}],"neow_cost":"NONE","seed_source_timestamp":10368737656700,"circlet_count":0,"master_deck":["AscendersBane","Strike_R","Strike_R","Strike_R","Strike_R","Strike_R","Defend_R","Defend_R","Defend_R","Defend_R","Bash+1","Pommel Strike+1","Iron Wave","Finesse","Body Slam+1","Body Slam+1","Spot Weakness","Whirlwind+1","Dropkick+1","Immolate+1","Twin Strike+1","Pommel Strike+1","Disarm","Whirlwind+1","Disarm","Shrug It Off","Necronomicurse"],"special_seed":0,"relics":["Burning Blood","Art of War","Molten Egg 2","The Courier","Blue Candle","Odd Mushroom","Centennial Puzzle","Black Star","Happy Flower","Regal Pillow","Oddly Smooth Stone","Anchor","Letter Opener","StoneCalendar","Bottled Lightning","Necronomicon","Darkstone Periapt","Gremlin Horn"],"potions_floor_usage":[],"damage_taken":[{"damage":24.0,"enemies":"Jaw Worm","floor":1.0,"turns":4.0},{"damage":1.0,"enemies":"Cultist","floor":3.0,"turns":3.0},{"damage":0.0,"enemies":"2 Louse","floor":5.0,"turns":3.0},{"damage":44.0,"enemies":"Gremlin Nob","floor":6.0,"turns":5.0},{"damage":43.0,"enemies":"3 Sentries","floor":8.0,"turns":12.0},{"damage":12.0,"enemies":"The Mushroom Lair","floor":11.0,"turns":4.0},{"damage":4.0,"enemies":"Looter","floor":14.0,"turns":2.0},{"damage":17.0,"enemies":"Hexaghost","floor":16.0,"turns":7.0},{"damage":19.0,"enemies":"Chosen","floor":18.0,"turns":4.0},{"damage":16.0,"enemies":"3 Byrds","floor":19.0,"turns":4.0},{"damage":18.0,"enemies":"Centurion and Healer","floor":22.0,"turns":4.0},{"damage":3.0,"enemies":"Gremlin Leader","floor":24.0,"turns":5.0},{"damage":17.0,"enemies":"Snake Plant","floor":25.0,"turns":4.0},{"damage":29.0,"enemies":"Cultist and Chosen","floor":27.0,"turns":7.0},{"damage":25.0,"enemies":"Colosseum Slavers","floor":29.0,"turns":3.0},{"damage":34.0,"enemies":"Colosseum Nobs","floor":29.0,"turns":5.0},{"damage":1.0,"enemies":"Book of Stabbing","floor":31.0,"turns":3.0},{"damage":69,"enemies":"Automaton","floor":33,"turns":6}],"seed_played":"8033543895508048320","potions_obtained":[{"floor":3.0,"key":"Block Potion"},{"floor":6.0,"key":"SpeedPotion"},{"floor":11.0,"key":"PowerPotion"},{"floor":16.0,"key":"Fire Potion"},{"floor":24.0,"key":"Fruit Juice"},{"floor":27.0,"key":"SpeedPotion"}],"is_trial":false,"path_per_floor":["M","?","M","$","M","E","R","E","T","R","?","T","R","M","R","B",null,"M","M","$","?","M","R","E","M","T","M","R","?","?","E","R","B"],"character_chosen":"IRONCLAD","items_purchased":["Finesse","Happy Flower","Regal Pillow"],"campfire_rested":5,"item_purchase_floors":[4,20,20],"current_hp_per_floor":[50,50,55,55,61,23,45,8,8,30,24,24,24,26,26,15,60,47,37,37,37,25,62,70,59,59,36,75,28,7,12,51,0],"gold":211,"neow_bonus":"RANDOM_COMMON_RELIC","is_prod":false,"is_daily":false,"chose_seed":false,"campfire_upgraded":2,"win_rate":0,"timestamp":1561898946,"path_taken":["M","?","M","?","M","E","R","E","T","R","?","?","R","?","R","BOSS","M","M","$","?","?","R","E","M","T","M","R","?","?","E","R","BOSS"],"build_version":"2019-01-23","purchased_purges":0,"victory":false,"max_hp_per_floor":[75,75,75,75,75,75,75,75,75,75,75,75,75,75,75,75,75,75,75,75,75,75,75,80,80,80,80,80,80,80,80,80,80],"card_choices":[{"not_picked":["Twin Strike","Rage"],"picked":"Pommel Strike","floor":1.0},{"not_picked":["Flex","Reckless Charge"],"picked":"Iron Wave","floor":3.0},{"not_picked":["Armaments","Havoc"],"picked":"Body Slam","floor":5.0},{"not_picked":["Havoc","Sword Boomerang"],"picked":"Body Slam","floor":6.0},{"not_picked":["Barricade","Warcry"],"picked":"Spot Weakness","floor":8.0},{"not_picked":["Dual Wield","Warcry"],"picked":"Whirlwind+1","floor":11.0},{"not_picked":["Thunderclap+1","Ghostly Armor"],"picked":"Dropkick+1","floor":14.0},{"not_picked":["Exhume","Double Tap"],"picked":"Immolate+1","floor":16.0},{"not_picked":["Shrug It Off","Havoc"],"picked":"Twin Strike+1","floor":18.0},{"not_picked":["Metallicize","Spot Weakness"],"picked":"Pommel Strike+1","floor":19.0},{"not_picked":["Anger+1","Dual Wield"],"picked":"Disarm","floor":22.0},{"not_picked":["Dual Wield","Iron Wave+1"],"picked":"Whirlwind+1","floor":24.0},{"not_picked":["Clash+1","Sword Boomerang+1","Fire Breathing"],"picked":"SKIP","floor":25.0},{"not_picked":["Wild Strike+1","Twin Strike+1"],"picked":"Disarm","floor":27.0},{"not_picked":["Sword Boomerang+1","Whirlwind+1"],"picked":"Shrug It Off","floor":29.0},{"not_picked":["Sentinel","Dual Wield","Rupture+1"],"picked":"SKIP","floor":31.0}],"player_experience":1500116,"relics_obtained":[{"floor":6.0,"key":"Molten Egg 2"},{"floor":8.0,"key":"The Courier"},{"floor":9.0,"key":"Blue Candle"},{"floor":11.0,"key":"Odd Mushroom"},{"floor":12.0,"key":"Centennial Puzzle"},{"floor":24.0,"key":"Oddly Smooth Stone"},{"floor":24.0,"key":"Anchor"},{"floor":26.0,"key":"Letter Opener"},{"floor":29.0,"key":"StoneCalendar"},{"floor":29.0,"key":"Bottled Lightning"},{"floor":30.0,"key":"Necronomicon"},{"floor":31.0,"key":"Darkstone Periapt"},{"floor":31.0,"key":"Gremlin Horn"}],"event_choices":[{"damage_healed":0.0,"max_hp_gain":0.0,"max_hp_loss":0.0,"gold_gain":0.0,"event_name":"Upgrade Shrine","player_choice":"Upgraded","floor":2.0,"gold_loss":0.0,"damage_taken":0.0,"cards_upgraded":["Bash"]},{"damage_healed":0.0,"max_hp_gain":0.0,"max_hp_loss":0.0,"gold_gain":0.0,"event_name":"Mushrooms","player_choice":"Fought Mushrooms","floor":11.0,"gold_loss":0.0,"damage_taken":0.0},{"damage_healed":0.0,"max_hp_gain":0.0,"max_hp_loss":0.0,"gold_gain":0.0,"event_name":"N\u0027loth","player_choice":"Ignored","floor":21.0,"gold_loss":0.0,"damage_taken":0.0},{"damage_healed":0.0,"max_hp_gain":0.0,"max_hp_loss":0.0,"gold_gain":0.0,"event_name":"Colosseum","player_choice":"Fight","floor":29.0,"gold_loss":0.0,"damage_taken":0.0},{"damage_healed":0.0,"max_hp_gain":0.0,"max_hp_loss":0.0,"gold_gain":0.0,"event_name":"Colosseum","player_choice":"Fought Nobs","floor":29.0,"gold_loss":0.0,"damage_taken":0.0},{"damage_healed":0.0,"max_hp_gain":0.0,"max_hp_loss":0.0,"gold_gain":0.0,"event_name":"Cursed Tome","player_choice":"Obtained Book","floor":30.0,"gold_loss":0.0,"damage_taken":21.0}],"is_beta":false,"boss_relics":[{"not_picked":["Astrolabe","Lizard Tail"],"picked":"Black Star"}],"items_purged_floors":[],"is_endless":false,"potions_floor_spawned":[3,6,11,16,24,27,29],"killed_by":"Automaton","ascension_level":20}