{"gold_per_floor":[114,15,15,15,15,15,40,40,40,40,67,101,101,1,1,96,96,112,112,124,124,140,140,167,167,194,224,241,241,259,276,276,375,375,389,389,402,258,358,358,358,249,320,40,40,40,57,69,69,69],"floor_reached":50,"playtime":1810,"items_purged":["Strike_R","Strike_R"],"score":555,"play_id":"5ca31bc3-04d7-46b5-b291-994d4f569af9","local_time":"20190121201533","is_ascension_mode":true,"campfire_choices":[{"floor":6,"key":"REST"},{"floor":8,"key":"REST"},{"floor":13,"key":"REST"},{"data":"Infernal Blade","floor":15,"key":"SMITH"},{"floor":23,"key":"REST"},{"floor":25,"key":"REST"},{"floor":32,"key":"REST"},{"floor":40,"key":"REST"},{"data":"RitualDagger","floor":41,"key":"SMITH"},{"data":"Bash","floor":45,"key":"SMITH"},{"floor":49,"key":"REST"}],"neow_cost":"NONE","seed_source_timestamp":1017175583647465,"circlet_count":0,"master_deck":["Bash+1","Finesse","Clothesline","Heavy Blade","Clash","Dropkick","Iron Wave","Infernal Blade+1","Fiend Fire","Second Wind+1","Cleave+1","RitualDagger+1","Pummel","Rage","Clumsy","Clash","Feel No Pain","Body Slam","Cleave+1","Juggernaut","Dark Embrace","Rage","Headbutt","Barricade","Pommel Strike","Heavy Blade+1","True Grit+1","Disarm","Armaments","Forethought","Writhe","True Grit","Pain","Thunderclap+1","Iron Wave+1"],"relics":["Burning Blood","Blue Candle","Charon\u0027s Ashes","Sundial","Odd Mushroom","Turnip","Cursed Key","Pen Nib","Bag of Marbles","Red Skull","Pandora\u0027s Box","Vajra","WingedGreaves","Bottled Lightning","Darkstone Periapt","WarpedTongs"],"potions_floor_usage":[12,12,27,33,33,48,50,50],"damage_taken":[{"damage":5,"enemies":"Jaw Worm","floor":1,"turns":3},{"damage":14,"enemies":"Gremlin Nob","floor":7,"turns":3},{"damage":31,"enemies":"The Mushroom Lair","floor":11,"turns":5},{"damage":8,"enemies":"Lagavulin","floor":12,"turns":3},{"damage":46,"enemies":"The Guardian","floor":16,"turns":8},{"damage":23,"enemies":"3 Byrds","floor":18,"turns":5},{"damage":17,"enemies":"2 Thieves","floor":20,"turns":4},{"damage":19,"enemies":"Snake Plant","floor":22,"turns":3},{"damage":54,"enemies":"Gremlin Leader","floor":24,"turns":7},{"damage":14,"enemies":"Slavers","floor":27,"turns":3},{"damage":0,"enemies":"Cultist and Chosen","floor":28,"turns":4},{"damage":25,"enemies":"Shelled Parasite and Fungi","floor":30,"turns":5},{"damage":0,"enemies":"3 Cultists","floor":31,"turns":3},{"damage":58,"enemies":"Champ","floor":33,"turns":12},{"damage":8,"enemies":"Orb Walker","floor":35,"turns":2},{"damage":1,"enemies":"3 Shapes","floor":37,"turns":3},{"damage":17,"enemies":"Mind Bloom Boss Battle","floor":39,"turns":5},{"damage":28,"enemies":"Jaw Worm Horde","floor":47,"turns":3},{"damage":27,"enemies":"Maw","floor":48,"turns":6},{"damage":75,"enemies":"Time Eater","floor":50,"turns":12}],"seed_played":"8213159934552500354","potions_obtained":[{"floor":7,"key":"SteroidPotion"},{"floor":11,"key":"SteroidPotion"},{"floor":16,"key":"Fire Potion"},{"floor":18,"key":"BloodPotion"},{"floor":27,"key":"LiquidBronze"},{"floor":28,"key":"SpeedPotion"},{"floor":33,"key":"Strength Potion"},{"floor":39,"key":"EssenceOfSteel"},{"floor":48,"key":"Fruit Juice"}],"is_trial":false,"path_per_floor":["M","$","?","?","?","R","E","R","T","$","?","E","R","$","R","B",null,"M","?","M","?","M","R","E","R","T","E","M","$","M","M","R","B",null,"M","?","M","$","?","R","R","$","T","$","R","?","M","M","R","B"],"character_chosen":"IRONCLAD","items_purchased":["Heavy Blade","Vajra","Armaments","Forethought","Darkstone Periapt","True Grit"],"campfire_rested":8,"item_purchase_floors":[2,38,42,42,44,44],"current_hp_per_floor":[80,80,80,47,47,71,63,80,80,80,55,53,77,77,77,37,80,63,80,69,63,50,74,26,50,50,50,56,56,37,43,67,15,80,78,78,80,80,69,80,80,80,80,80,80,86,64,48,75,0],"gold":69,"neow_bonus":"RANDOM_COLORLESS","is_prod":false,"is_daily":false,"chose_seed":false,"campfire_upgraded":3,"win_rate":0,"timestamp":1548130533,"path_taken":["M","$","?","?","?","R","E","R","T","$","?","E","R","?","R","BOSS","M","?","M","?","M","R","E","R","T","E","M","?","M","?","R","BOSS","M","?","M","$","?","R","R","$","T","$","R","?","M","M","R","BOSS"],"build_version":"2019-01-17v2","purchased_purges":2,"victory":false,"max_hp_per_floor":[80,80,80,80,80,80,80,80,80,80,80,80,80,80,80,80,80,80,80,80,80,80,80,80,80,80,80,80,80,80,80,80,80,80,80,80,80,80,80,80,80,80,80,80,80,86,86,91,91,91],"card_choices":[{"not_picked":["Headbutt","Thunderclap"],"picked":"Clothesline","floor":1},{"not_picked":["Bloodletting","Armaments"],"picked":"Dropkick","floor":7},{"not_picked":["Flame Barrier","Entrench"],"picked":"Iron Wave","floor":11},{"not_picked":["Cleave","Power Through"],"picked":"Infernal Blade","floor":12},{"not_picked":["Limit Break","Juggernaut"],"picked":"Fiend Fire","floor":16},{"not_picked":["Sword Boomerang","Thunderclap"],"picked":"Second Wind+1","floor":18},{"not_picked":["Twin Strike","Iron Wave"],"picked":"Cleave+1","floor":20},{"not_picked":["Perfected Strike","Pommel Strike"],"picked":"Pummel","floor":22},{"not_picked":["Clothesline","Thunderclap"],"picked":"Rage","floor":24},{"not_picked":["Perfected Strike","Headbutt"],"picked":"Clash","floor":27},{"not_picked":["Shockwave","Carnage"],"picked":"Feel No Pain","floor":28},{"not_picked":["Bludgeon","Perfected Strike"],"picked":"Body Slam","floor":30},{"not_picked":["Hemokinesis+1","Anger"],"picked":"Cleave+1","floor":31},{"not_picked":["Berserk","Offering"],"picked":"Juggernaut","floor":33},{"not_picked":["Anger+1","Body Slam"],"picked":"Heavy Blade+1","floor":35},{"not_picked":["Havoc+1","Intimidate+1"],"picked":"True Grit+1","floor":37},{"not_picked":["Clash+1","Evolve+1"],"picked":"Disarm","floor":39},{"not_picked":["Combust+1","Pummel"],"picked":"Thunderclap+1","floor":47},{"not_picked":["Anger+1","Bloodletting"],"picked":"Iron Wave+1","floor":48}],"player_experience":150413,"relics_obtained":[{"floor":7,"key":"Charon\u0027s Ashes"},{"floor":9,"key":"Sundial"},{"floor":11,"key":"Odd Mushroom"},{"floor":12,"key":"Turnip"},{"floor":24,"key":"Pen Nib"},{"floor":26,"key":"Bag of Marbles"},{"floor":27,"key":"Red Skull"},{"floor":39,"key":"WingedGreaves"},{"floor":43,"key":"Bottled Lightning"}],"event_choices":[{"damage_healed":0,"gold_gain":0,"player_choice":"Leave","damage_taken":0,"max_hp_gain":0,"max_hp_loss":0,"event_name":"The Cleric","floor":3,"gold_loss":0},{"damage_healed":0,"gold_gain":0,"player_choice":"Success","damage_taken":33,"relics_obtained":["Blue Candle"],"max_hp_gain":0,"max_hp_loss":0,"event_name":"Scrap Ooze","floor":4,"gold_loss":0},{"damage_healed":0,"gold_gain":0,"cards_transformed":["Defend_R"],"player_choice":"Change","damage_taken":0,"max_hp_gain":0,"max_hp_loss":0,"event_name":"Living Wall","floor":5,"gold_loss":0,"cards_obtained":["Clash"]},{"damage_healed":0,"gold_gain":0,"player_choice":"Fought Mushrooms","damage_taken":0,"max_hp_gain":0,"max_hp_loss":0,"event_name":"Mushrooms","floor":11,"gold_loss":0},{"damage_healed":26,"gold_gain":0,"player_choice":"Heal","damage_taken":0,"max_hp_gain":0,"max_hp_loss":0,"event_name":"The Library","floor":19,"gold_loss":0},{"damage_healed":0,"gold_gain":0,"player_choice":"Joined the Cult","damage_taken":6,"max_hp_gain":0,"max_hp_loss":0,"event_name":"Nest","floor":21,"gold_loss":0,"cards_obtained":["RitualDagger"]},{"cards_removed":["Brutality"],"damage_healed":0,"gold_gain":0,"player_choice":"Removed Power","damage_taken":0,"max_hp_gain":0,"max_hp_loss":0,"event_name":"Falling","floor":36,"gold_loss":0},{"damage_healed":0,"gold_gain":0,"player_choice":"Fight","damage_taken":0,"max_hp_gain":0,"max_hp_loss":0,"event_name":"MindBloom","floor":39,"gold_loss":0},{"damage_healed":0,"gold_gain":0,"player_choice":"Rummage","damage_taken":0,"relics_obtained":["WarpedTongs"],"max_hp_gain":0,"max_hp_loss":0,"event_name":"Accursed Blacksmith","floor":46,"gold_loss":0,"cards_obtained":["Pain"]}],"is_beta":false,"boss_relics":[{"not_picked":["Eternal Feather","Mark of Pain"],"picked":"Cursed Key"},{"not_picked":["Busted Crown","Lizard Tail"],"picked":"Pandora\u0027s Box"}],"items_purged_floors":[2,14],"is_endless":false,"potions_floor_spawned":[7,11,16,18,27,28,31,33,39,47,48],"killed_by":"Time Eater","ascension_level":2}