{"gold_per_floor":[117,76,91,107,126,126,137,169,194,214,214],"floor_reached":11,"playtime":437,"items_purged":[],"score":139,"play_id":"507bfacd-4798-42e5-a30a-498a65b3419a","local_time":"20180819214838","is_ascension_mode":true,"campfire_choices":[{"data":"Defragment","floor":6,"key":"SMITH"}],"neow_cost":"NONE","seed_source_timestamp":3719155935525110,"circlet_count":0,"master_deck":["Strike_B","Strike_B","Strike_B","Strike_B","Defend_B","Defend_B","Defend_B","Defend_B","Zap","Dualcast","AscendersBane","Hologram","Defragment+1","Loop","Loop","Glacier","Chill","Ball Lightning","Go for the Eyes"],"relics":["Cracked Core","Bottled Tornado","Ancient Tea Set"],"potions_floor_usage":[10],"damage_taken":[{"damage":0,"enemies":"Cultist","floor":1,"turns":4},{"damage":6,"enemies":"2 Louse","floor":3,"turns":3},{"damage":5,"enemies":"Small Slimes","floor":4,"turns":3},{"damage":13,"enemies":"Exordium Wildlife","floor":5,"turns":9},{"damage":16,"enemies":"3 Louse","floor":7,"turns":6},{"damage":7,"enemies":"Lagavulin","floor":8,"turns":10},{"damage":13,"enemies":"Blue Slaver","floor":10,"turns":4},{"damage":6,"enemies":"2 Fungi Beasts","floor":11,"turns":1}],"seed_played":"-6231851941420832361","potions_obtained":[{"floor":5,"key":"SkillPotion"},{"floor":10,"key":"FearPotion"}],"is_trial":false,"path_per_floor":["M","$","M","M","M","R","M","E","T","M"],"character_chosen":"DEFECT","items_purchased":["Loop"],"campfire_rested":0,"item_purchase_floors":[2],"current_hp_per_floor":[64,64,58,53,40,40,24,17,17,4,0],"gold":214,"neow_bonus":"THREE_CARDS","is_prod":false,"is_daily":false,"chose_seed":false,"campfire_upgraded":1,"win_rate":0,"timestamp":1534729718,"path_taken":["M","?","M","M","M","R","?","E","T","M","M"],"build_version":"2018-08-16","purchased_purges":0,"victory":false,"max_hp_per_floor":[71,71,71,71,71,71,71,71,71,71,71],"card_choices":[{"not_picked":["Barrage","Beam Cell"],"picked":"Hologram","floor":0},{"not_picked":["Streamline","FTL"],"picked":"Defragment","floor":1},{"not_picked":["Turbo","Gash"],"picked":"Loop","floor":3},{"not_picked":["Rip and Tear","Undo"],"picked":"Glacier","floor":4},{"not_picked":["Streamline","Redo","Heatsinks"],"picked":"SKIP","floor":5},{"not_picked":["Stack","Skim"],"picked":"Chill","floor":7},{"not_picked":["Rebound","Static Discharge"],"picked":"Ball Lightning","floor":8},{"not_picked":["Sweeping Beam","Buffer"],"picked":"Go for the Eyes","floor":10}],"player_experience":275952,"relics_obtained":[{"floor":8,"key":"Bottled Tornado"},{"floor":9,"key":"Ancient Tea Set"}],"event_choices":[],"is_beta":false,"boss_relics":[],"items_purged_floors":[],"is_endless":false,"potions_floor_spawned":[5,10],"killed_by":"2 Fungi Beasts","ascension_level":16}