{"gold_per_floor":[109,109,109,124,124,451,462,462],"floor_reached":8,"playtime":171,"items_purged":[],"score":162,"play_id":"69069cd4-9f88-44d4-aca2-cddcbf018e84","local_time":"20190422144149","is_ascension_mode":true,"campfire_choices":[],"neow_cost":"NONE","seed_source_timestamp":10542438165374126,"circlet_count":0,"master_deck":["AscendersBane","Defend_G","Defend_G","Defend_G","Defend_G","Defend_G","Strike_G","Strike_G","Strike_G","Strike_G","Strike_G","Survivor","Neutralize+1","Cloak And Dagger","Bouncing Flask"],"relics":["Ring of the Snake","NeowsBlessing","Question Card","Old Coin"],"potions_floor_usage":[8],"damage_taken":[{"damage":0,"enemies":"Small Slimes","floor":1,"turns":1},{"damage":0,"enemies":"Jaw Worm","floor":4,"turns":1},{"damage":0,"enemies":"Gremlin Nob","floor":6,"turns":1},{"damage":0,"enemies":"Cultist","floor":7,"turns":4},{"damage":43,"enemies":"3 Sentries","floor":8,"turns":8}],"seed_played":"6638117008491864357","potions_obtained":[{"floor":1,"key":"Explosive Potion"},{"floor":4,"key":"LiquidBronze"}],"is_trial":false,"path_per_floor":["M","?","?","M","?","E","M","E"],"character_chosen":"THE_SILENT","items_purchased":[],"campfire_rested":0,"item_purchase_floors":[],"current_hp_per_floor":[59,41,41,41,41,41,41,0],"gold":462,"neow_bonus":"THREE_ENEMY_KILL","is_prod":false,"is_daily":false,"chose_seed":false,"campfire_upgraded":0,"win_rate":0,"timestamp":1555958509,"path_taken":["M","?","?","M","?","E","M","E"],"build_version":"2019-01-23","purchased_purges":0,"victory":false,"max_hp_per_floor":[66,66,66,66,66,66,66,66],"card_choices":[{"not_picked":["Masterful Stab","Prepared"],"picked":"Cloak And Dagger","floor":1},{"not_picked":["Masterful Stab","Underhanded Strike","Blade Dance","Deflect"],"picked":"SKIP","floor":4},{"not_picked":["Prepared","Bane","Venomology","Backflip"],"picked":"SKIP","floor":6},{"not_picked":["Setup","Finisher","Prepared"],"picked":"Bouncing Flask","floor":7}],"player_experience":655142,"relics_obtained":[{"floor":6,"key":"Old Coin"}],"event_choices":[{"damage_healed":0,"gold_gain":0,"player_choice":"Success","damage_taken":18,"relics_obtained":["Question Card"],"max_hp_gain":0,"max_hp_loss":0,"event_name":"Scrap Ooze","floor":2,"gold_loss":0},{"damage_healed":0,"gold_gain":0,"player_choice":"Ignored","damage_taken":0,"max_hp_gain":0,"max_hp_loss":0,"event_name":"Liars Game","floor":3,"gold_loss":0},{"damage_healed":0,"gold_gain":0,"player_choice":"Grow","damage_taken":0,"max_hp_gain":0,"max_hp_loss":0,"event_name":"Living Wall","floor":5,"gold_loss":0,"cards_upgraded":["Neutralize"]}],"is_beta":false,"boss_relics":[],"items_purged_floors":[],"is_endless":false,"potions_floor_spawned":[1,4],"killed_by":"3 Sentries","ascension_level":20}