{"path_per_floor":["M","?","?","?","M","R","E","R","T","?","M","E","M","M","R","B",null,"M","M","?","$","?","R","M","E","T","M","?","M","$","M","R","B",null,"M","?","T","?","$","?","R","M","T","E","M","E","M","M","R","B"],"character_chosen":"IRONCLAD","items_purchased":["Shrug It Off","Strawberry","Metallicize","Pommel Strike"],"gold_per_floor":[116,76,41,41,61,61,93,93,93,93,103,133,149,166,166,263,263,283,297,297,20,20,20,34,62,114,133,133,153,19,34,34,131,131,144,144,144,244,74,0,0,17,67,101,112,137,153,168,168,168],"floor_reached":51,"campfire_rested":6,"playtime":1623,"current_hp_per_floor":[46,46,70,70,68,96,66,94,94,94,89,54,60,63,91,31,96,77,83,64,71,71,103,102,90,90,81,81,84,84,72,104,71,108,108,108,108,108,108,108,108,108,108,95,101,75,78,64,96,38],"items_purged":["Defend_R","Pain","Pain"],"gold":168,"score":688,"play_id":"a5ed82f5-ded6-4277-9f8e-6066692da8c7","is_prod":false,"is_daily":false,"is_ascension_mode":false,"campfire_upgraded":0,"path_taken":["M","?","?","?","M","R","E","R","T","?","M","E","M","M","R","BOSS","M","M","?","$","?","R","?","E","T","?","?","M","$","M","R","BOSS","M","?","?","?","?","?","R","?","T","E","?","E","M","?","R","BOSS"],"build_version":"2018-02-22-PROD1","purchased_purges":3,"victory":true,"master_deck":["Strike_R+1","Strike_R+1","Strike_R+1","Strike_R+1","Strike_R+1","Defend_R+1","Defend_R+1","Defend_R+1","Bash+1","Perfected Strike","Perfected Strike","Armaments+1","Rampage","Flex+1","Demon Form","Shrug It Off+1","Perfected Strike","Shrug It Off+1","Heavy Blade+1","Shockwave+1","Uppercut+1","Metallicize","Flex+1","Limit Break+1","Pommel Strike+1","Pommel Strike","Perfected Strike","Injury","Metallicize","Shockwave+1","Impervious+1","Pommel Strike+1"],"max_hp_per_floor":[96,96,96,96,96,96,96,96,96,96,96,96,96,96,96,96,96,96,96,101,108,108,108,108,108,108,108,108,108,108,108,108,108,108,108,108,108,108,108,108,108,108,108,108,108,108,108,108,108,108],"relics":["Burning Blood","Toxic Egg 2","Ice Cream","Dodecahedron","Cursed Key","Strawberry","Pen Nib","Whetstone","Mark of Pain","Shovel","Red Mask","Centennial Puzzle","Bag of Preparation","Mummified Hand","Ancient Tea Set"],"card_choices":[{"not_picked":["Pommel Strike","Warcry"],"picked":"Cleave"},{"not_picked":["Armaments","Reaper"],"picked":"Perfected Strike"},{"not_picked":["Corruption","Twin Strike"],"picked":"Perfected Strike"},{"not_picked":["Heavy Blade","Clothesline"],"picked":"Armaments"},{"not_picked":["Iron Wave","Evolve"],"picked":"Rampage"},{"not_picked":["Hemokinesis","True Grit"],"picked":"Flex"},{"not_picked":["Exhume","Fiend Fire"],"picked":"Demon Form"},{"not_picked":["True Grit","Clothesline"],"picked":"Shrug It Off"},{"not_picked":["Flex","Anger"],"picked":"Perfected Strike"},{"not_picked":["Immolate","Flex"],"picked":"Heavy Blade"},{"not_picked":["Cleave","Thunderclap"],"picked":"Shockwave"},{"not_picked":["Entrench","Clash"],"picked":"Uppercut"},{"not_picked":["Havoc","True Grit"],"picked":"Flex"},{"not_picked":["Brutality","Barricade"],"picked":"Limit Break"},{"not_picked":["Reckless Charge","Sword Boomerang"],"picked":"Pommel Strike"},{"not_picked":["Iron Wave","Uppercut"],"picked":"Perfected Strike"},{"not_picked":["Anger","Iron Wave"],"picked":"Metallicize"},{"not_picked":["Armaments","Sever Soul"],"picked":"Shockwave"},{"not_picked":["Headbutt","True Grit"],"picked":"Impervious"},{"not_picked":["Spot Weakness","Flex"],"picked":"Pommel Strike"}],"player_experience":89926,"potions_floor_usage":[25,25,33,33,33,50,50],"damage_taken":[{"damage":8,"enemies":"Small Slimes","floor":1,"turns":3},{"damage":8,"enemies":"Cultist","floor":5,"turns":3},{"damage":36,"enemies":"Gremlin Nob","floor":7,"turns":5},{"damage":11,"enemies":"Jaw Worm","floor":11,"turns":2},{"damage":41,"enemies":"Lagavulin","floor":12,"turns":6},{"damage":0,"enemies":"2 Fungi Beasts","floor":13,"turns":2},{"damage":3,"enemies":"Exordium Wildlife","floor":14,"turns":3},{"damage":66,"enemies":"The Guardian","floor":16,"turns":10},{"damage":25,"enemies":"2 Thieves","floor":18,"turns":4},{"damage":0,"enemies":"Spheric Guardian","floor":19,"turns":3},{"damage":7,"enemies":"Snecko","floor":24,"turns":3},{"damage":18,"enemies":"Slavers","floor":25,"turns":6},{"damage":15,"enemies":"Centurion and Healer","floor":27,"turns":4},{"damage":3,"enemies":"Snake Plant","floor":29,"turns":3},{"damage":18,"enemies":"Slaver and Parasite","floor":31,"turns":5},{"damage":39,"enemies":"Automaton","floor":33,"turns":8},{"damage":3,"enemies":"3 Darklings","floor":35,"turns":5},{"damage":0,"enemies":"Orb Walker","floor":42,"turns":3},{"damage":19,"enemies":"2 Orb Walkers","floor":44,"turns":5},{"damage":0,"enemies":"Sphere and 2 Shapes","floor":45,"turns":3},{"damage":32,"enemies":"Giant Head","floor":46,"turns":7},{"damage":3,"enemies":"3 Darklings","floor":47,"turns":3},{"damage":20,"enemies":"4 Shapes","floor":48,"turns":5},{"damage":64,"enemies":"Awakened One","floor":50,"turns":10}],"event_choices":[{"event_name":"The Woman in Blue","player_choice":"Bought 3 Potions","floor":2,"damage_taken":0},{"event_name":"The Cleric","player_choice":"Healed","floor":3,"damage_taken":0},{"event_name":"Wheel of Change","player_choice":"Curse","floor":4,"damage_taken":0},{"event_name":"Fountain of Cleansing","player_choice":"Removed Curse","floor":10,"damage_taken":0},{"event_name":"Forgotten Altar","player_choice":"Shed Blood","floor":20,"damage_taken":0},{"event_name":"Back to Basics","player_choice":"Simplicity","floor":22,"damage_taken":0},{"event_name":"The Lab","player_choice":"Got Potions","floor":28,"damage_taken":0},{"event_name":"Golden Shrine","player_choice":"Pray","floor":38,"damage_taken":0},{"event_name":"Tomb of Lord Red Mask","player_choice":"Paid","floor":40,"damage_taken":0}],"boss_relics":[{"not_picked":["Runic Cube","Eternal Feather"],"picked":"Cursed Key"},{"not_picked":["Black Blood","Runic Dome"],"picked":"Mark of Pain"}],"potions_floor_spawned":[12,13,14,18,25,29,44,45],"seed_played":"-4686557305783848284","ascension_level":0,"is_trial":false}