{"gold_per_floor":[109,259,259,259,279,279,279,308,359,416,416,430,430,443,443,520,520,537,537,462,442,461,461],"floor_reached":23,"playtime":479,"items_purged":[],"score":444,"play_id":"d7bd78dd-6e63-4f52-b457-9ecf0b3c82fa","local_time":"20190708101044","is_ascension_mode":true,"campfire_choices":[{"data":"Zap","floor":6,"key":"SMITH"},{"data":"Sunder","floor":11,"key":"SMITH"},{"data":"Ball Lightning","floor":15,"key":"SMITH"}],"neow_cost":"NONE","seed_source_timestamp":2105946676142099,"circlet_count":0,"master_deck":["AscendersBane","Strike_B","Strike_B","Strike_B","Strike_B","Defend_B","Defend_B","Defend_B","Defend_B","Zap+1","Dualcast","Coolheaded","Ball Lightning+1","Tempest","Sunder+1","Coolheaded","Leap","Creative AI","White Noise","Defragment"],"relics":["Cracked Core","NeowsBlessing","The Courier","Shuriken","Orichalcum","Tiny Chest","Mercury Hourglass","Philosopher\u0027s Stone"],"potions_floor_usage":[18],"damage_taken":[{"damage":0,"enemies":"2 Louse","floor":1,"turns":1},{"damage":0,"enemies":"Small Slimes","floor":5,"turns":1},{"damage":0,"enemies":"Lagavulin","floor":8,"turns":1},{"damage":29,"enemies":"3 Sentries","floor":10,"turns":8},{"damage":6,"enemies":"Jaw Worm","floor":12,"turns":2},{"damage":2,"enemies":"3 Louse","floor":14,"turns":2},{"damage":20,"enemies":"The Guardian","floor":16,"turns":12},{"damage":50,"enemies":"3 Byrds","floor":18,"turns":3},{"damage":0,"enemies":"Chosen","floor":22,"turns":3},{"damage":24,"enemies":"Book of Stabbing","floor":23,"turns":2}],"seed_played":"-3482820460279687805","potions_obtained":[{"floor":5,"key":"FairyPotion"},{"floor":12,"key":"Poison Potion"},{"floor":16,"key":"Fruit Juice"},{"floor":21,"key":"Strength Potion"}],"is_trial":false,"path_per_floor":["M","?","?","T","M","R","?","E","T","E","R","M","T","M","R","B",null,"M","?","?","?","M","E"],"character_chosen":"DEFECT","items_purchased":[],"campfire_rested":0,"item_purchase_floors":[],"current_hp_per_floor":[64,64,64,64,64,64,71,71,71,42,42,36,36,34,34,14,57,12,12,12,12,12,0],"gold":461,"neow_bonus":"THREE_ENEMY_KILL","is_prod":false,"is_daily":false,"chose_seed":false,"campfire_upgraded":3,"win_rate":0,"timestamp":1562605844,"path_taken":["M","?","?","?","M","R","?","E","T","E","R","M","?","M","R","BOSS","M","?","?","?","M","E"],"build_version":"2019-07-05","purchased_purges":0,"victory":false,"max_hp_per_floor":[71,71,71,71,71,71,71,71,71,71,71,71,71,71,71,71,71,76,76,73,73,73,73],"card_choices":[{"not_picked":["Rebound","Stack"],"picked":"Coolheaded","floor":1},{"not_picked":["Rebound","Turbo"],"picked":"Ball Lightning","floor":5},{"not_picked":["Steam","Compile Driver"],"picked":"Tempest","floor":8},{"not_picked":["Sweeping Beam","Reinforced Body"],"picked":"Sunder","floor":10},{"not_picked":["Go for the Eyes","Double Energy"],"picked":"Coolheaded","floor":12},{"not_picked":["Lockon","Rebound"],"picked":"Leap","floor":14},{"not_picked":["Seek","Hyperbeam"],"picked":"Creative AI","floor":16},{"not_picked":["Hologram+1","Rebound"],"picked":"White Noise","floor":18},{"not_picked":["Steam","Cold Snap"],"picked":"Defragment","floor":22}],"player_experience":1241718,"relics_obtained":[{"floor":4,"key":"The Courier"},{"floor":8,"key":"Shuriken"},{"floor":9,"key":"Orichalcum"},{"floor":10,"key":"Tiny Chest"},{"floor":13,"key":"Mercury Hourglass"}],"event_choices":[{"damage_healed":0,"gold_gain":150,"player_choice":"AGREE","damage_taken":0,"max_hp_gain":0,"max_hp_loss":0,"event_name":"Liars Game","floor":2,"gold_loss":0,"cards_obtained":["Doubt"]},{"cards_removed":["Doubt"],"damage_healed":0,"gold_gain":0,"player_choice":"Forget","damage_taken":0,"max_hp_gain":0,"max_hp_loss":0,"event_name":"Living Wall","floor":3,"gold_loss":0},{"damage_healed":17,"gold_gain":0,"player_choice":"Healed and dodged fight","damage_taken":0,"max_hp_gain":0,"max_hp_loss":0,"event_name":"Mushrooms","floor":7,"gold_loss":0,"cards_obtained":["Parasite"]},{"damage_healed":0,"gold_gain":0,"player_choice":"Ignored","damage_taken":0,"max_hp_gain":0,"max_hp_loss":0,"event_name":"Vampires","floor":19,"gold_loss":0},{"cards_removed":["Parasite"],"damage_healed":0,"gold_gain":0,"player_choice":"Gave Gold","damage_taken":0,"max_hp_gain":0,"max_hp_loss":0,"event_name":"Beggar","floor":20,"gold_loss":75},{"damage_healed":0,"gold_gain":0,"player_choice":"Bought 1 Potion","damage_taken":0,"max_hp_gain":0,"max_hp_loss":0,"event_name":"The Woman in Blue","floor":21,"gold_loss":0}],"is_beta":false,"boss_relics":[{"not_picked":["Sozu","Coffee Dripper"],"picked":"Philosopher\u0027s Stone"}],"items_purged_floors":[],"is_endless":false,"potions_floor_spawned":[5,12,16],"killed_by":"Book of Stabbing","ascension_level":20}