{"gold_per_floor":[113,113,113,123,140,140,197,117,141,141,154,15,25,25],"floor_reached":14,"playtime":385,"items_purged":[],"score":180,"play_id":"82c2498a-6c8b-4ce8-894f-102377f52ce9","local_time":"20190702235758","is_ascension_mode":true,"campfire_choices":[{"data":"Neutralize","floor":6,"key":"SMITH"}],"neow_cost":"NONE","seed_source_timestamp":5744173835540489,"circlet_count":0,"master_deck":["AscendersBane","Strike_G","Strike_G","Strike_G","Strike_G","Strike_G","Defend_G","Defend_G","Defend_G","Defend_G","Defend_G","Survivor","Neutralize+1","Blind+1","Dagger Spray","Flying Knee","Cloak And Dagger","Flechettes","Backstab","Slice"],"relics":["Ring of the Snake","Smiling Mask","Tiny Chest","Juzu Bracelet","Ornamental Fan","Matryoshka"],"potions_floor_usage":[7,7],"damage_taken":[{"damage":0,"enemies":"Jaw Worm","floor":1,"turns":5},{"damage":8,"enemies":"Small Slimes","floor":4,"turns":4},{"damage":0,"enemies":"Cultist","floor":5,"turns":4},{"damage":10,"enemies":"3 Sentries","floor":7,"turns":6},{"damage":5,"enemies":"Red Slaver","floor":11,"turns":5},{"damage":6,"enemies":"Exordium Wildlife","floor":13,"turns":7},{"damage":31,"enemies":"Lagavulin","floor":14,"turns":5}],"seed_played":"2259647624406708529","potions_obtained":[{"floor":1,"key":"SneckoOil"},{"floor":4,"key":"Poison Potion"},{"floor":5,"key":"Explosive Potion"}],"is_trial":false,"path_per_floor":["M","?","?","M","M","R","E","$","T","T","M","?","M","E"],"character_chosen":"THE_SILENT","items_purchased":["Flechettes"],"campfire_rested":0,"item_purchase_floors":[8],"current_hp_per_floor":[59,59,48,40,40,40,30,30,30,30,25,25,19,0],"gold":25,"neow_bonus":"RANDOM_COLORLESS","is_prod":false,"is_daily":false,"chose_seed":false,"campfire_upgraded":1,"win_rate":0,"timestamp":1562126278,"path_taken":["M","?","?","M","M","R","E","$","T","?","M","?","M","E"],"build_version":"2019-07-01","purchased_purges":0,"victory":false,"max_hp_per_floor":[66,66,66,66,66,66,66,66,66,66,66,66,66,66],"card_choices":[{"not_picked":["Poisoned Stab","Riddle With Holes"],"picked":"Dagger Spray","floor":1},{"not_picked":["All Out Attack","Dagger Throw"],"picked":"Flying Knee","floor":4},{"not_picked":["PiercingWail","Bane","Tactician"],"picked":"SKIP","floor":5},{"not_picked":["Catalyst","Underhanded Strike"],"picked":"Cloak And Dagger","floor":7},{"not_picked":["Backflip","Quick Slash"],"picked":"Backstab","floor":11},{"not_picked":["Catalyst","Underhanded Strike"],"picked":"Slice","floor":13}],"player_experience":843982,"relics_obtained":[{"floor":7,"key":"Tiny Chest"},{"floor":9,"key":"Juzu Bracelet"},{"floor":10,"key":"Ornamental Fan"}],"event_choices":[{"damage_healed":0,"gold_gain":0,"player_choice":"Grow","damage_taken":0,"max_hp_gain":0,"max_hp_loss":0,"event_name":"Living Wall","floor":2,"gold_loss":0,"cards_upgraded":["Blind"]},{"damage_healed":0,"gold_gain":0,"player_choice":"Success","damage_taken":11,"relics_obtained":["Smiling Mask"],"max_hp_gain":0,"max_hp_loss":0,"event_name":"Scrap Ooze","floor":3,"gold_loss":0},{"damage_healed":0,"gold_gain":0,"player_choice":"Paid Gold","damage_taken":0,"relics_obtained":["Matryoshka"],"max_hp_gain":0,"max_hp_loss":0,"event_name":"WeMeetAgain","floor":12,"gold_loss":139}],"is_beta":false,"boss_relics":[],"items_purged_floors":[],"is_endless":false,"potions_floor_spawned":[1,4,5],"killed_by":"Lagavulin","ascension_level":20}