{"gold_per_floor":[112,125,25,35,35,64,78,78,78,113,113,113,147,100,100,178,178,178,178,178,21,21,21,21,21,21,21,21,21,21,21,21,21,21,21,21,21,0,0,0,0,0,0,0,0,0,0,0,0,0,0],"floor_reached":52,"playtime":2039,"items_purged":["Strike_R","Strike_R"],"score":1946,"play_id":"456b3e5f-ae8e-4458-943c-ac2e7c066b69","local_time":"20190603224131","is_ascension_mode":true,"campfire_choices":[{"data":"Immolate","floor":8.0,"key":"SMITH"},{"data":"Fire Breathing","floor":12.0,"key":"SMITH"},{"floor":15.0,"key":"REST"},{"data":"Corruption","floor":23.0,"key":"SMITH"},{"data":"Barricade","floor":25.0,"key":"SMITH"},{"data":"Shockwave","floor":27.0,"key":"SMITH"},{"floor":32.0,"key":"REST"},{"data":"Enlightenment","floor":45.0,"key":"SMITH"},{"floor":49.0,"key":"REST"}],"neow_cost":"TEN_PERCENT_HP_LOSS","seed_source_timestamp":21304334755600,"circlet_count":0,"master_deck":["AscendersBane","Strike_R","Strike_R","Defend_R","Defend_R","Defend_R","Defend_R","Bash","Immolate+1","Iron Wave","Fire Breathing+1","Pommel Strike","Battle Trance","Double Tap","Shockwave+1","Metallicize","Metallicize","Barricade+1","Flame Barrier","Disarm","Corruption+1","Shrug It Off","Shrug It Off+1","Metallicize+1","Demon Form+1","Armaments+1","Impervious","Armaments+1","Apotheosis","Enlightenment+1","Body Slam+1","True Grit+1"],"special_seed":0,"relics":["Burning Blood","Bag of Marbles","Sundial","Turnip","Bottled Flame","Ectoplasm","Mango","Dodecahedron","Orichalcum","Frozen Egg 2","Red Skull","Sozu","Red Mask","Charon\u0027s Ashes","Du-Vu Doll","Smiling Mask","Oddly Smooth Stone"],"potions_floor_usage":[],"damage_taken":[{"damage":1.0,"enemies":"Cultist","floor":1.0,"turns":3.0},{"damage":4.0,"enemies":"Small Slimes","floor":2.0,"turns":3.0},{"damage":0.0,"enemies":"2 Louse","floor":4.0,"turns":1.0},{"damage":32.0,"enemies":"Gremlin Nob","floor":6.0,"turns":4.0},{"damage":1.0,"enemies":"Looter","floor":7.0,"turns":2.0},{"damage":2.0,"enemies":"3 Sentries","floor":10.0,"turns":2.0},{"damage":24.0,"enemies":"Lagavulin","floor":13.0,"turns":5.0},{"damage":37.0,"enemies":"The Guardian","floor":16.0,"turns":10.0},{"damage":7.0,"enemies":"Chosen","floor":18.0,"turns":5.0},{"damage":13.0,"enemies":"Colosseum Slavers","floor":19.0,"turns":3.0},{"damage":0.0,"enemies":"Colosseum Nobs","floor":19.0,"turns":2.0},{"damage":0.0,"enemies":"Spheric Guardian","floor":22.0,"turns":1.0},{"damage":12.0,"enemies":"Slavers","floor":24.0,"turns":5.0},{"damage":48.0,"enemies":"Gremlin Leader","floor":30.0,"turns":6.0},{"damage":0.0,"enemies":"Snake Plant","floor":31.0,"turns":2.0},{"damage":19.0,"enemies":"Champ","floor":33.0,"turns":8.0},{"damage":0.0,"enemies":"3 Darklings","floor":35.0,"turns":1.0},{"damage":0.0,"enemies":"3 Shapes","floor":36.0,"turns":1.0},{"damage":8.0,"enemies":"Jaw Worm Horde","floor":37.0,"turns":4.0},{"damage":7.0,"enemies":"Transient","floor":39.0,"turns":6.0},{"damage":24.0,"enemies":"Nemesis","floor":40.0,"turns":7.0},{"damage":5.0,"enemies":"Giant Head","floor":42.0,"turns":7.0},{"damage":0.0,"enemies":"Sphere and 2 Shapes","floor":44.0,"turns":3.0},{"damage":17.0,"enemies":"3 Darklings","floor":46.0,"turns":6.0},{"damage":0.0,"enemies":"Transient","floor":47.0,"turns":6.0},{"damage":51.0,"enemies":"Reptomancer","floor":48.0,"turns":6.0},{"damage":9.0,"enemies":"Time Eater","floor":50.0,"turns":13.0},{"damage":14,"enemies":"Donu and Deca","floor":51,"turns":9}],"seed_played":"-8939667447209925524","potions_obtained":[{"floor":4.0,"key":"GamblersBrew"},{"floor":13.0,"key":"SpeedPotion"},{"floor":19.0,"key":"EntropicBrew"},{"floor":24.0,"key":"Poison Potion"}],"is_trial":false,"path_per_floor":["M","M","$","M","$","E","M","R","T","E","?","R","E","?","R","B",null,"M","?","?","$","M","R","E","R","T","R","?","T","E","M","R","B",null,"M","M","M","?","M","E","?","E","T","M","R","M","M","E","R","B","B",null],"character_chosen":"IRONCLAD","items_purchased":["Pommel Strike","Shrug It Off"],"campfire_rested":3,"item_purchase_floors":[3,21],"current_hp_per_floor":[68,68,68,68,68,42,47,47,47,51,44,44,26,26,46,15,55,54,67,67,67,73,73,67,67,67,67,67,67,25,31,55,42,72,78,82,80,80,79,61,51,52,52,58,58,47,53,8,32,29,21],"gold":0,"neow_bonus":"THREE_RARE_CARDS","is_prod":false,"is_daily":false,"chose_seed":false,"campfire_upgraded":6,"win_rate":0,"timestamp":1559598091,"path_taken":["M","M","$","M","?","E","?","R","T","E","?","R","E","?","R","BOSS","M","?","?","?","M","R","E","R","T","R","?","?","E","M","R","BOSS","M","M","M","?","M","E","?","E","T","?","R","M","?","E","R","BOSS","BOSS"],"build_version":"2019-01-23","purchased_purges":2,"victory":true,"max_hp_per_floor":[68,68,68,68,68,68,68,68,68,68,68,68,68,68,68,68,68,68,82,82,82,82,82,82,82,82,82,82,82,82,82,82,82,82,82,82,82,82,82,82,82,82,82,82,82,82,82,82,82,82,82],"card_choices":[{"not_picked":["Limit Break","Dark Embrace"],"picked":"Immolate","floor":0.0},{"not_picked":["Havoc","Searing Blow"],"picked":"Iron Wave","floor":1.0},{"not_picked":["Clash","Iron Wave"],"picked":"Fire Breathing","floor":2.0},{"not_picked":["Body Slam","Sword Boomerang"],"picked":"Battle Trance","floor":4.0},{"not_picked":["Second Wind","Armaments"],"picked":"Double Tap","floor":6.0},{"not_picked":["Headbutt","Corruption"],"picked":"Shockwave","floor":7.0},{"not_picked":["Evolve","Headbutt"],"picked":"Metallicize","floor":10.0},{"not_picked":["Dual Wield","Power Through"],"picked":"Metallicize","floor":13.0},{"not_picked":["Berserk","Immolate"],"picked":"Barricade","floor":16.0},{"not_picked":["Heavy Blade","Clothesline"],"picked":"Flame Barrier","floor":18.0},{"not_picked":["Headbutt","Cleave"],"picked":"Disarm","floor":19.0},{"not_picked":["Twin Strike","Carnage"],"picked":"Shrug It Off+1","floor":22.0},{"not_picked":["Sword Boomerang","Clothesline"],"picked":"Metallicize+1","floor":24.0},{"not_picked":["Hemokinesis","Evolve+1"],"picked":"Demon Form+1","floor":30.0},{"not_picked":["Searing Blow","Iron Wave"],"picked":"Armaments+1","floor":31.0},{"not_picked":["Juggernaut+1","Berserk+1"],"picked":"Impervious","floor":33.0},{"not_picked":["Spot Weakness","Warcry","Havoc"],"picked":"SKIP","floor":35.0},{"not_picked":["Thunderclap","Burning Pact","Rupture+1"],"picked":"SKIP","floor":36.0},{"not_picked":["Bludgeon","Body Slam","Combust+1"],"picked":"SKIP","floor":37.0},{"not_picked":["Warcry","Headbutt"],"picked":"Armaments+1","floor":39.0},{"not_picked":["Rampage","Whirlwind","True Grit"],"picked":"SKIP","floor":40.0},{"not_picked":["Bandage Up","Blind"],"picked":"Apotheosis","floor":41.0},{"not_picked":["Madness","HandOfGreed"],"picked":"Enlightenment","floor":41.0},{"not_picked":["Perfected Strike","Shrug It Off"],"picked":"Body Slam+1","floor":42.0},{"not_picked":["Uppercut","Perfected Strike","Rupture+1"],"picked":"SKIP","floor":44.0},{"not_picked":["Flex","Clash","Iron Wave"],"picked":"SKIP","floor":46.0},{"not_picked":["Havoc","Blood for Blood"],"picked":"True Grit+1","floor":47.0},{"not_picked":["Pummel","Perfected Strike+1","Iron Wave"],"picked":"SKIP","floor":48.0}],"player_experience":1424284,"relics_obtained":[{"floor":6.0,"key":"Bag of Marbles"},{"floor":9.0,"key":"Sundial"},{"floor":10.0,"key":"Turnip"},{"floor":13.0,"key":"Bottled Flame"},{"floor":19.0,"key":"Mango"},{"floor":19.0,"key":"Dodecahedron"},{"floor":24.0,"key":"Orichalcum"},{"floor":29.0,"key":"Frozen Egg 2"},{"floor":30.0,"key":"Red Skull"},{"floor":40.0,"key":"Charon\u0027s Ashes"},{"floor":42.0,"key":"Du-Vu Doll"},{"floor":43.0,"key":"Smiling Mask"},{"floor":48.0,"key":"Oddly Smooth Stone"}],"event_choices":[{"cards_removed":["Strike_R"],"damage_healed":0.0,"max_hp_gain":0.0,"max_hp_loss":0.0,"gold_gain":0.0,"event_name":"Golden Wing","player_choice":"Card Removal","floor":11.0,"gold_loss":0.0,"damage_taken":7.0},{"damage_healed":0.0,"max_hp_gain":0.0,"max_hp_loss":0.0,"gold_gain":0.0,"event_name":"World of Goop","player_choice":"Left Gold","floor":14.0,"gold_loss":47.0,"damage_taken":0.0},{"damage_healed":0.0,"max_hp_gain":0.0,"max_hp_loss":0.0,"gold_gain":0.0,"event_name":"Colosseum","player_choice":"Fight","floor":19.0,"gold_loss":0.0,"damage_taken":0.0},{"damage_healed":0.0,"max_hp_gain":0.0,"max_hp_loss":0.0,"gold_gain":0.0,"event_name":"Colosseum","player_choice":"Fought Nobs","floor":19.0,"gold_loss":0.0,"damage_taken":0.0},{"damage_healed":0.0,"max_hp_gain":0.0,"max_hp_loss":0.0,"gold_gain":0.0,"event_name":"The Library","player_choice":"Read","floor":20.0,"gold_loss":0.0,"damage_taken":0.0,"cards_obtained":["Corruption"]},{"damage_healed":0.0,"max_hp_gain":0.0,"max_hp_loss":0.0,"gold_gain":0.0,"event_name":"Ghosts","player_choice":"Ignored","floor":28.0,"gold_loss":0.0,"damage_taken":0.0},{"damage_healed":0.0,"max_hp_gain":0.0,"max_hp_loss":0.0,"gold_gain":0.0,"event_name":"Tomb of Lord Red Mask","player_choice":"Paid","floor":38.0,"gold_loss":21.0,"damage_taken":0.0,"relics_obtained":["Red Mask"]},{"damage_healed":0.0,"max_hp_gain":0.0,"max_hp_loss":0.0,"gold_gain":0.0,"event_name":"SensoryStone","player_choice":"Memory 3","floor":41.0,"gold_loss":0.0,"damage_taken":10.0}],"is_beta":false,"boss_relics":[{"not_picked":["Velvet Choker","Tiny House"],"picked":"Ectoplasm"},{"not_picked":["Orrery","Mark of Pain"],"picked":"Sozu"}],"items_purged_floors":[3,21],"is_endless":false,"potions_floor_spawned":[4,13,19,24,33,35,37,40,47,48],"ascension_level":20}