{"gold_per_floor":[115,115,115,133,151,151,76,76,76,88,88,101,101,114,114,213,213,233,133,133,8,27,27,42,55,55,82,100,100,100,124,124,226,226,242,252,102,202,202,202,255,255,280,280,292,0,35,55,55,55],"floor_reached":50,"playtime":1397,"items_purged":["Regret","Strike_R","Defend_R","Strike_R"],"score":557,"play_id":"52a6199d-8494-4df5-8bf0-8ae92f4a8978","local_time":"20190204141549","is_ascension_mode":true,"campfire_choices":[{"data":"Searing Blow","floor":6,"key":"SMITH"},{"floor":11,"key":"REST"},{"data":"Searing Blow+1","floor":13,"key":"SMITH"},{"data":"Searing Blow+2","floor":15,"key":"SMITH"},{"data":"Searing Blow+3","floor":23,"key":"SMITH"},{"floor":32,"key":"REST"},{"data":"Searing Blow+4","floor":40,"key":"SMITH"},{"data":"Searing Blow+5","floor":42,"key":"SMITH"},{"data":"Searing Blow+6","floor":44,"key":"SMITH"},{"floor":49,"key":"REST"}],"neow_cost":"NONE","seed_source_timestamp":588443481639149,"circlet_count":0,"master_deck":["Strike_R","Strike_R+1","Defend_R+1","Defend_R","Bash","Twin Strike","Shrug It Off","Searing Blow+7","Inflame","Thunderclap","Cleave","Iron Wave+1","Double Tap","Shrug It Off"],"relics":["Burning Blood","Red Skull","Pen Nib","Champion Belt","Sozu","Calipers","Shuriken","Centennial Puzzle","Empty Cage","Nunchaku","Omamori","Bronze Scales","PreservedInsect","Red Mask","Frozen Egg 2"],"potions_floor_usage":[38,50],"damage_taken":[{"damage":0,"enemies":"Small Slimes","floor":1,"turns":5},{"damage":7,"enemies":"Jaw Worm","floor":4,"turns":5},{"damage":3,"enemies":"2 Louse","floor":5,"turns":2},{"damage":8,"enemies":"Exordium Thugs","floor":10,"turns":5},{"damage":2,"enemies":"Blue Slaver","floor":12,"turns":3},{"damage":9,"enemies":"Looter","floor":14,"turns":3},{"damage":14,"enemies":"Slime Boss","floor":16,"turns":9},{"damage":2,"enemies":"Shell Parasite","floor":18,"turns":3},{"damage":10,"enemies":"Spheric Guardian","floor":22,"turns":3},{"damage":0,"enemies":"Snake Plant","floor":24,"turns":3},{"damage":7,"enemies":"Cultist and Chosen","floor":25,"turns":4},{"damage":28,"enemies":"Gremlin Leader","floor":27,"turns":4},{"damage":20,"enemies":"Centurion and Healer","floor":28,"turns":4},{"damage":46,"enemies":"Collector","floor":33,"turns":7},{"damage":6,"enemies":"3 Shapes","floor":35,"turns":3},{"damage":7,"enemies":"3 Darklings","floor":36,"turns":3},{"damage":21,"enemies":"Mind Bloom Boss Battle","floor":38,"turns":4},{"damage":24,"enemies":"Transient","floor":45,"turns":5},{"damage":0,"enemies":"Reptomancer","floor":47,"turns":2},{"damage":13,"enemies":"Spire Growth","floor":48,"turns":3},{"damage":76,"enemies":"Awakened One","floor":50,"turns":6}],"seed_played":"-1496217460728965563","potions_obtained":[{"floor":14,"key":"Ancient Potion"},{"floor":16,"key":"Energy Potion"}],"is_trial":false,"path_per_floor":["M","?","?","M","M","R","$","?","T","M","R","M","R","M","R","B",null,"M","$","?","$","M","R","M","M","T","E","M","?","?","T","R","B",null,"M","M","$","?","T","R","T","R","T","R","M","?","E","M","R","B"],"character_chosen":"IRONCLAD","items_purchased":[],"campfire_rested":3,"item_purchase_floors":[],"current_hp_per_floor":[80,80,80,79,80,80,80,64,64,62,80,80,80,77,77,69,80,80,80,80,80,76,76,80,79,79,57,43,28,56,56,81,41,85,85,84,84,69,69,69,69,69,69,69,51,51,57,50,75,0],"gold":55,"neow_bonus":"RANDOM_COMMON_RELIC","is_prod":false,"is_daily":false,"chose_seed":false,"campfire_upgraded":7,"win_rate":0,"timestamp":1549318549,"path_taken":["M","?","?","M","M","R","$","?","T","M","R","M","R","M","R","BOSS","M","$","?","?","M","R","M","M","T","E","M","?","?","?","R","BOSS","M","M","$","?","?","R","?","R","T","R","M","?","E","M","R","BOSS"],"build_version":"2019-01-23","purchased_purges":4,"victory":false,"max_hp_per_floor":[80,80,80,80,80,80,80,80,80,80,80,80,80,80,80,80,80,80,80,80,80,80,80,80,80,80,80,80,85,85,85,85,85,85,85,85,85,85,85,85,85,85,85,85,85,85,85,85,85,85],"card_choices":[{"not_picked":["Anger","Armaments"],"picked":"Twin Strike","floor":1},{"not_picked":["Armaments","Iron Wave"],"picked":"Shrug It Off","floor":4},{"not_picked":["Body Slam","Pommel Strike"],"picked":"Searing Blow","floor":5},{"not_picked":["Clash","Havoc"],"picked":"Inflame","floor":10},{"not_picked":["Seeing Red","Wild Strike","Battle Trance"],"picked":"SKIP","floor":12},{"not_picked":["Clash","Wild Strike"],"picked":"Thunderclap","floor":14},{"not_picked":["Armaments","Body Slam"],"picked":"Cleave","floor":18},{"not_picked":["Twin Strike","Flex","Pommel Strike"],"picked":"SKIP","floor":22},{"not_picked":["Combust","Power Through","Perfected Strike"],"picked":"SKIP","floor":24},{"not_picked":["Sword Boomerang","Headbutt+1"],"picked":"Iron Wave+1","floor":25},{"not_picked":["Flex+1","Whirlwind"],"picked":"Double Tap","floor":27},{"not_picked":["Havoc+1","Wild Strike"],"picked":"Shrug It Off","floor":28},{"not_picked":["Spot Weakness","Shrug It Off","Dropkick"],"picked":"SKIP","floor":35},{"not_picked":["Twin Strike","Headbutt","Disarm+1"],"picked":"SKIP","floor":36},{"not_picked":["True Grit","Twin Strike","Corruption+1"],"picked":"SKIP","floor":45},{"not_picked":["Berserk","Dropkick+1","Clothesline+1"],"picked":"SKIP","floor":47},{"not_picked":["Iron Wave+1","Warcry","Cleave+1"],"picked":"SKIP","floor":48}],"player_experience":190539,"relics_obtained":[{"floor":9,"key":"Champion Belt"},{"floor":26,"key":"Calipers"},{"floor":27,"key":"Shuriken"},{"floor":31,"key":"Centennial Puzzle"},{"floor":38,"key":"Nunchaku"},{"floor":39,"key":"Omamori"},{"floor":41,"key":"Bronze Scales"},{"floor":43,"key":"PreservedInsect"},{"floor":47,"key":"Frozen Egg 2"}],"event_choices":[{"damage_healed":0,"gold_gain":0,"player_choice":"Ignored","damage_taken":0,"max_hp_gain":0,"max_hp_loss":0,"event_name":"Liars Game","floor":2,"gold_loss":0},{"damage_healed":0,"gold_gain":0,"player_choice":"Box","damage_taken":0,"relics_obtained":["Pen Nib"],"max_hp_gain":0,"max_hp_loss":0,"event_name":"Big Fish","floor":3,"gold_loss":0,"cards_obtained":["Regret"]},{"damage_healed":0,"gold_gain":0,"player_choice":"Entered Light","damage_taken":16,"max_hp_gain":0,"max_hp_loss":0,"event_name":"Shining Light","floor":8,"gold_loss":0,"cards_upgraded":["Strike_R","Defend_R"]},{"damage_healed":0,"gold_gain":0,"player_choice":"Full Heal","damage_taken":0,"max_hp_gain":0,"max_hp_loss":0,"event_name":"Wheel of Change","floor":20,"gold_loss":0},{"damage_healed":0,"gold_gain":0,"player_choice":"Shed Blood","damage_taken":20,"max_hp_gain":5,"max_hp_loss":0,"event_name":"Forgotten Altar","floor":29,"gold_loss":0},{"damage_healed":28,"gold_gain":0,"player_choice":"Heal","damage_taken":0,"max_hp_gain":0,"max_hp_loss":0,"event_name":"The Library","floor":30,"gold_loss":0},{"damage_healed":0,"gold_gain":0,"player_choice":"Fight","damage_taken":0,"max_hp_gain":0,"max_hp_loss":0,"event_name":"MindBloom","floor":38,"gold_loss":0},{"damage_healed":0,"gold_gain":0,"player_choice":"Paid","damage_taken":0,"relics_obtained":["Red Mask"],"max_hp_gain":0,"max_hp_loss":0,"event_name":"Tomb of Lord Red Mask","floor":46,"gold_loss":292}],"is_beta":false,"boss_relics":[{"not_picked":["Orrery","White Beast Statue"],"picked":"Sozu"},{"not_picked":["Pandora\u0027s Box","Busted Crown"],"picked":"Empty Cage"}],"items_purged_floors":[7,19,21,37],"is_endless":false,"potions_floor_spawned":[14,16,18,28,33,48],"killed_by":"Awakened One","ascension_level":1}