{"gold_per_floor":[114,114,40,40,40,40,70,85,85,115,130,145,175,190,190,290,290,305,5,5,15,30,30,360,360,360,420,435,435],"floor_reached":29,"playtime":1090,"items_purged":[],"score":408,"play_id":"f5dbfdf6-f7e2-4fa7-a19e-39f78c85bd23","local_time":"20190215092935","daily_mods":["Insanity","Green Cards","Elite Swarm"],"is_ascension_mode":false,"campfire_choices":[{"floor":6,"key":"REST"},{"floor":15,"key":"REST"},{"floor":23,"key":"REST"},{"floor":25,"key":"REST"}],"neow_cost":"","seed_source_timestamp":114620240370930,"circlet_count":0,"master_deck":["Ball Lightning","Poisoned Stab","Go for the Eyes","Sucker Punch","Loop","White Noise","Barrage","Sucker Punch","Cold Snap","Dodge and Roll","Redo","Gash","Fusion","Acrobatics","Dagger Spray","Redo","Dagger Throw","Calculated Gamble","BootSequence","Beam Cell","Hello World","Acrobatics","Deadly Poison","Backflip","Doom and Gloom","Gash","Rebound","Turbo","Fusion","Rip and Tear","Consume","Prepared","Stack","Turbo","Rebound","Cloak And Dagger","Melter","Gash","Rebound","Loop","Dodge and Roll","Go for the Eyes","Blade Dance","Cloak And Dagger","Stack","Hologram","Go for the Eyes","Prepared","Gash","Backflip","Terror","Loop","Glacier","Buffer","Buffer","Blade Dance","Hello World","Electrodynamics","Consume","Bullet Time","Skewer+1","Storm","Consume+1","Amplify","After Image","Quick Slash+1"],"special_seed":17942,"relics":["Cracked Core","Bag of Preparation","Matryoshka","Blood Vial","Bottled Lightning","Lantern","Pocketwatch","Inserter","Ice Cream","Old Coin","Sundial","Letter Opener","Tiny Chest"],"potions_floor_usage":[27],"damage_taken":[{"damage":1,"enemies":"Jaw Worm","floor":1,"turns":2},{"damage":14,"enemies":"Lagavulin","floor":7,"turns":5},{"damage":0,"enemies":"2 Louse","floor":8,"turns":2},{"damage":14,"enemies":"3 Sentries","floor":10,"turns":8},{"damage":4,"enemies":"Cultist","floor":11,"turns":3},{"damage":1,"enemies":"Blue Slaver","floor":12,"turns":4},{"damage":8,"enemies":"Gremlin Nob","floor":13,"turns":3},{"damage":0,"enemies":"Gremlin Gang","floor":14,"turns":1},{"damage":0,"enemies":"Slime Boss","floor":16,"turns":6},{"damage":18,"enemies":"3 Byrds","floor":18,"turns":4},{"damage":0,"enemies":"2 Thieves","floor":21,"turns":4},{"damage":6,"enemies":"Centurion and Healer","floor":22,"turns":6},{"damage":73,"enemies":"Slavers","floor":24,"turns":6},{"damage":37,"enemies":"Book of Stabbing","floor":27,"turns":5},{"damage":9,"enemies":"Cultist and Chosen","floor":28,"turns":5},{"damage":6,"enemies":"Gremlin Leader","floor":29,"turns":2}],"seed_played":"344696707600403155","potions_obtained":[{"floor":8,"key":"Regen Potion"},{"floor":11,"key":"GamblersBrew"},{"floor":13,"key":"SmokeBomb"},{"floor":20,"key":"SpeedPotion"},{"floor":27,"key":"FocusPotion"}],"is_trial":false,"path_per_floor":["M","?","$","?","?","R","E","M","T","E","M","M","E","M","R","B",null,"M","$","?","M","M","R","E","R","T","E","M","E"],"character_chosen":"DEFECT","items_purchased":["Loop","Ice Cream"],"campfire_rested":4,"item_purchase_floors":[3,19],"current_hp_per_floor":[74,79,79,67,67,80,66,66,66,54,52,53,47,49,73,75,80,62,62,62,64,60,80,7,31,31,10,3,0],"gold":435,"neow_bonus":"","is_prod":false,"is_daily":true,"chose_seed":false,"campfire_upgraded":0,"win_rate":0,"timestamp":1550251775,"path_taken":["M","?","$","?","?","R","E","?","T","E","M","M","E","M","R","BOSS","M","$","?","M","M","R","E","R","T","E","M","E"],"build_version":"2019-01-23","purchased_purges":0,"victory":false,"max_hp_per_floor":[75,80,80,80,80,80,80,80,80,80,80,80,80,80,80,80,80,80,80,80,80,80,80,80,80,80,80,80,80],"card_choices":[{"not_picked":["Steam","Calculated Gamble"],"picked":"Terror","floor":1},{"not_picked":["Doppelganger","Tools of the Trade"],"picked":"Buffer","floor":7},{"not_picked":["Dagger Spray","Dagger Throw","Quick Slash"],"picked":"SKIP","floor":8},{"not_picked":["Phantasmal Killer","Wraith Form v2"],"picked":"Buffer","floor":10},{"not_picked":["Sucker Punch","Quick Slash"],"picked":"Blade Dance","floor":11},{"not_picked":["Hologram","Steam Power"],"picked":"Hello World","floor":12},{"not_picked":["Hyperbeam","Unload"],"picked":"Electrodynamics","floor":13},{"not_picked":["Dagger Spray","Bane"],"picked":"Consume","floor":14},{"not_picked":["After Image","Envenom"],"picked":"Bullet Time","floor":16},{"not_picked":["Streamline+1","Prepared+1"],"picked":"Skewer+1","floor":18},{"not_picked":["Steam","Gash"],"picked":"Storm","floor":21},{"not_picked":["Sucker Punch","Concentrate"],"picked":"Consume+1","floor":22},{"not_picked":["Burst","Fission"],"picked":"Amplify","floor":24},{"not_picked":["Seek","Glass Knife"],"picked":"After Image","floor":27},{"not_picked":["Prepared","Flying Knee"],"picked":"Quick Slash+1","floor":28}],"player_experience":210378,"relics_obtained":[{"floor":7,"key":"Matryoshka"},{"floor":9,"key":"Blood Vial"},{"floor":9,"key":"Bottled Lightning"},{"floor":10,"key":"Lantern"},{"floor":13,"key":"Pocketwatch"},{"floor":24,"key":"Old Coin"},{"floor":26,"key":"Sundial"},{"floor":26,"key":"Letter Opener"},{"floor":27,"key":"Tiny Chest"}],"event_choices":[{"damage_healed":0,"gold_gain":0,"player_choice":"Donut","damage_taken":0,"max_hp_gain":5,"max_hp_loss":0,"event_name":"Big Fish","floor":2,"gold_loss":0},{"damage_healed":0,"gold_gain":0,"player_choice":"Success","damage_taken":12,"relics_obtained":["Bag of Preparation"],"max_hp_gain":0,"max_hp_loss":0,"event_name":"Scrap Ooze","floor":4,"gold_loss":0},{"damage_healed":0,"gold_gain":0,"player_choice":"1 cards matched","damage_taken":0,"max_hp_gain":0,"max_hp_loss":0,"event_name":"Match and Keep!","floor":5,"gold_loss":0,"cards_obtained":["Glacier"]},{"damage_healed":0,"gold_gain":0,"player_choice":"Got Potions","damage_taken":0,"max_hp_gain":0,"max_hp_loss":0,"event_name":"Lab","floor":20,"gold_loss":0}],"is_beta":false,"boss_relics":[{"not_picked":["Runic Pyramid","Velvet Choker"],"picked":"Inserter"}],"items_purged_floors":[],"is_endless":false,"potions_floor_spawned":[8,11,13,14,24,27,28],"killed_by":"Gremlin Leader","ascension_level":0}