{"gold_per_floor":[117,117,117,117,130,166,95,95,95,131,131,152,152,186,186,311,311,311,311,58,58,58,58,58,58,58,58,58,58,58,58,58,58,58,58,58,58,58,58,58,58,58,58,58,58,58,58,58,58,58],"floor_reached":51,"playtime":2196,"items_purged":[],"score":939,"play_id":"51a2c1e7-ff58-4725-a9ce-31b7ae2e1ac7","local_time":"20180809222222","is_ascension_mode":true,"campfire_choices":[{"data":"Neutralize","floor":8.0,"key":"SMITH"},{"floor":11.0,"key":"REST"},{"data":"Crippling Poison","floor":13.0,"key":"SMITH"},{"data":"Caltrops","floor":15.0,"key":"SMITH"},{"data":"After Image","floor":23.0,"key":"SMITH"},{"floor":27.0,"key":"REST"},{"floor":32.0,"key":"REST"},{"floor":40.0,"key":"REST"},{"data":"Cloak And Dagger","floor":45.0,"key":"SMITH"},{"floor":49,"key":"REST"}],"neow_cost":"NONE","seed_source_timestamp":2855512725945685,"circlet_count":0,"master_deck":["Defend_G+1","Defend_G+1","Defend_G+1","Defend_G+1","Defend_G+1","Strike_G+1","Strike_G+1","Strike_G+1","Strike_G+1","Strike_G+1","Survivor","Neutralize+1","Dagger Spray+1","Crippling Poison+1","Quick Slash","Caltrops+1","After Image+1","Riddle With Holes","After Image","Well Laid Plans","PiercingWail","Cloak And Dagger+1","Quick Slash+1","Prepared","Burst","Noxious Fumes","Infinite Blades","Neutralize","Backflip+1","Cloak And Dagger+1","Heel Hook+1","Blade Dance","Deadly Poison+1","After Image+1"],"special_seed":0,"relics":["Ring of the Snake","NeowsBlessing","Bronze Scales","Golden Idol","Gambling Chip","Ornamental Fan","Bag of Marbles","Art of War","Ectoplasm","Kunai","Whetstone","Strawberry","Sozu","Frozen Egg 2","Ninja Scroll"],"potions_floor_usage":[],"damage_taken":[{"damage":0.0,"enemies":"Small Slimes","floor":1.0,"turns":1.0},{"damage":0.0,"enemies":"Jaw Worm","floor":5.0,"turns":1.0},{"damage":0.0,"enemies":"Gremlin Nob","floor":6.0,"turns":1.0},{"damage":31.0,"enemies":"Lagavulin","floor":10.0,"turns":9.0},{"damage":0.0,"enemies":"Cultist","floor":12.0,"turns":4.0},{"damage":12.0,"enemies":"Gremlin Nob","floor":14.0,"turns":4.0},{"damage":14.0,"enemies":"The Guardian","floor":16.0,"turns":11.0},{"damage":0.0,"enemies":"3 Byrds","floor":18.0,"turns":3.0},{"damage":2.0,"enemies":"Shell Parasite","floor":22.0,"turns":5.0},{"damage":34.0,"enemies":"Gremlin Leader","floor":25.0,"turns":8.0},{"damage":9.0,"enemies":"Snake Plant","floor":29.0,"turns":4.0},{"damage":5.0,"enemies":"3 Cultists","floor":30.0,"turns":4.0},{"damage":30.0,"enemies":"Champ","floor":33.0,"turns":17.0},{"damage":6.0,"enemies":"Orb Walker","floor":35.0,"turns":4.0},{"damage":26.0,"enemies":"Flame Bruiser 1 Orb","floor":38.0,"turns":5.0},{"damage":1.0,"enemies":"3 Darklings","floor":41.0,"turns":5.0},{"damage":0.0,"enemies":"Nemesis","floor":42.0,"turns":9.0},{"damage":0.0,"enemies":"Flame Bruiser 2 Orb","floor":44.0,"turns":6.0},{"damage":4.0,"enemies":"4 Shapes","floor":46.0,"turns":5.0},{"damage":9.0,"enemies":"Transient","floor":48.0,"turns":4.0},{"damage":8,"enemies":"Donu and Deca","floor":50,"turns":11}],"seed_played":"9148436460716256505","potions_obtained":[{"floor":1.0,"key":"SmokeBomb"},{"floor":10.0,"key":"Strength Potion"},{"floor":14.0,"key":"Swift Potion"},{"floor":29.0,"key":"Regen Potion"}],"is_trial":false,"path_per_floor":["M","?","?","?","M","E","$","R","T","E","R","M","R","E","R","B",null,"M","?","$","?","M","R","?","E","T","R","$","M","M","?","R","B",null,"M","$","?","M","?","R","M","E","T","M","R","M","?","M","R","B"],"character_chosen":"THE_SILENT","items_purchased":["Caltrops","Kunai"],"campfire_rested":5,"item_purchase_floors":[7,20],"current_hp_per_floor":[70,75,75,57,57,57,57,57,57,26,48,48,48,36,36,22,62,62,62,62,62,60,60,60,26,33,57,57,48,43,43,67,49,74,68,68,68,42,42,66,65,65,65,65,65,61,61,52,76,68],"gold":58,"neow_bonus":"THREE_ENEMY_KILL","is_prod":false,"is_daily":false,"chose_seed":false,"campfire_upgraded":5,"win_rate":0,"timestamp":1533867742,"path_taken":["M","?","?","?","?","E","$","R","T","E","R","M","R","E","R","BOSS","M","?","$","?","M","R","?","E","T","R","$","M","?","?","R","BOSS","M","$","?","M","?","R","M","E","T","M","R","M","?","M","R","BOSS"],"build_version":"2018-08-09","purchased_purges":0,"victory":true,"max_hp_per_floor":[70,75,75,75,75,75,75,75,75,75,75,75,75,75,75,75,75,75,75,75,75,75,75,75,75,82,82,82,82,82,82,82,82,82,82,82,82,82,82,82,82,82,82,82,82,82,82,82,82,82],"card_choices":[{"not_picked":["Backflip","Underhanded Strike"],"picked":"Dagger Spray","floor":1.0},{"not_picked":["Catalyst","Flechettes"],"picked":"Crippling Poison","floor":5.0},{"not_picked":["Poisoned Stab","Deflect"],"picked":"Quick Slash","floor":6.0},{"not_picked":["Backflip","Bullet Time"],"picked":"After Image","floor":10.0},{"not_picked":["Masterful Stab","Bane","Finisher"],"picked":"SKIP","floor":12.0},{"not_picked":["Dagger Throw","Bane"],"picked":"Riddle With Holes","floor":14.0},{"not_picked":["Venomology","Die Die Die"],"picked":"After Image","floor":16.0},{"not_picked":["Deflect","Crippling Poison"],"picked":"Well Laid Plans","floor":18.0},{"not_picked":["All Out Attack","Acrobatics+1"],"picked":"PiercingWail","floor":22.0},{"not_picked":["Deadly Poison","Reflex+1"],"picked":"Cloak And Dagger","floor":25.0},{"not_picked":["Concentrate","Choke"],"picked":"Quick Slash+1","floor":29.0},{"not_picked":["Deflect","Dagger Throw"],"picked":"Prepared","floor":30.0},{"not_picked":["Storm of Steel","Grand Finale"],"picked":"Burst","floor":33.0},{"not_picked":["Bouncing Flask+1","Calculated Gamble+1"],"picked":"Noxious Fumes","floor":35.0},{"not_picked":["PiercingWail+1","Dagger Throw+1"],"picked":"Backflip+1","floor":38.0},{"not_picked":["Endless Agony","Backstab"],"picked":"Cloak And Dagger+1","floor":41.0},{"not_picked":["Expertise+1","Crippling Poison"],"picked":"Heel Hook+1","floor":42.0},{"not_picked":["Quick Slash","Bane"],"picked":"Blade Dance","floor":44.0},{"not_picked":["Masterful Stab+1","Flechettes"],"picked":"Deadly Poison+1","floor":46.0}],"player_experience":235960,"relics_obtained":[{"floor":6.0,"key":"Gambling Chip"},{"floor":9.0,"key":"Ornamental Fan"},{"floor":10.0,"key":"Bag of Marbles"},{"floor":14.0,"key":"Art of War"},{"floor":25.0,"key":"Whetstone"},{"floor":26.0,"key":"Strawberry"},{"floor":42.0,"key":"Frozen Egg 2"},{"floor":43.0,"key":"Ninja Scroll"}],"event_choices":[{"event_name":"Big Fish","player_choice":"Donut","floor":2.0,"damage_taken":0.0},{"event_name":"Wheel of Change","player_choice":"Relic","floor":3.0,"damage_taken":0.0},{"event_name":"Golden Idol","player_choice":"Take Damage","floor":4.0,"damage_taken":0.0},{"event_name":"Vampires","player_choice":"Ignored","floor":19.0,"damage_taken":0.0},{"event_name":"Drug Dealer","player_choice":"Ignored","floor":21.0,"damage_taken":0.0},{"event_name":"Ghosts","player_choice":"Ignored","floor":24.0,"damage_taken":0.0},{"event_name":"Back to Basics","player_choice":"Simplicity","floor":31.0,"damage_taken":0.0},{"event_name":"Match and Keep!","player_choice":"2 cards matched","floor":37.0,"damage_taken":0.0},{"event_name":"The Woman in Blue","player_choice":"Bought 0 Potions","floor":39.0,"damage_taken":0.0},{"event_name":"Duplicator","player_choice":"One dupe","floor":47.0,"damage_taken":0.0}],"is_beta":false,"boss_relics":[{"not_picked":["Lizard Tail","WristBlade"],"picked":"Ectoplasm"},{"not_picked":["Snecko Eye","Runic Dome"],"picked":"Sozu"}],"items_purged_floors":[],"is_endless":false,"potions_floor_spawned":[1,10,14,22,29,30,41,42,44,46],"ascension_level":5}