{"gold_per_floor":[111,111,126,35,53,53,53,53,106,106,106,124,139,152,152,226,226,199,199,28,43,43,43,43],"floor_reached":24,"playtime":788,"items_purged":[],"score":460,"play_id":"84bb58fe-d813-4cd7-8ceb-b4310da64334","local_time":"20181004133149","is_ascension_mode":true,"campfire_choices":[{"data":"Defragment","floor":6.0,"key":"SMITH"},{"data":"Loop","floor":10.0,"key":"SMITH"},{"data":"Hologram","floor":15.0,"key":"SMITH"},{"floor":23,"key":"REST"}],"neow_cost":"","seed_source_timestamp":656272479846090,"circlet_count":0,"master_deck":["Strike_B","Strike_B","Strike_B","Strike_B","Defend_B","Defend_B+1","Defend_B+1","Defend_B","Zap","Dualcast","AscendersBane","Steam","Defragment+1","Loop+1","Leap","Conserve Battery","Cold Snap","Hologram+1","Fission","White Noise","Leap","Darkness+1"],"special_seed":0,"relics":["Cracked Core","Symbiotic Virus","Lantern","Black Star","MutagenicStrength"],"potions_floor_usage":[18,20,24,24,24],"damage_taken":[{"damage":0.0,"enemies":"Cultist","floor":1.0,"turns":3.0},{"damage":3.0,"enemies":"Small Slimes","floor":3.0,"turns":3.0},{"damage":0.0,"enemies":"2 Louse","floor":5.0,"turns":3.0},{"damage":0.0,"enemies":"Blue Slaver","floor":12.0,"turns":3.0},{"damage":6.0,"enemies":"3 Louse","floor":13.0,"turns":3.0},{"damage":6.0,"enemies":"Red Slaver","floor":14.0,"turns":4.0},{"damage":0.0,"enemies":"Hexaghost","floor":16.0,"turns":9.0},{"damage":21,"enemies":"2 Thieves","floor":18,"turns":5},{"damage":21,"enemies":"Shell Parasite","floor":21,"turns":6},{"damage":46,"enemies":"Gremlin Leader","floor":24,"turns":3}],"seed_played":"-4922533158944625322","potions_obtained":[{"floor":12.0,"key":"SkillPotion"},{"floor":14.0,"key":"EssenceOfSteel"},{"floor":16.0,"key":"SkillPotion"},{"floor":18,"key":"Explosive Potion"},{"floor":21,"key":"EntropicBrew"}],"is_trial":false,"path_per_floor":["M","$","M","$","M","R","?","T","T","R","?","M","M","M","R","B",null,"M","?","$","M","$","R"],"character_chosen":"DEFECT","items_purchased":["Loop","Fruit Juice","Leap"],"campfire_rested":1,"item_purchase_floors":[4,20,20],"current_hp_per_floor":[64,64,61,61,61,61,40,40,40,40,40,40,34,28,28,28,60,39,39,44,23,23,45,0],"gold":43,"neow_bonus":"","is_prod":false,"is_daily":false,"chose_seed":false,"campfire_upgraded":3,"win_rate":0,"timestamp":1538674309,"path_taken":["M","?","M","$","?","R","?","?","T","R","?","M","M","M","R","BOSS","M","?","?","M","$","R","E"],"build_version":"2018-09-27","purchased_purges":0,"victory":false,"max_hp_per_floor":[71,71,71,71,71,71,71,71,71,71,71,71,71,71,71,71,71,71,71,76,76,76,76,76],"card_choices":[{"not_picked":["Streamline","Redo"],"picked":"Steam","floor":1.0},{"not_picked":["Redo","Genetic Algorithm"],"picked":"Defragment","floor":3.0},{"not_picked":["Doom and Gloom","Rebound"],"picked":"Leap","floor":5.0},{"not_picked":["Doom and Gloom","Beam Cell"],"picked":"Conserve Battery","floor":12.0},{"not_picked":["Steam","Barrage"],"picked":"Cold Snap","floor":13.0},{"not_picked":["Barrage","Leap"],"picked":"Hologram","floor":14.0},{"not_picked":["Hyperbeam","Thunder Strike"],"picked":"Fission","floor":16.0},{"not_picked":["Hologram","Sweeping Beam"],"picked":"White Noise","floor":18},{"not_picked":["Go for the Eyes","Stack+1"],"picked":"Darkness+1","floor":21}],"player_experience":351358,"relics_obtained":[{"floor":8.0,"key":"Symbiotic Virus"},{"floor":9.0,"key":"Lantern"}],"event_choices":[{"event_name":"Shining Light","player_choice":"Entered Light","floor":7.0,"damage_taken":0.0},{"event_name":"Dead Adventurer","player_choice":"Searched \u00271\u0027 times","floor":11.0,"damage_taken":0.0},{"event_name":"Drug Dealer","player_choice":"Inject Mutagens","floor":19,"damage_taken":0}],"is_beta":false,"boss_relics":[{"not_picked":["Busted Crown","FrozenCore"],"picked":"Black Star"}],"items_purged_floors":[],"is_endless":false,"potions_floor_spawned":[12,14,16,18,21],"killed_by":"Gremlin Leader","ascension_level":19}