{"gold_per_floor":[118,133,33,33,33,65,65,65,91,91,71,85,85,129,129,218,218,234,6,21,21,41,41],"floor_reached":23,"playtime":650,"items_purged":["Strike_B","Strike_B"],"score":444,"play_id":"4f8c7e8a-1860-4a46-88fb-f2967e30a9db","local_time":"20190701143417","is_ascension_mode":true,"campfire_choices":[{"data":"Genetic Algorithm","floor":7.0,"key":"SMITH"},{"data":"Zap","floor":10.0,"key":"SMITH"},{"data":"Go for the Eyes","floor":13.0,"key":"SMITH"},{"floor":15.0,"key":"REST"}],"neow_cost":"NONE","seed_source_timestamp":100360214476400,"circlet_count":0,"master_deck":["AscendersBane","Strike_B","Defend_B","Defend_B","Defend_B","Defend_B","Zap+1","Dualcast","Beam Cell","Genetic Algorithm+1","Beam Cell","Go for the Eyes+1","Gash","Rebound","Reboot","Genetic Algorithm","Glacier","Self Repair","Leap+1"],"special_seed":0,"relics":["Cracked Core","NeowsBlessing","Unceasing Top","Golden Idol","Smiling Mask","Boot","Cursed Key"],"potions_floor_usage":[],"damage_taken":[{"damage":0.0,"enemies":"2 Louse","floor":1.0,"turns":1.0},{"damage":0.0,"enemies":"Cultist","floor":2.0,"turns":1.0},{"damage":0.0,"enemies":"3 Sentries","floor":6.0,"turns":1.0},{"damage":0.0,"enemies":"Small Slimes","floor":12.0,"turns":3.0},{"damage":35.0,"enemies":"Gremlin Nob","floor":14.0,"turns":4.0},{"damage":21.0,"enemies":"Hexaghost","floor":16.0,"turns":9.0},{"damage":17.0,"enemies":"2 Thieves","floor":18.0,"turns":4.0},{"damage":9.0,"enemies":"Shell Parasite","floor":20.0,"turns":5.0},{"damage":13,"enemies":"Colosseum Slavers","floor":21,"turns":4},{"damage":25,"enemies":"Shelled Parasite and Fungi","floor":22,"turns":6},{"damage":17,"enemies":"Book of Stabbing","floor":23,"turns":6}],"seed_played":"-48673579117366609","potions_obtained":[{"floor":1.0,"key":"Explosive Potion"},{"floor":11.0,"key":"Explosive Potion"},{"floor":14.0,"key":"Regen Potion"},{"floor":16.0,"key":"Strength Potion"},{"floor":20.0,"key":"FocusPotion"}],"is_trial":false,"path_per_floor":["M","M","$","?","$","E","R","?","T","R","?","M","R","E","R","B",null,"M","$","M","?","M","E"],"character_chosen":"DEFECT","items_purchased":["Beam Cell","Glacier","Self Repair"],"campfire_rested":1,"item_purchase_floors":[3,19,19],"current_hp_per_floor":[64,64,64,64,64,64,64,40,40,40,40,40,40,5,26,19,58,41,41,39,33,15,0],"gold":41,"neow_bonus":"THREE_ENEMY_KILL","is_prod":false,"is_daily":false,"chose_seed":false,"campfire_upgraded":3,"win_rate":0,"timestamp":1561988057,"path_taken":["M","M","$","?","?","E","R","?","T","R","?","M","R","E","R","BOSS","M","$","?","?","M","E"],"build_version":"2019-01-23","purchased_purges":2,"victory":false,"max_hp_per_floor":[71,71,71,71,71,71,71,71,71,71,71,71,71,71,71,71,71,71,71,71,71,71,71],"card_choices":[{"not_picked":["Rip and Tear","Compile Driver"],"picked":"Beam Cell","floor":1.0},{"not_picked":["Consume","Turbo"],"picked":"Genetic Algorithm","floor":2.0},{"not_picked":["Rebound","Leap"],"picked":"Go for the Eyes","floor":6.0},{"not_picked":["Compile Driver","Hello World"],"picked":"Gash","floor":12.0},{"not_picked":["Undo","Chaos"],"picked":"Rebound","floor":14.0},{"not_picked":["Core Surge","Biased Cognition"],"picked":"Reboot","floor":16.0},{"not_picked":["Steam Power","Rebound"],"picked":"Genetic Algorithm","floor":18.0},{"not_picked":["Redo","Double Energy"],"picked":"Leap+1","floor":20.0},{"not_picked":["Consume","Redo","Undo"],"picked":"SKIP","floor":22}],"player_experience":1518322,"relics_obtained":[{"floor":6.0,"key":"Unceasing Top"},{"floor":9.0,"key":"Smiling Mask"},{"floor":14.0,"key":"Boot"}],"event_choices":[{"cards_removed":["Strike_B"],"damage_healed":0.0,"max_hp_gain":0.0,"max_hp_loss":0.0,"gold_gain":0.0,"event_name":"Bonfire Elementals","player_choice":"Offered Basic","floor":4.0,"gold_loss":0.0,"damage_taken":0.0},{"damage_healed":0.0,"max_hp_gain":0.0,"max_hp_loss":0.0,"gold_gain":0.0,"event_name":"Golden Idol","player_choice":"Take Damage","floor":8.0,"gold_loss":0.0,"damage_taken":24.0,"relics_obtained":["Golden Idol"]},{"damage_healed":0.0,"max_hp_gain":0.0,"max_hp_loss":0.0,"gold_gain":0.0,"event_name":"The Woman in Blue","player_choice":"Bought 1 Potion","floor":11.0,"gold_loss":0.0,"damage_taken":0.0},{"damage_healed":0,"gold_gain":0,"player_choice":"Fight","damage_taken":0,"max_hp_gain":0,"max_hp_loss":0,"event_name":"Colosseum","floor":21,"gold_loss":0},{"damage_healed":0,"gold_gain":0,"player_choice":"Fled From Nobs","damage_taken":0,"max_hp_gain":0,"max_hp_loss":0,"event_name":"Colosseum","floor":21,"gold_loss":0}],"is_beta":false,"boss_relics":[{"not_picked":["Nuclear Battery","Orrery"],"picked":"Cursed Key"}],"items_purged_floors":[3,19],"is_endless":false,"potions_floor_spawned":[1,12,14,16,20,22],"killed_by":"Book of Stabbing","ascension_level":20}