{"gold_per_floor":[116,35,0,0,10,38,38,57,57,92,106,120,146,96,96,195,195,214,71,71,71,71,106,126,158,185,185,246,8,8,23,23,118,118,129,129,77,77,0,0,20,20,44,78,101,115,146,163,163,163],"floor_reached":51,"playtime":2995,"items_purged":[],"score":904,"play_id":"8a64ea1b-3d9c-4631-a29f-013eb796d3db","local_time":"20180711215555","is_ascension_mode":true,"campfire_choices":[{"data":"Zap","floor":7.0,"key":"SMITH"},{"data":"Defragment","floor":15.0,"key":"SMITH"},{"floor":27.0,"key":"REST"},{"floor":30.0,"key":"REST"},{"data":"Conserve Battery","floor":32.0,"key":"SMITH"},{"data":"Loop","floor":40.0,"key":"SMITH"},{"floor":42.0,"key":"REST"},{"floor":49,"key":"REST"}],"neow_cost":"NONE","seed_source_timestamp":0,"circlet_count":0,"master_deck":["Zap+1","Dualcast","Reinforced Body","Self Repair","Sunder","Auto Shields","Loop+1","Go for the Eyes","Defragment+1","Doom and Gloom","Echo Form","Hologram","Coolheaded","Conserve Battery+1","Cold Snap+1","Go for the Eyes","Stack+1","Go for the Eyes+1","Echo Form","Go for the Eyes","Chill","Sweeping Beam","Hello World","Melter","Barrage","Gash+1","Madness","Madness","Conserve Battery","Electrodynamics","Glacier","Leap"],"special_seed":0,"relics":["Cracked Core","Smiling Mask","Strawberry","Lantern","Sundial","Nuclear Battery","Vajra","Orichalcum","Mercury Hourglass","Centennial Puzzle","Tiny Chest","Symbiotic Virus","Pandora\u0027s Box","Red Mask","Pen Nib","Molten Egg 2","Potion Belt","Pear"],"potions_floor_usage":[50,50],"damage_taken":[{"damage":0.0,"enemies":"2 Louse","floor":1.0,"turns":3.0},{"damage":2.0,"enemies":"Jaw Worm","floor":5.0,"turns":4.0},{"damage":23.0,"enemies":"Lagavulin","floor":6.0,"turns":9.0},{"damage":0.0,"enemies":"Small Slimes","floor":8.0,"turns":2.0},{"damage":10.0,"enemies":"3 Sentries","floor":10.0,"turns":8.0},{"damage":4.0,"enemies":"Exordium Wildlife","floor":11.0,"turns":5.0},{"damage":8.0,"enemies":"Red Slaver","floor":12.0,"turns":4.0},{"damage":7.0,"enemies":"Lagavulin","floor":13.0,"turns":6.0},{"damage":50.0,"enemies":"Slime Boss","floor":16.0,"turns":8.0},{"damage":8.0,"enemies":"2 Thieves","floor":18.0,"turns":4.0},{"damage":29.0,"enemies":"Book of Stabbing","floor":23.0,"turns":7.0},{"damage":6.0,"enemies":"Shell Parasite","floor":24.0,"turns":7.0},{"damage":23.0,"enemies":"Slavers","floor":25.0,"turns":7.0},{"damage":8.0,"enemies":"Book of Stabbing","floor":28.0,"turns":5.0},{"damage":0.0,"enemies":"Snecko","floor":31.0,"turns":3.0},{"damage":31.0,"enemies":"Collector","floor":33.0,"turns":6.0},{"damage":2.0,"enemies":"Orb Walker","floor":35.0,"turns":3.0},{"damage":19.0,"enemies":"3 Darklings","floor":41.0,"turns":6.0},{"damage":5,"enemies":"Nemesis","floor":44,"turns":7},{"damage":15,"enemies":"4 Shapes","floor":46,"turns":3},{"damage":26,"enemies":"2 Orb Walkers","floor":47,"turns":4},{"damage":5,"enemies":"Sphere and 2 Shapes","floor":48,"turns":4},{"damage":16,"enemies":"Awakened One","floor":50,"turns":12}],"seed_played":"5923699982760786976","potions_obtained":[{"floor":1.0,"key":"PowerPotion"},{"floor":5.0,"key":"SkillPotion"},{"floor":8.0,"key":"Energy Potion"},{"floor":25.0,"key":"EssenceOfSteel"},{"floor":28.0,"key":"Swift Potion"},{"floor":35.0,"key":"AttackPotion"},{"floor":46,"key":"Strength Potion"}],"is_trial":false,"path_per_floor":["M","$","?","?","M","E","R","M","T","E","M","M","E","?","R","B",null,"M","$","?","?","?","E","M","E","T","R","E","$","R","M","R","B",null,"M","?","$","?","?","R","M","R","T","E","T","M","E","M","R","B"],"character_chosen":"DEFECT","items_purchased":["Self Repair","Vajra","Symbiotic Virus","Conserve Battery"],"campfire_rested":4,"item_purchase_floors":[2,19,29,37],"current_hp_per_floor":[82,82,82,82,82,66,66,73,80,77,80,79,79,79,79,29,89,88,88,71,71,71,49,50,34,34,62,61,61,89,94,94,70,94,94,82,82,82,82,82,70,94,94,94,94,79,70,72,103,94],"gold":163,"neow_bonus":"TEN_PERCENT_HP_BONUS","is_prod":false,"is_daily":false,"chose_seed":false,"campfire_upgraded":4,"win_rate":0,"timestamp":1531360555,"path_taken":["M","$","?","?","M","E","R","M","T","E","M","?","E","?","R","BOSS","M","$","?","?","?","E","?","E","T","R","E","$","R","M","R","BOSS","M","?","?","?","?","R","M","R","T","E","?","M","E","M","R","BOSS"],"build_version":"2018-07-05","purchased_purges":0,"victory":true,"max_hp_per_floor":[82,82,82,82,82,82,82,82,89,89,89,89,89,89,89,89,89,89,89,94,94,94,94,94,94,94,94,94,94,94,94,94,94,94,94,94,94,94,94,94,94,94,94,94,94,94,104,104,104,104],"card_choices":[{"not_picked":["Tempest","Skim"],"picked":"Reinforced Body","floor":1.0},{"not_picked":["Steam","Steam Power"],"picked":"Sunder","floor":5.0},{"not_picked":["Reinforced Body","BootSequence"],"picked":"Auto Shields","floor":6.0},{"not_picked":["Auto Shields","Self Repair"],"picked":"Loop","floor":8.0},{"not_picked":["Barrage","Redo"],"picked":"Go for the Eyes","floor":10.0},{"not_picked":["Doom and Gloom","Loop"],"picked":"Defragment","floor":11.0},{"not_picked":["Skim","Hologram"],"picked":"Doom and Gloom","floor":12.0},{"not_picked":["Force Field","Rip and Tear","Aggregate"],"picked":"SKIP","floor":13.0},{"not_picked":["Creative AI","Amplify"],"picked":"Echo Form","floor":16.0},{"not_picked":["Streamline","Compile Driver"],"picked":"Hologram","floor":18.0},{"not_picked":["Barrage+1","Streamline"],"picked":"Conserve Battery","floor":23.0},{"not_picked":["Recycle","Rebound"],"picked":"Cold Snap+1","floor":24.0},{"not_picked":["Coolheaded","Thunder Strike"],"picked":"Go for the Eyes","floor":25.0},{"not_picked":["Go for the Eyes","Streamline+1"],"picked":"Stack+1","floor":28.0},{"not_picked":["Streamline","Steam"],"picked":"Go for the Eyes+1","floor":31.0},{"not_picked":["Machine Learning","Amplify"],"picked":"Echo Form","floor":33.0},{"not_picked":["Rebound","Blizzard+1"],"picked":"Gash+1","floor":35.0},{"not_picked":["Redo+1","Sweeping Beam+1"],"picked":"Electrodynamics","floor":41.0},{"not_picked":["Steam+1","Hello World","Redo"],"picked":"SKIP","floor":44},{"not_picked":["Go for the Eyes+1","Melter+1"],"picked":"Glacier","floor":46},{"not_picked":["Melter+1","Compile Driver+1","Chaos+1"],"picked":"SKIP","floor":47},{"not_picked":["Barrage+1","Streamline+1"],"picked":"Leap","floor":48}],"player_experience":107125,"relics_obtained":[{"floor":6.0,"key":"Smiling Mask"},{"floor":9.0,"key":"Strawberry"},{"floor":10.0,"key":"Lantern"},{"floor":13.0,"key":"Sundial"},{"floor":23.0,"key":"Orichalcum"},{"floor":25.0,"key":"Mercury Hourglass"},{"floor":26.0,"key":"Centennial Puzzle"},{"floor":28.0,"key":"Tiny Chest"},{"floor":43.0,"key":"Pen Nib"},{"floor":44,"key":"Molten Egg 2"},{"floor":45,"key":"Potion Belt"},{"floor":47,"key":"Pear"}],"event_choices":[{"event_name":"World of Goop","player_choice":"Left","floor":3.0,"damage_taken":0.0},{"event_name":"Shining Light","player_choice":"Ignored","floor":4.0,"damage_taken":0.0},{"event_name":"The Cleric","player_choice":"Card Removal","floor":14.0,"damage_taken":0.0},{"event_name":"Forgotten Altar","player_choice":"Shed Blood","floor":20.0,"damage_taken":0.0},{"event_name":"The Library","player_choice":"Read","floor":21.0,"damage_taken":0.0},{"event_name":"Cursed Tome","player_choice":"Ignored","floor":22.0,"damage_taken":0.0},{"event_name":"Winding Halls","player_choice":"Embrace Madness","floor":36.0,"damage_taken":0.0},{"event_name":"Falling","player_choice":"Removed Attack","floor":38.0,"damage_taken":0.0},{"event_name":"Tomb of Lord Red Mask","player_choice":"Paid","floor":39.0,"damage_taken":0.0}],"boss_relics":[{"not_picked":["Snecko Eye","Orrery"],"picked":"Nuclear Battery"},{"not_picked":["Coffee Dripper","Velvet Choker"],"picked":"Pandora\u0027s Box"}],"items_purged_floors":[],"is_endless":false,"potions_floor_spawned":[1,5,8,12,18,25,28,31,35,41,46],"ascension_level":2}