{"gold_per_floor":[116,116,116,116,191,225,225,252,252,266,283,313,313,331,331,405,405,418,418,435,66,77,77,135,135,158,158,158,158],"floor_reached":29,"playtime":1111,"items_purged":["Strike_G"],"score":582,"play_id":"ab47629d-2e66-4bba-a093-9b3e0098f040","local_time":"20190705203359","is_ascension_mode":true,"campfire_choices":[{"data":"Neutralize","floor":7.0,"key":"SMITH"},{"data":"Poisoned Stab","floor":13.0,"key":"SMITH"},{"data":"Dagger Spray","floor":15,"key":"SMITH"},{"floor":23,"key":"REST"},{"floor":28,"key":"REST"}],"neow_cost":"NONE","seed_source_timestamp":5990313031498712,"circlet_count":0,"master_deck":["AscendersBane","Strike_G","Strike_G","Strike_G","Defend_G+1","Defend_G","Defend_G","Defend_G+1","Defend_G","Survivor","Neutralize+1","Quick Slash","Flying Knee","Quick Slash","Poisoned Stab+1","Flechettes","Dagger Spray+1","After Image","Blade Dance+1","Backflip","HandOfGreed","Sucker Punch","Dodge and Roll","Dodge and Roll","Well Laid Plans","Blur","Decay","Dagger Spray"],"special_seed":0,"relics":["Ring of the Serpent","NeowsBlessing","War Paint","Vajra","Pear","Dream Catcher","Ancient Tea Set","Lantern"],"potions_floor_usage":[16,16,29],"damage_taken":[{"damage":0.0,"enemies":"Jaw Worm","floor":1.0,"turns":1.0},{"damage":0.0,"enemies":"Lagavulin","floor":6.0,"turns":1.0},{"damage":0.0,"enemies":"3 Sentries","floor":8.0,"turns":1.0},{"damage":1.0,"enemies":"2 Louse","floor":10.0,"turns":3.0},{"damage":0.0,"enemies":"Cultist","floor":11.0,"turns":2.0},{"damage":24.0,"enemies":"Gremlin Nob","floor":12.0,"turns":4.0},{"damage":1.0,"enemies":"Red Slaver","floor":14.0,"turns":3.0},{"damage":25,"enemies":"The Guardian","floor":16,"turns":12},{"damage":24,"enemies":"Chosen","floor":18,"turns":5},{"damage":5,"enemies":"3 Byrds","floor":20,"turns":6},{"damage":29,"enemies":"Sentry and Sphere","floor":22,"turns":10},{"damage":21,"enemies":"Chosen and Byrds","floor":24,"turns":11},{"damage":31,"enemies":"Book of Stabbing","floor":29,"turns":5}],"seed_played":"-4043687202435984747","potions_obtained":[{"floor":1.0,"key":"Strength Potion"},{"floor":10.0,"key":"PowerPotion"},{"floor":11.0,"key":"PowerPotion"},{"floor":14,"key":"AttackPotion"},{"floor":22,"key":"EssenceOfSteel"},{"floor":24,"key":"SkillPotion"}],"is_trial":false,"path_per_floor":["M","?","?","?","?","E","R","E","T","M","M","E","R","M","R","B",null,"M","T","M","$","M","R","M","?","T","?","R","E"],"character_chosen":"THE_SILENT","items_purchased":["HandOfGreed","Sucker Punch","Dodge and Roll"],"campfire_rested":2,"item_purchase_floors":[21,21,21],"current_hp_per_floor":[59,52,57,57,46,46,46,46,56,55,55,31,31,30,30,5,62,38,38,33,33,4,28,7,7,7,7,31,0],"gold":158,"neow_bonus":"THREE_ENEMY_KILL","is_prod":false,"is_daily":false,"chose_seed":false,"campfire_upgraded":3,"win_rate":0,"timestamp":1562373239,"path_taken":["M","?","?","?","?","E","R","E","T","M","?","E","R","M","R","BOSS","M","?","?","$","M","R","M","?","T","?","R","E"],"build_version":"2019-07-05","purchased_purges":1,"victory":false,"max_hp_per_floor":[66,66,71,71,71,71,71,71,81,81,81,81,81,81,81,81,81,81,81,81,81,81,81,81,81,81,81,81,81],"card_choices":[{"not_picked":["Endless Agony","Outmaneuver"],"picked":"Quick Slash","floor":1.0},{"not_picked":["Blade Dance","Distraction"],"picked":"Flying Knee","floor":6.0},{"not_picked":["Underhanded Strike","Prepared"],"picked":"Quick Slash","floor":8.0},{"not_picked":["Acrobatics","Deflect"],"picked":"Poisoned Stab","floor":10.0},{"not_picked":["Phantasmal Killer","Outmaneuver","Expertise"],"picked":"SKIP","floor":11.0},{"not_picked":["Prepared","Quick Slash"],"picked":"Flechettes","floor":12.0},{"not_picked":["Acrobatics","Backflip"],"picked":"Dagger Spray","floor":14},{"not_picked":["A Thousand Cuts","Phantasmal Killer"],"picked":"After Image","floor":16},{"not_picked":["Poisoned Stab","Underhanded Strike"],"picked":"Blade Dance+1","floor":18},{"not_picked":["Slice","Quick Slash"],"picked":"Backflip","floor":20},{"not_picked":["PiercingWail","Blade Dance"],"picked":"Dodge and Roll","floor":22},{"not_picked":["Quick Slash","Outmaneuver"],"picked":"Well Laid Plans","floor":23},{"not_picked":["Phantasmal Killer","Cloak And Dagger"],"picked":"Blur","floor":24},{"not_picked":["Catalyst+1","Slice"],"picked":"Dagger Spray","floor":28}],"player_experience":885241,"relics_obtained":[{"floor":6.0,"key":"War Paint"},{"floor":8.0,"key":"Vajra"},{"floor":9.0,"key":"Pear"},{"floor":12.0,"key":"Dream Catcher"},{"floor":19,"key":"Ancient Tea Set"},{"floor":26,"key":"Lantern"}],"event_choices":[{"cards_removed":["Strike_G"],"damage_healed":0.0,"max_hp_gain":0.0,"max_hp_loss":0.0,"gold_gain":0.0,"event_name":"Golden Wing","player_choice":"Card Removal","floor":2.0,"gold_loss":0.0,"damage_taken":7.0},{"damage_healed":0.0,"max_hp_gain":5.0,"max_hp_loss":0.0,"gold_gain":0.0,"event_name":"Big Fish","player_choice":"Donut","floor":3.0,"gold_loss":0.0,"damage_taken":0.0},{"damage_healed":0.0,"max_hp_gain":0.0,"max_hp_loss":0.0,"gold_gain":0.0,"event_name":"Liars Game","player_choice":"Ignored","floor":4.0,"gold_loss":0.0,"damage_taken":0.0},{"damage_healed":0.0,"max_hp_gain":0.0,"max_hp_loss":0.0,"gold_gain":75.0,"event_name":"World of Goop","player_choice":"Gather Gold","floor":5.0,"gold_loss":0.0,"damage_taken":11.0},{"damage_healed":0,"gold_gain":0,"player_choice":"Ignored","damage_taken":0,"max_hp_gain":0,"max_hp_loss":0,"event_name":"Cursed Tome","floor":25,"gold_loss":0},{"damage_healed":0,"gold_gain":0,"player_choice":"Smashed Altar","damage_taken":0,"max_hp_gain":0,"max_hp_loss":0,"event_name":"Forgotten Altar","floor":27,"gold_loss":0,"cards_obtained":["Decay"]}],"is_beta":false,"boss_relics":[{"not_picked":["WristBlade","Calling Bell"],"picked":"Ring of the Serpent"}],"items_purged_floors":[21],"is_endless":false,"potions_floor_spawned":[1,10,11,14,22,24],"killed_by":"Book of Stabbing","ascension_level":20}