{"gold_per_floor":[218,293,304,190,209,209,159,189,214,214,245,245,264,264,264,367,367,384,384,395,37,37,37,68,68,68,97,97,122,138,51,51,149,149,165,181,181,191,210,235,250,275,298,327,343,372,0,27,27,27],"floor_reached":51,"playtime":2316,"items_purged":["Strike_B","Defend_B","Defend_B"],"score":1184,"play_id":"ef7d36a9-fd05-48cb-93fd-503873fea0f3","local_time":"20190707211826","is_ascension_mode":true,"campfire_choices":[{"data":"Defragment","floor":6.0,"key":"SMITH"},{"data":"Zap","floor":10.0,"key":"SMITH"},{"data":"Coolheaded","floor":12.0,"key":"SMITH"},{"floor":15.0,"key":"REST"},{"data":"Biased Cognition","floor":23,"key":"SMITH"},{"data":"Defragment","floor":25,"key":"SMITH"},{"data":"Defragment","floor":32,"key":"SMITH"},{"data":"Buffer","floor":49,"key":"SMITH"}],"neow_cost":"NONE","seed_source_timestamp":82845290828431,"circlet_count":0,"master_deck":["Defend_B","Defend_B","Zap+1","Dualcast","Sunder","Coolheaded+1","Defragment+1","Biased Cognition+1","Electrodynamics","Coolheaded+1","Glacier","Defragment+1","Ball Lightning","Defragment+1","Buffer+1","Coolheaded+1","Gash+1","Buffer+1","Sunder"],"special_seed":0,"relics":["Cracked Core","Regal Pillow","Orichalcum","Smiling Mask","Snecko Eye","ClockworkSouvenir","Oddly Smooth Stone","Shuriken","PreservedInsect","Pantograph","Empty Cage","Darkstone Periapt","Frozen Egg 2","Anchor","Potion Belt","Incense Burner","Red Mask","Du-Vu Doll"],"potions_floor_usage":[44,50],"damage_taken":[{"damage":0.0,"enemies":"Small Slimes","floor":1.0,"turns":3.0},{"damage":0.0,"enemies":"2 Louse","floor":3.0,"turns":2.0},{"damage":4.0,"enemies":"Jaw Worm","floor":5.0,"turns":5.0},{"damage":14.0,"enemies":"3 Sentries","floor":8.0,"turns":7.0},{"damage":21.0,"enemies":"Gremlin Nob","floor":11.0,"turns":4.0},{"damage":0.0,"enemies":"Gremlin Gang","floor":13.0,"turns":3.0},{"damage":26,"enemies":"Slime Boss","floor":16,"turns":8},{"damage":1,"enemies":"3 Byrds","floor":18,"turns":2},{"damage":1,"enemies":"Spheric Guardian","floor":20,"turns":3},{"damage":0,"enemies":"Book of Stabbing","floor":24,"turns":5},{"damage":18,"enemies":"Slavers","floor":27,"turns":4},{"damage":24,"enemies":"Gremlin Leader","floor":29,"turns":3},{"damage":1,"enemies":"Centurion and Healer","floor":30,"turns":2},{"damage":2,"enemies":"Collector","floor":33,"turns":9},{"damage":0,"enemies":"Orb Walker","floor":35,"turns":4},{"damage":0,"enemies":"3 Darklings","floor":36,"turns":3},{"damage":0,"enemies":"4 Shapes","floor":38,"turns":4},{"damage":0,"enemies":"Writhing Mass","floor":39,"turns":5},{"damage":0,"enemies":"Reptomancer","floor":40,"turns":4},{"damage":1,"enemies":"Transient","floor":41,"turns":5},{"damage":0,"enemies":"Nemesis","floor":42,"turns":5},{"damage":17,"enemies":"Reptomancer","floor":44,"turns":4},{"damage":0,"enemies":"Spire Growth","floor":45,"turns":7},{"damage":0,"enemies":"Nemesis","floor":46,"turns":11},{"damage":0,"enemies":"Reptomancer","floor":48,"turns":5},{"damage":0,"enemies":"Donu and Deca","floor":50,"turns":12}],"seed_played":"-3972849568356680996","potions_obtained":[{"floor":1.0,"key":"PowerPotion"},{"floor":5.0,"key":"EssenceOfSteel"},{"floor":16,"key":"Weak Potion"},{"floor":18,"key":"Ancient Potion"},{"floor":44,"key":"Strength Potion"},{"floor":46,"key":"Regen Potion"}],"is_trial":false,"path_per_floor":["M","?","M","$","M","R","?","E","T","R","E","R","M","?","R","B",null,"M","?","M","$","?","R","E","R","T","E","?","E","M","$","R","B",null,"M","M","?","M","M","E","M","E","T","E","M","E","?","E","R","B",null],"character_chosen":"DEFECT","items_purchased":["Defragment","Glacier","ClockworkSouvenir","Defragment","Defragment"],"campfire_rested":1,"item_purchase_floors":[4,21,21,21,31],"current_hp_per_floor":[75,64,64,64,60,60,60,46,46,46,25,25,25,25,62,36,75,74,74,73,73,73,73,73,73,73,55,55,31,30,30,30,53,75,75,75,68,68,68,68,67,67,67,50,50,50,50,50,50,75],"gold":27,"neow_bonus":"HUNDRED_GOLD","is_prod":false,"is_daily":false,"chose_seed":false,"campfire_upgraded":7,"win_rate":1,"timestamp":1562527106,"path_taken":["M","?","M","$","M","R","?","E","T","R","E","R","M","?","R","BOSS","M","?","M","$","?","R","E","R","T","E","?","E","M","?","R","BOSS","M","M","?","M","M","E","M","E","T","E","?","E","?","E","R","BOSS"],"build_version":"2019-07-05","purchased_purges":3,"victory":true,"max_hp_per_floor":[75,75,75,75,75,75,75,75,75,75,75,75,75,75,75,75,75,75,75,75,75,75,75,75,75,75,75,75,75,75,75,75,75,75,75,75,75,75,75,75,75,75,75,75,75,75,75,75,75,75],"card_choices":[{"not_picked":["Melter","Aggregate"],"picked":"Sunder","floor":1.0},{"not_picked":["Compile Driver","FTL"],"picked":"Coolheaded","floor":3.0},{"not_picked":["Skim","Compile Driver","Ball Lightning"],"picked":"SKIP","floor":5.0},{"not_picked":["Ball Lightning","Streamline","Steam"],"picked":"SKIP","floor":8.0},{"not_picked":["Conserve Battery","Streamline"],"picked":"Biased Cognition","floor":11.0},{"not_picked":["Streamline","Sweeping Beam","Auto Shields"],"picked":"SKIP","floor":13.0},{"not_picked":["Rainbow","All For One"],"picked":"Electrodynamics","floor":16},{"not_picked":["Reinforced Body","Heatsinks"],"picked":"Coolheaded+1","floor":18},{"not_picked":["Steam","Rip and Tear+1","Reinforced Body"],"picked":"SKIP","floor":20},{"not_picked":["Chill","Hologram+1","Amplify"],"picked":"SKIP","floor":24},{"not_picked":["Go for the Eyes","Heatsinks"],"picked":"Ball Lightning","floor":27},{"not_picked":["Beam Cell","Streamline","Ball Lightning"],"picked":"SKIP","floor":29},{"not_picked":["Leap+1","Double Energy+1","Streamline+1"],"picked":"SKIP","floor":30},{"not_picked":["Thunder Strike","Hyperbeam"],"picked":"Buffer","floor":33},{"not_picked":["Turbo+1","Ball Lightning+1"],"picked":"Coolheaded+1","floor":35},{"not_picked":["Stack+1","Cold Snap","Conserve Battery+1"],"picked":"SKIP","floor":36},{"not_picked":["Rebound+1","Fusion","Streamline"],"picked":"SKIP","floor":38},{"not_picked":["Reinforced Body+1","Hologram"],"picked":"Gash+1","floor":39},{"not_picked":["Ball Lightning+1","Creative AI","Lockon"],"picked":"SKIP","floor":40},{"not_picked":["Sweeping Beam+1","Beam Cell+1","Cold Snap"],"picked":"SKIP","floor":41},{"not_picked":["Biased Cognition","Streamline+1","Barrage+1"],"picked":"SKIP","floor":42},{"not_picked":["Turbo","Recycle+1"],"picked":"Buffer+1","floor":44},{"not_picked":["Steam+1","Rebound+1","Compile Driver"],"picked":"SKIP","floor":45},{"not_picked":["Redo+1","Streamline+1","Compile Driver+1"],"picked":"SKIP","floor":46},{"not_picked":["Consume","Double Energy+1"],"picked":"Sunder","floor":48}],"player_experience":22705,"relics_obtained":[{"floor":8.0,"key":"Regal Pillow"},{"floor":9.0,"key":"Orichalcum"},{"floor":11.0,"key":"Smiling Mask"},{"floor":24,"key":"Oddly Smooth Stone"},{"floor":26,"key":"Shuriken"},{"floor":27,"key":"PreservedInsect"},{"floor":29,"key":"Pantograph"},{"floor":40,"key":"Darkstone Periapt"},{"floor":42,"key":"Frozen Egg 2"},{"floor":43,"key":"Anchor"},{"floor":44,"key":"Potion Belt"},{"floor":46,"key":"Incense Burner"},{"floor":48,"key":"Du-Vu Doll"}],"event_choices":[{"damage_healed":0.0,"max_hp_gain":0.0,"max_hp_loss":0.0,"gold_gain":75.0,"event_name":"World of Goop","player_choice":"Gather Gold","floor":2.0,"gold_loss":0.0,"damage_taken":11.0},{"cards_removed":["Strike_B"],"damage_healed":0.0,"max_hp_gain":0.0,"max_hp_loss":0.0,"gold_gain":0.0,"event_name":"The Cleric","player_choice":"Card Removal","floor":7.0,"gold_loss":50.0,"damage_taken":0.0},{"damage_healed":0.0,"max_hp_gain":0.0,"max_hp_loss":0.0,"gold_gain":0.0,"event_name":"Liars Game","player_choice":"Ignored","floor":14.0,"gold_loss":0.0,"damage_taken":0.0},{"damage_healed":0,"gold_gain":0,"player_choice":"Ignored","damage_taken":0,"max_hp_gain":0,"max_hp_loss":0,"event_name":"Vampires","floor":19,"gold_loss":0},{"damage_healed":0,"gold_gain":0,"player_choice":"Ignored","damage_taken":0,"max_hp_gain":0,"max_hp_loss":0,"event_name":"Ghosts","floor":28,"gold_loss":0},{"damage_healed":0,"gold_gain":0,"player_choice":"Damaged","damage_taken":7,"max_hp_gain":0,"max_hp_loss":0,"event_name":"Wheel of Change","floor":37,"gold_loss":0},{"damage_healed":0,"gold_gain":0,"player_choice":"Paid","damage_taken":0,"relics_obtained":["Red Mask"],"max_hp_gain":0,"max_hp_loss":0,"event_name":"Tomb of Lord Red Mask","floor":47,"gold_loss":372}],"is_beta":false,"boss_relics":[{"not_picked":["Lizard Tail","Nuclear Battery"],"picked":"Snecko Eye"},{"not_picked":["Eternal Feather","Coffee Dripper"],"picked":"Empty Cage"}],"items_purged_floors":[4,21,31],"is_endless":false,"potions_floor_spawned":[1,5,16,18,24,29,33,38,39,42,44,46],"ascension_level":3}