{"gold_per_floor":[214,226,286,312,312,356,376,298,298,146,146,161,161,161],"floor_reached":14,"playtime":316,"items_purged":[],"score":172,"play_id":"c1edcc13-e534-4b33-a0bb-65f1dd08120c","local_time":"20190618155130","is_ascension_mode":true,"campfire_choices":[{"floor":11,"key":"REST"}],"neow_cost":"NONE","seed_source_timestamp":4505691008190826,"circlet_count":0,"master_deck":["AscendersBane","Strike_R","Strike_R","Strike_R","Strike_R","Strike_R","Defend_R","Defend_R","Defend_R+1","Defend_R+1","Bash","Clothesline","Armaments","Shrug It Off","Feed","Dropkick","Apotheosis","Shockwave"],"relics":["Burning Blood","War Paint","Golden Idol","Vajra","The Courier"],"potions_floor_usage":[14],"damage_taken":[{"damage":8,"enemies":"Jaw Worm","floor":1,"turns":5},{"damage":4,"enemies":"Small Slimes","floor":2,"turns":3},{"damage":56,"enemies":"Lagavulin","floor":6,"turns":9},{"damage":1,"enemies":"2 Louse","floor":7,"turns":3},{"damage":41,"enemies":"Large Slime","floor":12,"turns":10},{"damage":8,"enemies":"Exordium Wildlife","floor":14,"turns":1}],"seed_played":"115189895402809042","potions_obtained":[{"floor":1,"key":"SpeedPotion"},{"floor":6,"key":"PowerPotion"}],"is_trial":false,"path_per_floor":["M","M","?","T","?","E","M","$","T","$","R","M","?","M"],"character_chosen":"IRONCLAD","items_purchased":["Dropkick","Apotheosis"],"campfire_rested":1,"item_purchase_floors":[8,10],"current_hp_per_floor":[66,68,68,68,68,18,23,23,23,23,43,8,8,0],"gold":161,"neow_bonus":"HUNDRED_GOLD","is_prod":false,"is_daily":false,"chose_seed":false,"campfire_upgraded":0,"win_rate":0,"timestamp":1560887490,"path_taken":["M","M","?","?","?","E","M","$","T","$","R","M","?","M"],"build_version":"2019-01-23","purchased_purges":0,"victory":false,"max_hp_per_floor":[75,75,75,75,68,68,68,68,68,68,68,68,68,68],"card_choices":[{"not_picked":["Inflame","Evolve"],"picked":"Clothesline","floor":1},{"not_picked":["Inflame","Intimidate"],"picked":"Armaments","floor":2},{"not_picked":["Sword Boomerang","Headbutt"],"picked":"Shrug It Off","floor":6},{"not_picked":["Rampage","Flame Barrier"],"picked":"Feed","floor":7},{"not_picked":["Ghostly Armor","Searing Blow"],"picked":"Shockwave","floor":12}],"player_experience":755789,"relics_obtained":[{"floor":4,"key":"War Paint"},{"floor":6,"key":"Vajra"},{"floor":9,"key":"The Courier"}],"event_choices":[{"damage_healed":0,"gold_gain":60,"player_choice":"Gained Gold","damage_taken":0,"max_hp_gain":0,"max_hp_loss":0,"event_name":"Golden Wing","floor":3,"gold_loss":0},{"damage_healed":0,"gold_gain":0,"player_choice":"Lose Max HP","damage_taken":0,"relics_obtained":["Golden Idol"],"max_hp_gain":0,"max_hp_loss":7,"event_name":"Golden Idol","floor":5,"gold_loss":0},{"damage_healed":0,"gold_gain":0,"player_choice":"Ignored","damage_taken":0,"max_hp_gain":0,"max_hp_loss":0,"event_name":"Liars Game","floor":13,"gold_loss":0}],"is_beta":false,"boss_relics":[],"items_purged_floors":[],"is_endless":false,"potions_floor_spawned":[1,6,7],"killed_by":"Exordium Wildlife","ascension_level":19}