{"gold_per_floor":[119,119,135,60,60,70,82,82,105,121,155,85,85,99,99,99],"floor_reached":16,"playtime":491,"items_purged":["Strike_G"],"score":204,"play_id":"ea41dbf8-fc52-4ff1-932b-78a9c3cd4191","local_time":"20190519223901","is_ascension_mode":true,"campfire_choices":[{"data":"Dagger Spray","floor":8,"key":"SMITH"},{"floor":13,"key":"REST"},{"floor":15,"key":"REST"}],"neow_cost":"NONE","seed_source_timestamp":277499413385600,"circlet_count":0,"master_deck":["AscendersBane","Defend_G","Defend_G","Defend_G","Defend_G","Strike_G","Strike_G","Strike_G","Strike_G","Survivor","Neutralize","Cloak And Dagger","Dagger Spray+1","Crippling Poison","Choke","Crippling Poison"],"special_seed":0,"relics":["Snecko Eye","Happy Flower","Bronze Scales"],"potions_floor_usage":[11,16],"damage_taken":[{"damage":2.0,"enemies":"2 Louse","floor":1.0,"turns":4.0},{"damage":0.0,"enemies":"Jaw Worm","floor":3.0,"turns":6.0},{"damage":4.0,"enemies":"Small Slimes","floor":6.0,"turns":4.0},{"damage":12.0,"enemies":"Exordium Wildlife","floor":7.0,"turns":5.0},{"damage":0,"enemies":"Exordium Thugs","floor":10,"turns":4},{"damage":35,"enemies":"Gremlin Nob","floor":11,"turns":5},{"damage":3,"enemies":"Red Slaver","floor":14,"turns":4},{"damage":45,"enemies":"The Guardian","floor":16,"turns":10}],"seed_played":"-2769001339423099343","potions_obtained":[{"floor":1.0,"key":"PowerPotion"},{"floor":3.0,"key":"AttackPotion"},{"floor":14,"key":"PowerPotion"}],"is_trial":false,"path_per_floor":["M","?","M","$","?","M","M","R","T","M","E","?","R","M","R","B"],"character_chosen":"THE_SILENT","items_purchased":[],"campfire_rested":2,"item_purchase_floors":[],"current_hp_per_floor":[57,62,62,62,55,51,39,39,39,39,4,4,25,22,43,0],"gold":99,"neow_bonus":"BOSS_RELIC","is_prod":false,"is_daily":false,"chose_seed":false,"campfire_upgraded":1,"win_rate":0,"timestamp":1558301941,"path_taken":["M","?","M","$","?","?","M","R","T","M","E","?","R","M","R","BOSS"],"build_version":"2019-01-23","purchased_purges":1,"victory":false,"max_hp_per_floor":[66,71,71,71,71,71,71,71,71,71,71,71,71,71,71,71],"card_choices":[{"not_picked":["Heel Hook","Backflip","Caltrops"],"picked":"SKIP","floor":1.0},{"not_picked":["Poisoned Stab","Prepared","Endless Agony"],"picked":"SKIP","floor":3.0},{"not_picked":["Catalyst","Prepared"],"picked":"Cloak And Dagger","floor":6.0},{"not_picked":["Distraction","Blade Dance"],"picked":"Dagger Spray","floor":7.0},{"not_picked":["Heel Hook","Endless Agony"],"picked":"Crippling Poison","floor":10},{"not_picked":["Poisoned Stab","Outmaneuver"],"picked":"Choke","floor":11},{"not_picked":["Deflect","Heel Hook"],"picked":"Crippling Poison","floor":14}],"player_experience":1367782,"relics_obtained":[{"floor":9,"key":"Happy Flower"},{"floor":11,"key":"Bronze Scales"}],"event_choices":[{"damage_healed":0.0,"max_hp_gain":5.0,"max_hp_loss":0.0,"gold_gain":0.0,"event_name":"Big Fish","player_choice":"Donut","floor":2.0,"gold_loss":0.0,"damage_taken":0.0},{"cards_removed":["Defend_G"],"damage_healed":0.0,"max_hp_gain":0.0,"max_hp_loss":0.0,"gold_gain":0.0,"event_name":"Golden Wing","player_choice":"Card Removal","floor":5.0,"gold_loss":0.0,"damage_taken":7.0},{"damage_healed":0,"gold_gain":0,"player_choice":"Left Gold","damage_taken":0,"max_hp_gain":0,"max_hp_loss":0,"event_name":"World of Goop","floor":12,"gold_loss":70}],"is_beta":false,"boss_relics":[],"items_purged_floors":[4],"is_endless":false,"potions_floor_spawned":[1,3,14],"killed_by":"The Guardian","ascension_level":20}