{"gold_per_floor":[119,194,194,214,156,196,34,34,57,73,73,173,198,212,212,212],"floor_reached":16,"playtime":447,"items_purged":["Strike_G"],"score":250,"play_id":"a1c74572-d708-46ce-985c-7014a1692ff1","local_time":"20190630150853","is_ascension_mode":true,"campfire_choices":[{"data":"Neutralize","floor":8,"key":"SMITH"},{"data":"Tools of the Trade","floor":11,"key":"SMITH"},{"data":"Dagger Spray","floor":15,"key":"SMITH"}],"neow_cost":"NONE","seed_source_timestamp":5539602530865525,"circlet_count":0,"master_deck":["AscendersBane","Defend_G","Defend_G","Defend_G","Defend_G","Defend_G","Strike_G","Strike_G","Strike_G","Strike_G","Survivor","Neutralize+1","Cloak And Dagger","Outmaneuver","Dagger Spray+1","Quick Slash","Dash","Tools of the Trade+1","PiercingWail"],"relics":["Ring of the Snake","NeowsBlessing","Golden Idol","Anchor","Dream Catcher"],"potions_floor_usage":[10,16],"damage_taken":[{"damage":0,"enemies":"2 Louse","floor":1,"turns":1},{"damage":0,"enemies":"Small Slimes","floor":4,"turns":1},{"damage":0,"enemies":"Gremlin Nob","floor":6,"turns":1},{"damage":0,"enemies":"Cultist","floor":10,"turns":4},{"damage":8,"enemies":"Exordium Wildlife","floor":13,"turns":6},{"damage":3,"enemies":"Lots of Slimes","floor":14,"turns":3},{"damage":58,"enemies":"Hexaghost","floor":16,"turns":11}],"seed_played":"9018654024865566639","potions_obtained":[{"floor":6,"key":"Regen Potion"},{"floor":10,"key":"Fruit Juice"}],"is_trial":false,"path_per_floor":["M","?","?","M","$","E","$","R","T","M","R","?","M","M","R","B"],"character_chosen":"THE_SILENT","items_purchased":["Dagger Spray","Dash"],"campfire_rested":0,"item_purchase_floors":[5,7],"current_hp_per_floor":[59,48,48,48,48,48,48,48,48,53,53,53,45,42,42,0],"gold":212,"neow_bonus":"THREE_ENEMY_KILL","is_prod":false,"is_daily":false,"chose_seed":false,"campfire_upgraded":3,"win_rate":0,"timestamp":1561921733,"path_taken":["M","?","?","M","$","E","$","R","T","M","R","?","M","?","R","BOSS"],"build_version":"2019-01-23","purchased_purges":1,"victory":false,"max_hp_per_floor":[66,66,60,60,60,60,60,60,60,65,65,65,65,65,65,65],"card_choices":[{"not_picked":["Dodge and Roll","Setup"],"picked":"Cloak And Dagger","floor":1},{"not_picked":["Calculated Gamble","Blade Dance"],"picked":"Outmaneuver","floor":4},{"not_picked":["Dodge and Roll","Setup"],"picked":"Quick Slash","floor":6},{"not_picked":["Flying Knee","Heel Hook"],"picked":"Tools of the Trade","floor":10},{"not_picked":["Prepared","Dodge and Roll"],"picked":"PiercingWail","floor":13},{"not_picked":["Prepared","Slice","Dagger Throw"],"picked":"SKIP","floor":14}],"player_experience":815289,"relics_obtained":[{"floor":6,"key":"Anchor"},{"floor":9,"key":"Dream Catcher"}],"event_choices":[{"damage_healed":0,"gold_gain":75,"player_choice":"Gather Gold","damage_taken":11,"max_hp_gain":0,"max_hp_loss":0,"event_name":"World of Goop","floor":2,"gold_loss":0},{"damage_healed":0,"gold_gain":0,"player_choice":"Lose Max HP","damage_taken":0,"relics_obtained":["Golden Idol"],"max_hp_gain":0,"max_hp_loss":6,"event_name":"Golden Idol","floor":3,"gold_loss":0},{"damage_healed":0,"gold_gain":100,"player_choice":"Gold","damage_taken":0,"max_hp_gain":0,"max_hp_loss":0,"event_name":"Wheel of Change","floor":12,"gold_loss":0}],"is_beta":false,"boss_relics":[],"items_purged_floors":[7],"is_endless":false,"potions_floor_spawned":[6,10],"killed_by":"Hexaghost","ascension_level":20}