{"gold_per_floor":[109,109,73,38,55,82,98,98,171,199,217,230,263,283,283,381,381,396,247,267,282,197,228,228,246,546,546,546,564,582,432,432,528,528,544,544,284,295,312,312,61,95,120,120,120,130,130,0,0,0],"floor_reached":51,"playtime":2397,"items_purged":["Strike_G"],"score":861,"play_id":"dce9dbbc-696d-4b62-a94a-d4b04c7586cc","local_time":"20180801221943","is_ascension_mode":true,"campfire_choices":[{"data":"Caltrops","floor":8.0,"key":"SMITH"},{"data":"After Image","floor":15.0,"key":"SMITH"},{"floor":24.0,"key":"REST"},{"floor":32,"key":"REST"},{"floor":40,"key":"REST"},{"floor":44,"key":"REST"},{"floor":47,"key":"REST"},{"data":"Noxious Fumes","floor":49,"key":"SMITH"}],"neow_cost":"NONE","seed_source_timestamp":0,"circlet_count":0,"master_deck":["Defend_G+1","Defend_G+1","Defend_G+1","Defend_G+1","Defend_G+1","Strike_G+1","Strike_G+1","Strike_G+1","Survivor","Neutralize+1","Dagger Throw","Caltrops+1","Bouncing Flask","Blade Dance","Dodge and Roll","Backflip","Prepared","After Image+1","Riddle With Holes","After Image","Dagger Spray","Accuracy","Backflip","Blade Dance+1","Crippling Poison+1","Footwork+1","Dagger Spray","Noxious Fumes+1","A Thousand Cuts","After Image","Infinite Blades","Accuracy+1","Dash","Wraith Form v2","Flash of Steel","Poisoned Stab"],"special_seed":0,"relics":["Ring of the Serpent","NeowsBlessing","Strawberry","Ninja Scroll","Darkstone Periapt","Pear","WristBlade","Potion Belt","Ancient Tea Set","Old Coin","Tingsha","Bottled Tornado","Bag of Preparation","Lantern","Omamori","Red Mask"],"potions_floor_usage":[33,39,42,50,50,50],"damage_taken":[{"damage":0.0,"enemies":"Small Slimes","floor":1.0,"turns":1.0},{"damage":0.0,"enemies":"Jaw Worm","floor":5.0,"turns":1.0},{"damage":0.0,"enemies":"3 Sentries","floor":6.0,"turns":1.0},{"damage":0.0,"enemies":"2 Louse","floor":7.0,"turns":2.0},{"damage":28.0,"enemies":"Gremlin Nob","floor":10.0,"turns":3.0},{"damage":0.0,"enemies":"Exordium Wildlife","floor":11.0,"turns":2.0},{"damage":0.0,"enemies":"Large Slime","floor":12.0,"turns":6.0},{"damage":5.0,"enemies":"3 Sentries","floor":13.0,"turns":8.0},{"damage":8.0,"enemies":"3 Louse","floor":14.0,"turns":2.0},{"damage":23.0,"enemies":"Hexaghost","floor":16.0,"turns":11.0},{"damage":1.0,"enemies":"Chosen","floor":18.0,"turns":5.0},{"damage":4.0,"enemies":"Shell Parasite","floor":20.0,"turns":6.0},{"damage":8.0,"enemies":"Snecko","floor":21.0,"turns":6.0},{"damage":37.0,"enemies":"Gremlin Leader","floor":23.0,"turns":10.0},{"damage":0.0,"enemies":"Slaver and Parasite","floor":25.0,"turns":5.0},{"damage":16.0,"enemies":"Centurion and Healer","floor":29.0,"turns":6.0},{"damage":18,"enemies":"3 Cultists","floor":30,"turns":6},{"damage":27,"enemies":"Collector","floor":33,"turns":9},{"damage":8,"enemies":"Orb Walker","floor":35,"turns":5},{"damage":0,"floor":36,"turns":7},{"damage":23,"enemies":"Flame Bruiser 1 Orb","floor":38,"turns":7},{"damage":50,"enemies":"Transient","floor":39,"turns":5},{"damage":9,"enemies":"Nemesis","floor":42,"turns":7},{"damage":0,"enemies":"Sphere and 2 Shapes","floor":46,"turns":5},{"damage":29,"enemies":"Donu and Deca","floor":50,"turns":11}],"seed_played":"477890886818502590","potions_obtained":[{"floor":5.0,"key":"GhostInAJar"},{"floor":10.0,"key":"Dexterity Potion"},{"floor":11.0,"key":"SpeedPotion"},{"floor":16.0,"key":"Dexterity Potion"},{"floor":23.0,"key":"EssenceOfSteel"},{"floor":29.0,"key":"Ancient Potion"},{"floor":36,"key":"Weak Potion"},{"floor":39,"key":"Regen Potion"}],"is_trial":false,"path_per_floor":["M","?","$","?","M","E","M","R","T","E","M","M","E","M","R","B",null,"M","$","M","M","?","E","R","M","T","?","?","M","M","$","R","B",null,"M","?","$","M","M","R","$","E","T","R","?","M","R","?","R","B"],"character_chosen":"THE_SILENT","items_purchased":["Caltrops","Accuracy","A Thousand Cuts","Bottled Tornado","Flash of Steel","Bag of Preparation"],"campfire_rested":5,"item_purchase_floors":[3,19,31,37,41,41],"current_hp_per_floor":[70,56,56,70,70,77,77,77,77,49,49,49,54,46,46,23,87,86,86,82,74,74,37,63,63,63,63,63,47,29,29,55,28,87,79,79,79,56,6,32,32,38,38,64,64,64,87,87,87,58],"gold":0,"neow_bonus":"THREE_ENEMY_KILL","is_prod":false,"is_daily":false,"chose_seed":false,"campfire_upgraded":3,"win_rate":0,"timestamp":1533176383,"path_taken":["M","?","?","?","M","E","M","R","T","E","M","M","E","M","R","BOSS","M","$","M","M","?","E","R","M","T","?","?","M","M","$","R","BOSS","M","?","$","M","?","R","$","E","T","R","?","M","R","?","R","BOSS"],"build_version":"2018-07-26","purchased_purges":1,"victory":true,"max_hp_per_floor":[70,70,70,70,70,77,77,77,77,77,77,77,87,87,87,87,87,87,87,87,87,87,87,87,87,87,87,87,87,87,87,87,87,87,87,87,87,87,87,87,87,87,87,87,87,87,87,87,87,87],"card_choices":[{"not_picked":["Distraction","Outmaneuver"],"picked":"Dagger Throw","floor":1.0},{"not_picked":["Outmaneuver","Skewer","Concentrate"],"picked":"SKIP","floor":5.0},{"not_picked":["Wraith Form v2","All Out Attack"],"picked":"Bouncing Flask","floor":6.0},{"not_picked":["Outmaneuver","Setup"],"picked":"Blade Dance","floor":7.0},{"not_picked":["Acrobatics","Bane"],"picked":"Dodge and Roll","floor":10.0},{"not_picked":["Dodge and Roll","Bouncing Flask"],"picked":"Backflip","floor":11.0},{"not_picked":["Acrobatics","Bane"],"picked":"Prepared","floor":12.0},{"not_picked":["Skewer","Choke"],"picked":"After Image","floor":13.0},{"not_picked":["Quick Slash","Endless Agony"],"picked":"Riddle With Holes","floor":14.0},{"not_picked":["Wraith Form v2","Unload"],"picked":"After Image","floor":16.0},{"not_picked":["Quick Slash","Dash"],"picked":"Dagger Spray","floor":18.0},{"not_picked":["Prepared+1","Acrobatics"],"picked":"Backflip","floor":20.0},{"not_picked":["Slice","Prepared"],"picked":"Blade Dance+1","floor":21.0},{"not_picked":["Caltrops","Blur"],"picked":"Crippling Poison+1","floor":23.0},{"not_picked":["Flying Knee","Backflip"],"picked":"Footwork+1","floor":25.0},{"not_picked":["Bane","Flechettes"],"picked":"Dagger Spray","floor":29.0},{"not_picked":["Underhanded Strike","Heel Hook"],"picked":"Noxious Fumes","floor":30},{"not_picked":["Bullet Time","Tools of the Trade"],"picked":"After Image","floor":33},{"not_picked":["Backstab+1","Bouncing Flask"],"picked":"Infinite Blades","floor":35},{"not_picked":["Poisoned Stab+1","Footwork"],"picked":"Accuracy+1","floor":36},{"not_picked":["Bouncing Flask+1","Backflip+1"],"picked":"Dash","floor":38},{"not_picked":["Escape Plan","Prepared"],"picked":"Wraith Form v2","floor":39},{"not_picked":["Backflip","Dagger Throw"],"picked":"Poisoned Stab","floor":42},{"not_picked":["Sucker Punch","PiercingWail+1","Outmaneuver+1"],"picked":"SKIP","floor":46}],"player_experience":196025,"relics_obtained":[{"floor":6.0,"key":"Strawberry"},{"floor":9.0,"key":"Ninja Scroll"},{"floor":10.0,"key":"Darkstone Periapt"},{"floor":13.0,"key":"Pear"},{"floor":23.0,"key":"Ancient Tea Set"},{"floor":26.0,"key":"Old Coin"},{"floor":36,"key":"Tingsha"},{"floor":42,"key":"Lantern"},{"floor":43,"key":"Omamori"}],"event_choices":[{"event_name":"Shining Light","player_choice":"Entered Light","floor":2.0,"damage_taken":0.0},{"event_name":"The Cleric","player_choice":"Healed","floor":4.0,"damage_taken":0.0},{"event_name":"Addict","player_choice":"Obtained Relic","floor":22.0,"damage_taken":0.0},{"event_name":"Ghosts","player_choice":"Ignored","floor":27.0,"damage_taken":0.0},{"event_name":"Back to Basics","player_choice":"Simplicity","floor":28.0,"damage_taken":0.0},{"event_name":"MindBloom","player_choice":"Fight","floor":36,"damage_taken":0},{"event_name":"Falling","player_choice":"Removed Attack","floor":45,"damage_taken":0},{"event_name":"Tomb of Lord Red Mask","player_choice":"Paid","floor":48,"damage_taken":0}],"is_beta":false,"boss_relics":[{"not_picked":["Orrery","Coffee Dripper"],"picked":"WristBlade"},{"not_picked":["Velvet Choker","Pandora\u0027s Box"],"picked":"Ring of the Serpent"}],"items_purged_floors":[19],"is_endless":false,"potions_floor_spawned":[5,10,11,12,16,20,21,23,29,36,39],"ascension_level":2}