{"gold_per_floor":[218,233,193,193,193,221,221,5,305,316,345,345,360,394,394,469,469,469,18,18,18,18,18,18,18,18,18,18,18,18,18,18,18,18,18,18,0,0,0,0],"floor_reached":40,"playtime":1951,"items_purged":["Strike_G"],"score":938,"play_id":"59e0f403-e2ab-4a59-99f2-7f10792022c2","local_time":"20190703145053","is_ascension_mode":true,"campfire_choices":[{"data":"Neutralize","floor":12.0,"key":"SMITH"},{"data":"Malaise","floor":15.0,"key":"SMITH"},{"floor":23.0,"key":"REST"},{"data":"Burst","floor":25.0,"key":"SMITH"},{"data":"Blade Dance","floor":32,"key":"SMITH"}],"neow_cost":"NONE","seed_source_timestamp":5795948891493428,"circlet_count":0,"master_deck":["AscendersBane","Strike_G","Strike_G","Strike_G","Strike_G","Defend_G","Defend_G","Defend_G","Defend_G","Defend_G","Survivor","Neutralize+1","Dagger Spray+1","Quick Slash","Malaise+1","Masterful Stab","Backflip","Burst+1","Blade Dance+1","Corpse Explosion","Dodge and Roll","Sucker Punch","Adrenaline","Leg Sweep","Backflip","Deflect","Caltrops","Cloak And Dagger","Phantasmal Killer"],"special_seed":0,"relics":["Ring of the Snake","Mercury Hourglass","Shuriken","Lee\u0027s Waffle","Old Coin","Kunai","Darkstone Periapt","Ectoplasm","ClockworkSouvenir","Blood Vial","Matryoshka","Tingsha","Happy Flower","WristBlade","Red Mask"],"potions_floor_usage":[31,40,40],"damage_taken":[{"damage":7.0,"enemies":"Jaw Worm","floor":1.0,"turns":5.0},{"damage":2.0,"enemies":"2 Louse","floor":2.0,"turns":2.0},{"damage":30.0,"enemies":"Gremlin Nob","floor":6.0,"turns":4.0},{"damage":0.0,"enemies":"Small Slimes","floor":10.0,"turns":2.0},{"damage":20.0,"enemies":"3 Sentries","floor":11.0,"turns":4.0},{"damage":0.0,"enemies":"Looter","floor":13.0,"turns":3.0},{"damage":42.0,"enemies":"Gremlin Nob","floor":14.0,"turns":5.0},{"damage":13.0,"enemies":"The Guardian","floor":16.0,"turns":13.0},{"damage":2.0,"enemies":"3 Byrds","floor":18.0,"turns":3.0},{"damage":0.0,"enemies":"Chosen","floor":20.0,"turns":4.0},{"damage":0.0,"enemies":"Centurion and Healer","floor":24.0,"turns":3.0},{"damage":6.0,"enemies":"Slavers","floor":27.0,"turns":4.0},{"damage":3.0,"enemies":"Snake Plant","floor":28.0,"turns":6.0},{"damage":0.0,"enemies":"Shelled Parasite and Fungi","floor":29.0,"turns":5.0},{"damage":0.0,"enemies":"Centurion and Healer","floor":30.0,"turns":7.0},{"damage":14,"enemies":"Book of Stabbing","floor":31,"turns":7},{"damage":2,"enemies":"Champ","floor":33,"turns":13},{"damage":0,"enemies":"Orb Walker","floor":35,"turns":3},{"damage":0,"enemies":"3 Shapes","floor":39,"turns":5},{"damage":115,"enemies":"Giant Head","floor":40,"turns":11}],"seed_played":"-5749214136611589914","potions_obtained":[{"floor":1.0,"key":"Regen Potion"},{"floor":10.0,"key":"PowerPotion"},{"floor":16.0,"key":"SteroidPotion"},{"floor":18.0,"key":"GhostInAJar"},{"floor":27.0,"key":"Energy Potion"},{"floor":28.0,"key":"PowerPotion"},{"floor":31,"key":"Energy Potion"}],"is_trial":false,"path_per_floor":["M","M","?","?","?","E","?","$","T","M","E","R","M","E","R","B",null,"M","$","M","?","?","R","M","R","T","E","M","M","M","E","R","B",null,"M","?","?","$","M","E"],"character_chosen":"THE_SILENT","items_purchased":["Lee\u0027s Waffle","ClockworkSouvenir","Blood Vial"],"campfire_rested":1,"item_purchase_floors":[8,19,19],"current_hp_per_floor":[52,50,50,50,50,20,2,73,73,73,53,53,53,11,11,13,58,56,56,58,37,37,60,62,62,62,58,57,59,61,49,49,49,71,73,73,73,73,74,0],"gold":0,"neow_bonus":"HUNDRED_GOLD","is_prod":false,"is_daily":false,"chose_seed":false,"campfire_upgraded":4,"win_rate":0,"timestamp":1562179853,"path_taken":["M","M","?","?","?","E","?","$","T","M","E","R","M","E","R","BOSS","M","$","M","?","?","R","M","R","T","E","?","M","M","E","R","BOSS","M","?","?","$","M","E"],"build_version":"2019-07-01","purchased_purges":1,"victory":false,"max_hp_per_floor":[66,66,66,66,66,66,66,73,73,73,73,73,73,73,73,73,73,73,73,73,78,78,78,78,78,78,78,78,78,78,78,78,78,78,78,74,74,74,74,74],"card_choices":[{"not_picked":["Masterful Stab","Poisoned Stab"],"picked":"Dagger Spray","floor":1.0},{"not_picked":["PiercingWail","Dodge and Roll"],"picked":"Quick Slash","floor":2.0},{"not_picked":["Flechettes","Slice"],"picked":"Malaise","floor":6.0},{"not_picked":["Flechettes","Quick Slash"],"picked":"Masterful Stab","floor":10.0},{"not_picked":["Eviscerate","Distraction"],"picked":"Backflip","floor":11.0},{"not_picked":["Sucker Punch","Prepared"],"picked":"Burst","floor":13.0},{"not_picked":["Deflect","Slice"],"picked":"Blade Dance","floor":14.0},{"not_picked":["Storm of Steel","Die Die Die"],"picked":"Corpse Explosion","floor":16.0},{"not_picked":["Deadly Poison","Riddle With Holes"],"picked":"Dodge and Roll","floor":18.0},{"not_picked":["Dagger Spray","Reflex"],"picked":"Sucker Punch","floor":20.0},{"not_picked":["Dodge and Roll","Burst"],"picked":"Leg Sweep","floor":24.0},{"not_picked":["Dagger Throw","Tactician"],"picked":"Backflip","floor":27.0},{"not_picked":["Quick Slash","Setup","Masterful Stab"],"picked":"SKIP","floor":28.0},{"not_picked":["Flying Knee","Reflex"],"picked":"Deflect","floor":29.0},{"not_picked":["Flying Knee","PiercingWail+1"],"picked":"Caltrops","floor":30.0},{"not_picked":["Tools of the Trade","Quick Slash"],"picked":"Cloak And Dagger","floor":31},{"not_picked":["Unload","Venomology"],"picked":"Phantasmal Killer","floor":33},{"not_picked":["Dagger Throw","Slice","Prepared"],"picked":"SKIP","floor":35},{"not_picked":["Accuracy","Bane+1","Backflip"],"picked":"SKIP","floor":39}],"player_experience":845626,"relics_obtained":[{"floor":6.0,"key":"Mercury Hourglass"},{"floor":9.0,"key":"Old Coin"},{"floor":11.0,"key":"Kunai"},{"floor":14.0,"key":"Darkstone Periapt"},{"floor":26.0,"key":"Matryoshka"},{"floor":27.0,"key":"Tingsha"},{"floor":31,"key":"Happy Flower"}],"event_choices":[{"damage_healed":0.0,"max_hp_gain":0.0,"max_hp_loss":0.0,"gold_gain":0.0,"event_name":"World of Goop","player_choice":"Left Gold","floor":3.0,"gold_loss":40.0,"damage_taken":0.0},{"damage_healed":0.0,"max_hp_gain":0.0,"max_hp_loss":0.0,"gold_gain":0.0,"event_name":"Liars Game","player_choice":"Ignored","floor":4.0,"gold_loss":0.0,"damage_taken":0.0},{"damage_healed":0.0,"max_hp_gain":0.0,"max_hp_loss":0.0,"gold_gain":0.0,"event_name":"Living Wall","player_choice":"Grow","floor":5.0,"gold_loss":0.0,"damage_taken":0.0,"cards_upgraded":["Dagger Spray"]},{"damage_healed":0.0,"max_hp_gain":0.0,"max_hp_loss":0.0,"gold_gain":0.0,"event_name":"Scrap Ooze","player_choice":"Success","floor":7.0,"gold_loss":0.0,"damage_taken":18.0,"relics_obtained":["Shuriken"]},{"damage_healed":0.0,"max_hp_gain":5.0,"max_hp_loss":0.0,"gold_gain":0.0,"event_name":"Forgotten Altar","player_choice":"Shed Blood","floor":21.0,"gold_loss":0.0,"damage_taken":26.0},{"damage_healed":0.0,"max_hp_gain":0.0,"max_hp_loss":0.0,"gold_gain":0.0,"event_name":"Match and Keep!","player_choice":"1 cards matched","floor":22.0,"gold_loss":0.0,"damage_taken":0.0,"cards_obtained":["Adrenaline"]},{"damage_healed":0,"gold_gain":0,"player_choice":"Max HP","damage_taken":0,"max_hp_gain":0,"max_hp_loss":4,"event_name":"Winding Halls","floor":36,"gold_loss":0},{"damage_healed":0,"gold_gain":0,"player_choice":"Paid","damage_taken":0,"relics_obtained":["Red Mask"],"max_hp_gain":0,"max_hp_loss":0,"event_name":"Tomb of Lord Red Mask","floor":37,"gold_loss":18}],"is_beta":false,"boss_relics":[{"not_picked":["White Beast Statue","Velvet Choker"],"picked":"Ectoplasm"},{"not_picked":["Eternal Feather","Lizard Tail"],"picked":"WristBlade"}],"items_purged_floors":[19],"is_endless":false,"potions_floor_spawned":[1,10,16,18,20,27,28,31,33,39],"killed_by":"Giant Head","ascension_level":20}