{"gold_per_floor":[119,194,194,194,194,232,232,276,302,321,134,134,177,195,195,285,285,298,298,278,293,308,308,308],"floor_reached":24,"playtime":515,"items_purged":[],"score":524,"play_id":"6fc727a6-2f8f-4b54-9a8a-767219524657","local_time":"20190619164442","is_ascension_mode":true,"campfire_choices":[{"data":"Bash","floor":7,"key":"SMITH"},{"data":"Apotheosis","floor":15,"key":"SMITH"},{"data":"Demon Form","floor":23,"key":"SMITH"}],"neow_cost":"NONE","seed_source_timestamp":4595065662465797,"circlet_count":0,"master_deck":["AscendersBane","Strike_R+1","Strike_R+1","Strike_R","Strike_R","Defend_R+1","Defend_R","Defend_R","Defend_R+1","Bash+1","Cleave","Thunderclap","Iron Wave","Sword Boomerang","Apotheosis+1","Limit Break","Dropkick","Demon Form+1","Shrug It Off","Shrug It Off"],"relics":["Burning Blood","NeowsBlessing","Golden Idol","Torii","War Paint","Red Skull","Anchor","Whetstone","Coffee Dripper"],"potions_floor_usage":[13,22,24],"damage_taken":[{"damage":0,"enemies":"Cultist","floor":1,"turns":1},{"damage":0,"enemies":"3 Sentries","floor":6,"turns":1},{"damage":0,"enemies":"Gremlin Nob","floor":8,"turns":1},{"damage":0,"enemies":"Small Slimes","floor":10,"turns":2},{"damage":11,"enemies":"3 Sentries","floor":13,"turns":5},{"damage":0,"enemies":"Jaw Worm","floor":14,"turns":3},{"damage":66,"enemies":"The Guardian","floor":16,"turns":11},{"damage":10,"enemies":"Chosen","floor":18,"turns":4},{"damage":23,"enemies":"2 Thieves","floor":21,"turns":4},{"damage":27,"enemies":"Chosen and Byrds","floor":22,"turns":6},{"damage":19,"enemies":"Sentry and Sphere","floor":24,"turns":5}],"seed_played":"-1716162414420753065","potions_obtained":[{"floor":6,"key":"Ancient Potion"},{"floor":8,"key":"Block Potion"},{"floor":20,"key":"AttackPotion"}],"is_trial":false,"path_per_floor":["M","?","?","$","?","E","R","E","T","M","$","T","E","M","R","B",null,"M","?","?","M","M","R","M"],"character_chosen":"IRONCLAD","items_purchased":["Apotheosis"],"campfire_rested":0,"item_purchase_floors":[11],"current_hp_per_floor":[74,63,63,63,68,73,73,73,73,73,73,73,68,73,73,13,58,54,54,54,37,16,16,0],"gold":308,"neow_bonus":"THREE_ENEMY_KILL","is_prod":false,"is_daily":false,"chose_seed":false,"campfire_upgraded":3,"win_rate":0,"timestamp":1560977082,"path_taken":["M","?","?","$","?","E","R","E","T","M","?","?","E","M","R","BOSS","M","?","?","?","M","R","M"],"build_version":"2019-01-23","purchased_purges":0,"victory":false,"max_hp_per_floor":[75,75,68,68,73,73,73,73,73,73,73,73,73,73,73,73,73,73,73,73,73,73,73,73],"card_choices":[{"not_picked":["Havoc","Battle Trance"],"picked":"Cleave","floor":1},{"not_picked":["Evolve","Rupture"],"picked":"Thunderclap","floor":6},{"not_picked":["Offering","Clash"],"picked":"Iron Wave","floor":8},{"not_picked":["Cleave","Searing Blow"],"picked":"Sword Boomerang","floor":10},{"not_picked":["Perfected Strike","Rupture"],"picked":"Limit Break","floor":13},{"not_picked":["Headbutt","Clash"],"picked":"Dropkick","floor":14},{"not_picked":["Dark Embrace","Reaper"],"picked":"Demon Form","floor":16},{"not_picked":["Blood for Blood","Bloodletting"],"picked":"Shrug It Off","floor":18},{"not_picked":["Body Slam+1","Searing Blow"],"picked":"Shrug It Off","floor":21},{"not_picked":["Armaments+1","Brutality","Flex"],"picked":"SKIP","floor":22}],"player_experience":764457,"relics_obtained":[{"floor":6,"key":"Torii"},{"floor":8,"key":"War Paint"},{"floor":9,"key":"Red Skull"},{"floor":12,"key":"Anchor"},{"floor":13,"key":"Whetstone"}],"event_choices":[{"damage_healed":0,"gold_gain":75,"player_choice":"Gather Gold","damage_taken":11,"max_hp_gain":0,"max_hp_loss":0,"event_name":"World of Goop","floor":2,"gold_loss":0},{"damage_healed":0,"gold_gain":0,"player_choice":"Lose Max HP","damage_taken":0,"relics_obtained":["Golden Idol"],"max_hp_gain":0,"max_hp_loss":7,"event_name":"Golden Idol","floor":3,"gold_loss":0},{"damage_healed":0,"gold_gain":0,"player_choice":"Donut","damage_taken":0,"max_hp_gain":5,"max_hp_loss":0,"event_name":"Big Fish","floor":5,"gold_loss":0},{"cards_removed":["Strike_R"],"damage_healed":0,"gold_gain":0,"player_choice":"Elegance","damage_taken":0,"max_hp_gain":0,"max_hp_loss":0,"event_name":"Back to Basics","floor":19,"gold_loss":0},{"damage_healed":0,"gold_gain":0,"player_choice":"Bought 1 Potion","damage_taken":0,"max_hp_gain":0,"max_hp_loss":0,"event_name":"The Woman in Blue","floor":20,"gold_loss":0}],"is_beta":false,"boss_relics":[{"not_picked":["Black Star","Cursed Key"],"picked":"Coffee Dripper"}],"items_purged_floors":[],"is_endless":false,"potions_floor_spawned":[6,8,10],"killed_by":"Sentry and Sphere","ascension_level":20}