{"gold_per_floor":[113,113,125,125,125,158,158,194,194,194,215,240,240,254,254,254],"floor_reached":16,"playtime":451,"items_purged":[],"score":270,"play_id":"dc396bf3-3c80-4b83-94ef-9a1427487f74","local_time":"20190513152120","is_ascension_mode":true,"campfire_choices":[{"floor":7.0,"key":"DIG"},{"floor":10,"key":"REST"},{"floor":15,"key":"REST"}],"neow_cost":"NONE","seed_source_timestamp":328716253205700,"circlet_count":0,"master_deck":["AscendersBane","Defend_G","Defend_G+1","Defend_G","Defend_G","Defend_G","Strike_G+1","Strike_G","Strike_G","Strike_G","Strike_G","Survivor","Neutralize","Dash","Underhanded Strike","Predator","Well Laid Plans+1","Prepared","Quick Slash","Calculated Gamble+1"],"special_seed":0,"relics":["Ring of the Snake","NeowsBlessing","Golden Idol","Shovel","Strawberry","Ginger","Frozen Egg 2","Toxic Egg 2"],"potions_floor_usage":[],"damage_taken":[{"damage":0.0,"enemies":"Cultist","floor":1.0,"turns":1.0},{"damage":0.0,"enemies":"2 Louse","floor":3.0,"turns":1.0},{"damage":0.0,"enemies":"Gremlin Nob","floor":6.0,"turns":1.0},{"damage":41.0,"enemies":"3 Sentries","floor":8.0,"turns":13.0},{"damage":3,"enemies":"Jaw Worm","floor":11,"turns":4},{"damage":2,"enemies":"2 Fungi Beasts","floor":12,"turns":4},{"damage":7,"enemies":"Gremlin Gang","floor":14,"turns":4},{"damage":32,"enemies":"Slime Boss","floor":16,"turns":8}],"seed_played":"-3406466023710626640","potions_obtained":[{"floor":3.0,"key":"AttackPotion"}],"is_trial":false,"path_per_floor":["M","?","M","?","?","E","R","E","T","R","M","M","T","M","R","B"],"character_chosen":"THE_SILENT","items_purchased":[],"campfire_rested":2,"item_purchase_floors":[],"current_hp_per_floor":[59,39,39,39,39,46,46,5,5,25,22,20,20,13,33,1],"gold":254,"neow_bonus":"THREE_ENEMY_KILL","is_prod":false,"is_daily":false,"chose_seed":false,"campfire_upgraded":0,"win_rate":0,"timestamp":1557757280,"path_taken":["M","?","M","?","?","E","R","E","T","R","M","?","?","M","R","BOSS"],"build_version":"2019-01-23","purchased_purges":0,"victory":false,"max_hp_per_floor":[66,66,66,60,60,67,67,67,67,67,67,67,67,67,67,67],"card_choices":[{"not_picked":["Dodge and Roll","Expertise"],"picked":"Dash","floor":1.0},{"not_picked":["Prepared","Blade Dance"],"picked":"Underhanded Strike","floor":3.0},{"not_picked":["Backflip","Poisoned Stab"],"picked":"Predator","floor":6.0},{"not_picked":["Outmaneuver","Leg Sweep"],"picked":"Well Laid Plans","floor":8.0},{"not_picked":["Poisoned Stab","Bane"],"picked":"Prepared","floor":11},{"not_picked":["Acrobatics","Slice"],"picked":"Quick Slash","floor":12},{"not_picked":["Riddle With Holes","Bane"],"picked":"Calculated Gamble+1","floor":14}],"player_experience":1352699,"relics_obtained":[{"floor":6.0,"key":"Strawberry"},{"floor":7.0,"key":"Ginger"},{"floor":8.0,"key":"Frozen Egg 2"},{"floor":13,"key":"Toxic Egg 2"}],"event_choices":[{"damage_healed":0.0,"max_hp_gain":0.0,"max_hp_loss":0.0,"gold_gain":0.0,"event_name":"Shining Light","player_choice":"Entered Light","floor":2.0,"gold_loss":0.0,"damage_taken":20.0,"cards_upgraded":["Defend_G","Strike_G"]},{"damage_healed":0.0,"max_hp_gain":0.0,"max_hp_loss":6.0,"gold_gain":0.0,"event_name":"Golden Idol","player_choice":"Lose Max HP","floor":4.0,"gold_loss":0.0,"damage_taken":0.0,"relics_obtained":["Golden Idol"]},{"damage_healed":0.0,"max_hp_gain":0.0,"max_hp_loss":0.0,"gold_gain":0.0,"event_name":"WeMeetAgain","player_choice":"Gave Potion","floor":5.0,"gold_loss":0.0,"damage_taken":0.0,"relics_obtained":["Shovel"]}],"is_beta":false,"boss_relics":[],"items_purged_floors":[],"is_endless":false,"potions_floor_spawned":[3],"killed_by":"Slime Boss","ascension_level":20}