{"gold_per_floor":[11,11,0,12,26,26,53,66,66,86,97,97,111,140,140,216,216,229,229,245,42,61,89,89,14,14,14,14,14,44,60,60,60],"floor_reached":33,"playtime":1356,"items_purged":[],"score":644,"play_id":"7a7e8a0a-5a61-4663-9085-6fd029a45293","local_time":"20190505175933","is_ascension_mode":true,"campfire_choices":[{"data":"Neutralize","floor":6,"key":"SMITH"},{"floor":12,"key":"REST"},{"data":"Noxious Fumes","floor":15,"key":"SMITH"},{"data":"Malaise","floor":24,"key":"SMITH"},{"floor":32,"key":"REST"}],"neow_cost":"NO_GOLD","seed_source_timestamp":711473392181501,"circlet_count":0,"master_deck":["AscendersBane","Defend_G","Defend_G","Defend_G","Defend_G","Defend_G","Strike_G","Strike_G","Strike_G","Strike_G","Survivor","Neutralize+1","Die Die Die+1","Deadly Poison","Dodge and Roll","Riddle With Holes","Die Die Die","Dagger Spray","Noxious Fumes+1","Backflip","Corpse Explosion","Malaise+1","Well Laid Plans","Noxious Fumes","Sucker Punch","Caltrops","Riddle With Holes+1"],"relics":["Ring of the Snake","Turnip","Pocketwatch","Unceasing Top","Snecko Eye","PreservedInsect","Pear","Bottled Flame","Dead Branch"],"potions_floor_usage":[7,14,14,23,30,33],"damage_taken":[{"damage":0,"enemies":"2 Louse","floor":1,"turns":2},{"damage":4,"enemies":"Jaw Worm","floor":4,"turns":5},{"damage":7,"enemies":"Small Slimes","floor":5,"turns":4},{"damage":26,"enemies":"Lagavulin","floor":7,"turns":6},{"damage":12,"enemies":"3 Louse","floor":8,"turns":3},{"damage":0,"enemies":"Large Slime","floor":10,"turns":4},{"damage":0,"enemies":"Exordium Thugs","floor":11,"turns":3},{"damage":0,"enemies":"2 Fungi Beasts","floor":13,"turns":1},{"damage":1,"enemies":"Gremlin Nob","floor":14,"turns":3},{"damage":7,"enemies":"The Guardian","floor":16,"turns":9},{"damage":8,"enemies":"Shell Parasite","floor":18,"turns":5},{"damage":9,"enemies":"2 Thieves","floor":20,"turns":2},{"damage":14,"enemies":"Chosen and Byrds","floor":22,"turns":5},{"damage":0,"enemies":"Gremlin Leader","floor":23,"turns":5},{"damage":24,"enemies":"Book of Stabbing","floor":30,"turns":7},{"damage":17,"enemies":"Sentry and Sphere","floor":31,"turns":5},{"damage":65,"enemies":"Automaton","floor":33,"turns":6}],"seed_played":"2923294323930773530","potions_obtained":[{"floor":5,"key":"SteroidPotion"},{"floor":10,"key":"AttackPotion"},{"floor":11,"key":"Fire Potion"},{"floor":16,"key":"AttackPotion"},{"floor":20,"key":"Poison Potion"},{"floor":23,"key":"FearPotion"},{"floor":30,"key":"Explosive Potion"}],"is_trial":false,"path_per_floor":["M","?","?","M","M","R","E","M","T","M","M","R","M","E","R","B",null,"M","?","M","$","M","E","R","?","T","$","?","?","E","M","R","B"],"character_chosen":"THE_SILENT","items_purchased":["PreservedInsect","Noxious Fumes"],"campfire_rested":2,"item_purchase_floors":[21,21],"current_hp_per_floor":[59,59,59,55,48,48,22,10,10,10,10,29,29,28,28,21,55,47,60,51,51,37,47,47,47,47,47,47,47,23,6,28,0],"gold":60,"neow_bonus":"THREE_RARE_CARDS","is_prod":false,"is_daily":false,"chose_seed":false,"campfire_upgraded":3,"win_rate":0,"timestamp":1557093573,"path_taken":["M","?","?","M","M","R","E","M","T","M","M","R","?","E","R","BOSS","M","?","M","$","M","E","R","?","T","$","?","?","E","M","R","BOSS"],"build_version":"2019-01-23","purchased_purges":0,"victory":false,"max_hp_per_floor":[66,66,66,66,66,66,66,66,66,66,66,66,66,66,66,66,66,66,66,66,66,66,76,76,76,76,76,76,76,76,76,76,76],"card_choices":[{"not_picked":["Night Terror","Burst"],"picked":"Die Die Die","floor":0},{"not_picked":["Catalyst","Setup"],"picked":"Deadly Poison","floor":1},{"not_picked":["Quick Slash","Tactician"],"picked":"Dodge and Roll","floor":4},{"not_picked":["Sucker Punch","Eviscerate"],"picked":"Riddle With Holes","floor":5},{"not_picked":["Bullet Time","Venomology"],"picked":"Die Die Die","floor":7},{"not_picked":["Eviscerate","Deflect"],"picked":"Dagger Spray","floor":8},{"not_picked":["Accuracy","Deadly Poison"],"picked":"Noxious Fumes","floor":10},{"not_picked":["Underhanded Strike","Dagger Throw"],"picked":"Backflip","floor":11},{"not_picked":["Expertise","Deflect","Outmaneuver"],"picked":"SKIP","floor":13},{"not_picked":["Deadly Poison","Backflip"],"picked":"Corpse Explosion","floor":14},{"not_picked":["Envenom","Burst"],"picked":"Malaise","floor":16},{"not_picked":["Deadly Poison","Dagger Throw","Backflip"],"picked":"SKIP","floor":18},{"not_picked":["Outmaneuver","Grand Finale"],"picked":"Well Laid Plans","floor":20},{"not_picked":["Quick Slash+1","Blade Dance"],"picked":"Sucker Punch","floor":22},{"not_picked":["Dagger Throw+1","Underhanded Strike+1","Distraction"],"picked":"SKIP","floor":23},{"not_picked":["Escape Plan","Infinite Blades"],"picked":"Caltrops","floor":30},{"not_picked":["Deadly Poison","Dodge and Roll"],"picked":"Riddle With Holes+1","floor":31}],"player_experience":673776,"relics_obtained":[{"floor":7,"key":"Turnip"},{"floor":9,"key":"Pocketwatch"},{"floor":14,"key":"Unceasing Top"},{"floor":23,"key":"Pear"},{"floor":26,"key":"Bottled Flame"},{"floor":30,"key":"Dead Branch"}],"event_choices":[{"damage_healed":0,"gold_gain":0,"player_choice":"Grow","damage_taken":0,"max_hp_gain":0,"max_hp_loss":0,"event_name":"Living Wall","floor":2,"gold_loss":0,"cards_upgraded":["Die Die Die"]},{"damage_healed":0,"gold_gain":0,"player_choice":"Left Gold","damage_taken":0,"max_hp_gain":0,"max_hp_loss":0,"event_name":"World of Goop","floor":3,"gold_loss":11},{"damage_healed":13,"gold_gain":0,"player_choice":"Heal","damage_taken":0,"max_hp_gain":0,"max_hp_loss":0,"event_name":"The Library","floor":19,"gold_loss":0},{"cards_removed":["Strike_G"],"damage_healed":0,"gold_gain":0,"player_choice":"Gave Gold","damage_taken":0,"max_hp_gain":0,"max_hp_loss":0,"event_name":"Beggar","floor":25,"gold_loss":75},{"damage_healed":0,"gold_gain":0,"player_choice":"Ignored","damage_taken":0,"max_hp_gain":0,"max_hp_loss":0,"event_name":"Vampires","floor":28,"gold_loss":0},{"damage_healed":0,"gold_gain":0,"player_choice":"Ignored","damage_taken":0,"max_hp_gain":0,"max_hp_loss":0,"event_name":"The Mausoleum","floor":29,"gold_loss":0}],"is_beta":false,"boss_relics":[{"not_picked":["Philosopher\u0027s Stone","Runic Dome"],"picked":"Snecko Eye"}],"items_purged_floors":[],"is_endless":false,"potions_floor_spawned":[5,10,11,16,20,23,30],"killed_by":"Automaton","ascension_level":20}