{"gold_per_floor":[112,112,131,150,325,325,199,234,259,259,259,284,295,305,305,305],"floor_reached":16,"playtime":599,"items_purged":["Doubt"],"score":121,"play_id":"f61edf0d-993b-4afb-b5e2-a4eedff3e5c4","local_time":"20190121202543","is_ascension_mode":true,"campfire_choices":[{"data":"True Grit","floor":6,"key":"SMITH"},{"floor":10,"key":"REST"},{"floor":15,"key":"REST"}],"neow_cost":"NONE","seed_source_timestamp":1018996808072318,"circlet_count":0,"master_deck":["Strike_R","Strike_R","Strike_R","Strike_R","Strike_R","Defend_R","Defend_R","Defend_R","Defend_R","Bash","Dark Embrace","Armaments","Infernal Blade","True Grit+1","Shrug It Off","Thunderclap","Immolate","Bash","Body Slam","Shrug It Off","Flex"],"relics":["Burning Blood","Dream Catcher","Centennial Puzzle","Pear"],"potions_floor_usage":[16,16],"damage_taken":[{"damage":7,"enemies":"Jaw Worm","floor":1,"turns":4},{"damage":6,"enemies":"Cultist","floor":3,"turns":4},{"damage":10,"enemies":"2 Louse","floor":4,"turns":3},{"damage":16,"enemies":"3 Sentries","floor":8,"turns":11},{"damage":14,"enemies":"Gremlin Nob","floor":12,"turns":3},{"damage":14,"enemies":"Large Slime","floor":13,"turns":6},{"damage":9,"enemies":"Red Slaver","floor":14,"turns":2},{"damage":90,"enemies":"Hexaghost","floor":16,"turns":16}],"seed_played":"-7878139127834337196","potions_obtained":[{"floor":3,"key":"SkillPotion"},{"floor":4,"key":"Poison Potion"},{"floor":13,"key":"Dexterity Potion"}],"is_trial":false,"path_per_floor":["M","?","M","M","?","R","$","E","T","R","?","E","M","M","R","B"],"character_chosen":"IRONCLAD","items_purchased":["Shrug It Off"],"campfire_rested":2,"item_purchase_floors":[7],"current_hp_per_floor":[79,71,71,67,67,67,67,57,57,80,80,82,74,71,90,0],"gold":305,"neow_bonus":"ONE_RANDOM_RARE_CARD","is_prod":false,"is_daily":false,"chose_seed":false,"campfire_upgraded":1,"win_rate":0,"timestamp":1548131143,"path_taken":["M","?","?","M","?","R","$","E","T","R","?","E","?","?","R","BOSS"],"build_version":"2019-01-17v2","purchased_purges":1,"victory":false,"max_hp_per_floor":[80,80,80,80,80,80,80,80,80,80,80,90,90,90,90,90],"card_choices":[{"not_picked":["Iron Wave","Fire Breathing"],"picked":"Armaments","floor":1},{"not_picked":["Armaments","Warcry"],"picked":"Infernal Blade","floor":3},{"not_picked":["Pummel","Battle Trance"],"picked":"True Grit","floor":4},{"not_picked":["Reckless Charge","Clash"],"picked":"Thunderclap","floor":8},{"not_picked":["Anger","Sword Boomerang"],"picked":"Immolate","floor":10},{"not_picked":["Feel No Pain","Shockwave"],"picked":"Body Slam","floor":12},{"not_picked":["Rage","Twin Strike"],"picked":"Shrug It Off","floor":13},{"not_picked":["Shrug It Off","Cleave"],"picked":"Flex","floor":14}],"player_experience":152223,"relics_obtained":[{"floor":8,"key":"Dream Catcher"},{"floor":9,"key":"Centennial Puzzle"},{"floor":12,"key":"Pear"}],"event_choices":[{"damage_healed":0,"gold_gain":0,"player_choice":"Damaged","damage_taken":8,"max_hp_gain":0,"max_hp_loss":0,"event_name":"Wheel of Change","floor":2,"gold_loss":0},{"damage_healed":0,"gold_gain":175,"player_choice":"AGREE","damage_taken":0,"max_hp_gain":0,"max_hp_loss":0,"event_name":"Liars Game","floor":5,"gold_loss":0,"cards_obtained":["Doubt"]},{"damage_healed":0,"gold_gain":0,"player_choice":"1 cards matched","damage_taken":0,"max_hp_gain":0,"max_hp_loss":0,"event_name":"Match and Keep!","floor":11,"gold_loss":0,"cards_obtained":["Bash"]}],"is_beta":false,"boss_relics":[],"items_purged_floors":[7],"is_endless":false,"potions_floor_spawned":[3,4,13,14],"killed_by":"Hexaghost","ascension_level":2}