{"gold_per_floor":[109,109,121,121,121,121,149,149,149,149,184,184,200,216,216,216],"floor_reached":16,"playtime":488,"items_purged":[],"score":266,"play_id":"da0e6124-6411-4a8a-ab3c-fecd34091885","local_time":"20190506143226","is_ascension_mode":true,"campfire_choices":[{"data":"Neutralize","floor":6,"key":"SMITH"},{"data":"Well Laid Plans","floor":8,"key":"SMITH"},{"floor":12,"key":"REST"},{"data":"Sucker Punch","floor":15,"key":"SMITH"}],"neow_cost":"NONE","seed_source_timestamp":786303700591331,"circlet_count":0,"master_deck":["AscendersBane","Defend_G","Defend_G","Defend_G","Defend_G","Defend_G+1","Strike_G","Strike_G","Strike_G","Strike_G","Strike_G","Survivor+1","Neutralize+1","Flying Knee","Backstab+1","Well Laid Plans+1","Noxious Fumes+1","Backflip","Sucker Punch+1"],"relics":["Ring of the Snake","NeowsBlessing","Prayer Wheel","Frozen Egg 2","Gremlin Horn","War Paint"],"potions_floor_usage":[11,16,16],"damage_taken":[{"damage":0,"enemies":"Small Slimes","floor":1,"turns":1},{"damage":0,"enemies":"Jaw Worm","floor":3,"turns":1},{"damage":0,"enemies":"Lagavulin","floor":7,"turns":1},{"damage":25,"enemies":"3 Sentries","floor":11,"turns":15},{"damage":0,"enemies":"2 Louse","floor":13,"turns":1},{"damage":10,"enemies":"Gremlin Gang","floor":14,"turns":6},{"damage":46,"enemies":"Slime Boss","floor":16,"turns":9}],"seed_played":"1280529938742986991","potions_obtained":[{"floor":3,"key":"GamblersBrew"},{"floor":13,"key":"SpeedPotion"},{"floor":14,"key":"FearPotion"}],"is_trial":false,"path_per_floor":["M","?","M","?","?","R","E","R","T","?","E","R","M","M","R","B"],"character_chosen":"THE_SILENT","items_purchased":[],"campfire_rested":1,"item_purchase_floors":[],"current_hp_per_floor":[59,33,33,55,55,55,55,55,55,55,30,49,49,39,39,0],"gold":216,"neow_bonus":"THREE_ENEMY_KILL","is_prod":false,"is_daily":false,"chose_seed":false,"campfire_upgraded":3,"win_rate":0,"timestamp":1557167546,"path_taken":["M","?","M","?","?","R","E","R","T","?","E","R","?","M","R","BOSS"],"build_version":"2019-01-23","purchased_purges":0,"victory":false,"max_hp_per_floor":[66,66,66,66,66,66,66,66,66,66,66,66,66,66,66,66],"card_choices":[{"not_picked":["PiercingWail","Deflect"],"picked":"Flying Knee","floor":1},{"not_picked":["Poisoned Stab","Tactician"],"picked":"Backstab","floor":3},{"not_picked":["Setup","Slice"],"picked":"Well Laid Plans","floor":3},{"not_picked":["Deflect","Masterful Stab","Bane"],"picked":"SKIP","floor":7},{"not_picked":["Distraction","Venomology","Prepared"],"picked":"SKIP","floor":11},{"not_picked":["Bane","Reflex"],"picked":"Noxious Fumes+1","floor":13},{"not_picked":["Flechettes","Acrobatics","Slice"],"picked":"SKIP","floor":13},{"not_picked":["Dagger Throw","Underhanded Strike"],"picked":"Backflip","floor":14},{"not_picked":["Prepared","Outmaneuver"],"picked":"Sucker Punch","floor":14}],"player_experience":675765,"relics_obtained":[{"floor":7,"key":"Frozen Egg 2"},{"floor":9,"key":"Gremlin Horn"},{"floor":11,"key":"War Paint"}],"event_choices":[{"damage_healed":0,"gold_gain":0,"player_choice":"Success","damage_taken":26,"relics_obtained":["Prayer Wheel"],"max_hp_gain":0,"max_hp_loss":0,"event_name":"Scrap Ooze","floor":2,"gold_loss":0},{"damage_healed":22,"gold_gain":0,"player_choice":"Banana","damage_taken":0,"max_hp_gain":0,"max_hp_loss":0,"event_name":"Big Fish","floor":4,"gold_loss":0},{"damage_healed":0,"gold_gain":0,"player_choice":"Ignored","damage_taken":0,"max_hp_gain":0,"max_hp_loss":0,"event_name":"Liars Game","floor":5,"gold_loss":0},{"damage_healed":0,"gold_gain":0,"player_choice":"Upgraded","damage_taken":0,"max_hp_gain":0,"max_hp_loss":0,"event_name":"Upgrade Shrine","floor":10,"gold_loss":0,"cards_upgraded":["Backstab"]}],"is_beta":false,"boss_relics":[],"items_purged_floors":[],"is_endless":false,"potions_floor_spawned":[3,13,14],"killed_by":"Slime Boss","ascension_level":20}