{"gold_per_floor":[114,64,64,79,79,79,109,124,199,199,199,214,229,244,244,344,344,359,359,159,184,211,223,250,262,274,301,412,439,451,478,490,602,614,626],"floor_reached":35,"playtime":1426,"items_purged":[],"score":384,"play_id":"e3f3a896-ec27-48a3-91dc-51dd9344f127","local_time":"20190215163656","daily_mods":["SealedDeck","ControlledChaos","Terminal"],"is_ascension_mode":false,"campfire_choices":[{"data":"Body Slam","floor":6,"key":"SMITH"},{"data":"True Grit","floor":11,"key":"SMITH"},{"data":"Armaments","floor":15,"key":"SMITH"},{"floor":23,"key":"REST"},{"floor":25,"key":"REST"},{"floor":30,"key":"REST"},{"floor":32,"key":"REST"}],"neow_cost":"","seed_source_timestamp":0,"circlet_count":0,"master_deck":["Body Slam","True Grit","Headbutt","Thunderclap","Pommel Strike","Armaments+1","True Grit+1","Body Slam+1","Shrug It Off","Shrug It Off","Rampage","Entrench","Barricade","Clothesline+1","Seeing Red+1","Demon Form"],"special_seed":17943,"relics":["Burning Blood","Frozen Eye","Sundial","Question Card","Pantograph","Lizard Tail","Lee\u0027s Waffle","MawBank","Paper Frog","Cursed Key"],"potions_floor_usage":[16,16,27,31,33],"damage_taken":[{"damage":0,"enemies":"2 Louse","floor":1,"turns":2},{"damage":0,"enemies":"Jaw Worm","floor":4,"turns":2},{"damage":4,"enemies":"3 Sentries","floor":7,"turns":7},{"damage":0,"enemies":"Cultist","floor":8,"turns":2},{"damage":0,"enemies":"3 Louse","floor":12,"turns":3},{"damage":0,"enemies":"Exordium Thugs","floor":13,"turns":4},{"damage":0,"enemies":"Large Slime","floor":14,"turns":4},{"damage":32,"enemies":"The Guardian","floor":16,"turns":11},{"damage":6,"enemies":"3 Byrds","floor":18,"turns":5},{"damage":16,"enemies":"Chosen","floor":22,"turns":5},{"damage":24,"enemies":"Snake Plant","floor":24,"turns":5},{"damage":66,"enemies":"Centurion and Healer","floor":27,"turns":7},{"damage":30,"enemies":"3 Cultists","floor":29,"turns":6},{"damage":36,"enemies":"Snecko","floor":31,"turns":8},{"damage":33,"enemies":"Champ","floor":33,"turns":13},{"damage":52,"enemies":"3 Darklings","floor":35,"turns":6}],"seed_played":"2911605258430901299","potions_obtained":[{"floor":4,"key":"Regen Potion"},{"floor":7,"key":"Block Potion"},{"floor":14,"key":"FearPotion"},{"floor":16,"key":"PowerPotion"},{"floor":24,"key":"Strength Potion"},{"floor":27,"key":"SpeedPotion"}],"is_trial":false,"path_per_floor":["M","?","$","M","?","R","E","M","T","$","R","M","M","M","R","B",null,"M","?","$","T","M","R","M","R","T","M","?","M","R","M","R","B",null,"M"],"character_chosen":"IRONCLAD","items_purchased":["Lee\u0027s Waffle"],"campfire_rested":4,"item_purchase_floors":[20],"current_hp_per_floor":[78,77,76,75,74,73,72,71,70,69,68,67,66,65,64,38,62,61,55,66,65,55,63,45,61,60,33,33,9,26,11,27,25,52,0],"gold":626,"neow_bonus":"","is_prod":false,"is_daily":true,"chose_seed":false,"campfire_upgraded":3,"win_rate":0,"timestamp":1550277416,"path_taken":["M","?","$","M","?","R","E","M","T","$","R","M","?","M","R","BOSS","M","?","$","?","M","R","M","R","T","M","?","M","R","M","R","BOSS","M"],"build_version":"2019-01-23","purchased_purges":0,"victory":false,"max_hp_per_floor":[78,77,76,75,74,73,72,71,70,69,68,67,66,65,64,63,62,61,60,66,65,64,63,62,61,60,59,58,57,56,55,54,53,52,52],"card_choices":[{"not_picked":["Wild Strike","Cleave"],"picked":"Shrug It Off","floor":1},{"not_picked":["Flex","Anger"],"picked":"Spot Weakness","floor":4},{"not_picked":["Clash","Iron Wave"],"picked":"Rampage","floor":7},{"not_picked":["Carnage","Headbutt","Burning Pact","Iron Wave"],"picked":"SKIP","floor":8},{"not_picked":["Wild Strike","Warcry","Seeing Red"],"picked":"Entrench","floor":12},{"not_picked":["Wild Strike","Sword Boomerang","Metallicize","Pommel Strike"],"picked":"SKIP","floor":13},{"not_picked":["Carnage","Clash","Whirlwind","Entrench"],"picked":"SKIP","floor":14},{"not_picked":["Feed","Dark Embrace","Impervious"],"picked":"Barricade","floor":16},{"not_picked":["Pommel Strike","Headbutt","Evolve","Havoc"],"picked":"SKIP","floor":18},{"not_picked":["Heavy Blade","Wild Strike","Clash","Disarm"],"picked":"SKIP","floor":22},{"not_picked":["Anger","Heavy Blade+1","Metallicize+1"],"picked":"Clothesline+1","floor":24},{"not_picked":["Anger","Havoc","Shrug It Off"],"picked":"Seeing Red+1","floor":27},{"not_picked":["Body Slam","Wild Strike+1","Iron Wave+1","Havoc"],"picked":"SKIP","floor":29},{"not_picked":["Cleave","True Grit","Clothesline+1","Twin Strike"],"picked":"SKIP","floor":31},{"not_picked":["Brutality","Fiend Fire","Immolate"],"picked":"Demon Form","floor":33}],"player_experience":211468,"relics_obtained":[{"floor":7,"key":"Question Card"},{"floor":9,"key":"Pantograph"},{"floor":21,"key":"MawBank"},{"floor":26,"key":"Paper Frog"}],"event_choices":[{"cards_removed":["Wild Strike"],"damage_healed":0,"gold_gain":0,"player_choice":"Card Removal","damage_taken":0,"max_hp_gain":0,"max_hp_loss":0,"event_name":"The Cleric","floor":2,"gold_loss":50},{"cards_removed":["Spot Weakness"],"damage_healed":0,"gold_gain":0,"player_choice":"Gave Card","damage_taken":0,"relics_obtained":["Sundial"],"max_hp_gain":0,"max_hp_loss":0,"event_name":"WeMeetAgain","floor":5,"gold_loss":0},{"damage_healed":0,"gold_gain":0,"player_choice":"","damage_taken":6,"max_hp_gain":0,"max_hp_loss":0,"event_name":"Knowing Skull","floor":19,"potions_obtained":[],"gold_loss":0,"cards_obtained":[]},{"damage_healed":0,"gold_gain":99,"player_choice":"Stole From Cult","damage_taken":0,"max_hp_gain":0,"max_hp_loss":0,"event_name":"Nest","floor":28,"gold_loss":0}],"is_beta":false,"boss_relics":[{"not_picked":["Velvet Choker","Calling Bell"],"picked":"Lizard Tail"},{"not_picked":["Tiny House","Black Star"],"picked":"Cursed Key"}],"items_purged_floors":[],"is_endless":false,"potions_floor_spawned":[4,7,14,16,24,27,29],"killed_by":"3 Darklings","ascension_level":0}