{"gold_per_floor":[113,131,55,130,141,141,141,141,164,198,198],"floor_reached":11,"playtime":164,"items_purged":[],"score":142,"play_id":"2f706c21-b632-4c44-823a-0bc022eb53c0","local_time":"20190526223427","is_ascension_mode":true,"campfire_choices":[{"data":"Zap","floor":6.0,"key":"SMITH"},{"floor":8.0,"key":"REST"}],"neow_cost":"NONE","seed_source_timestamp":101601544976700,"circlet_count":0,"master_deck":["AscendersBane","Strike_B","Strike_B","Strike_B","Strike_B","Defend_B","Defend_B","Defend_B","Defend_B","Zap+1","Dualcast","Ball Lightning","Gash","Capacitor","Conserve Battery"],"special_seed":0,"relics":["Cracked Core","Potion Belt","DataDisk","Boot","Matryoshka"],"potions_floor_usage":[],"damage_taken":[{"damage":1.0,"enemies":"Cultist","floor":1.0,"turns":3.0},{"damage":8.0,"enemies":"Small Slimes","floor":2.0,"turns":2.0},{"damage":9.0,"enemies":"2 Louse","floor":5.0,"turns":3.0},{"damage":36.0,"enemies":"Gremlin Nob","floor":10.0,"turns":4.0},{"damage":23,"enemies":"Exordium Thugs","floor":11,"turns":3}],"seed_played":"9051104639423585057","potions_obtained":[{"floor":2.0,"key":"Weak Potion"}],"is_trial":false,"path_per_floor":["M","M","$","?","M","R","?","R","T","E","M"],"character_chosen":"DEFECT","items_purchased":["Capacitor"],"campfire_rested":1,"item_purchase_floors":[3],"current_hp_per_floor":[63,55,55,44,35,35,35,56,56,20,0],"gold":198,"neow_bonus":"RANDOM_COMMON_RELIC","is_prod":false,"is_daily":false,"chose_seed":false,"campfire_upgraded":1,"win_rate":0,"timestamp":1558906467,"path_taken":["M","M","?","?","M","R","?","R","T","E","?"],"build_version":"2019-01-23","purchased_purges":0,"victory":false,"max_hp_per_floor":[71,71,71,71,71,71,71,71,71,71,71],"card_choices":[{"not_picked":["Hologram","Chill"],"picked":"Ball Lightning","floor":1.0},{"not_picked":["Redo","Double Energy"],"picked":"Gash","floor":2.0},{"not_picked":["Storm","Stack","Reprogram"],"picked":"SKIP","floor":5.0},{"not_picked":["Sweeping Beam","Creative AI"],"picked":"Conserve Battery","floor":10.0}],"player_experience":1408572,"relics_obtained":[{"floor":9.0,"key":"Boot"},{"floor":10.0,"key":"Matryoshka"}],"event_choices":[{"damage_healed":0.0,"max_hp_gain":0.0,"max_hp_loss":0.0,"gold_gain":75.0,"event_name":"World of Goop","player_choice":"Gather Gold","floor":4.0,"gold_loss":0.0,"damage_taken":11.0},{"damage_healed":0.0,"max_hp_gain":0.0,"max_hp_loss":0.0,"gold_gain":0.0,"event_name":"WeMeetAgain","player_choice":"Gave Potion","floor":7.0,"gold_loss":0.0,"damage_taken":0.0,"relics_obtained":["DataDisk"]}],"is_beta":false,"boss_relics":[],"items_purged_floors":[],"is_endless":false,"potions_floor_spawned":[2],"killed_by":"Exordium Thugs","ascension_level":20}