{"path_per_floor":["M","?","M","?","M","E","?","R","T","M","M","E","M","?","R","B",null,"M","$","M","M","?","E","R","M","T","?","?"],"character_chosen":"THE_SILENT","items_purchased":["Poisoned Stab","Oddly Smooth Stone","Outmaneuver","Meat on the Bone"],"gold_per_floor":[117,117,129,129,154,185,360,360,360,379,393,434,449,449,449,577,577,602,53,66,91,91,131,131,156,156,156,156],"floor_reached":29,"campfire_rested":3,"playtime":2480,"current_hp_per_floor":[70,70,70,65,58,40,40,59,59,48,46,36,28,10,29,11,65,65,65,62,56,56,42,61,61,61,61,45],"items_purged":["Doubt"],"gold":156,"play_id":"59772c4e-3f36-44b7-8df5-8a41c6bcec65","is_prod":false,"is_daily":false,"is_ascension_mode":false,"campfire_upgraded":0,"path_taken":["M","?","M","?","M","E","?","R","T","M","M","E","?","?","R","BOSS","M","$","M","M","?","E","R","M","T","?","?","E"],"build_version":"2018-01-25-PROD3","purchased_purges":1,"victory":false,"master_deck":["Defend_G","Defend_G","Defend_G","Defend_G","Defend_G","Strike_G","Strike_G","Strike_G","Strike_G","Strike_G","Neutralize+1","Quick Slash","Bouncing Flask","Sucker Punch","Flying Knee","Poisoned Stab","Footwork","Backstab","Heel Hook","Burst","Poisoned Stab","Poisoned Stab","Outmaneuver","All Out Attack+1","Predator+1","Dagger Throw+1","Well Laid Plans","Necronomicurse"],"max_hp_per_floor":[70,70,70,65,65,65,65,65,65,65,65,65,65,65,65,65,65,65,65,65,65,65,65,65,65,65,65,65],"relics":["Ring of the Snake","Golden Idol","Pen Nib","Ancient Tea Set","Snake Skull","Torii","Lizard Tail","Oddly Smooth Stone","Meat on the Bone","Shuriken","Tough Bandages","Necronomicon"],"card_choices":[{"not_picked":["Malaise","Bane"],"picked":"Quick Slash"},{"not_picked":["Slice","Corpse Explosion"],"picked":"Bouncing Flask"},{"not_picked":["Slice","Well Laid Plans"],"picked":"Sucker Punch"},{"not_picked":["Dagger Spray","Quick Slash"],"picked":"Flying Knee"},{"not_picked":["Outmaneuver","Choke"],"picked":"Poisoned Stab"},{"not_picked":["Dodge and Roll","Quick Slash"],"picked":"Footwork"},{"not_picked":["Bane","Choke"],"picked":"Backstab"},{"not_picked":["Flechettes","Well Laid Plans"],"picked":"Heel Hook"},{"not_picked":["Die Die Die","Night Terror"],"picked":"Burst"},{"not_picked":["PiercingWail","Dagger Spray"],"picked":"Poisoned Stab"},{"not_picked":["Caltrops","Backstab"],"picked":"All Out Attack"},{"not_picked":["Dodge and Roll","Prepared"],"picked":"Predator"},{"not_picked":["Bane","Quick Slash"],"picked":"Dagger Throw"},{"not_picked":["Sucker Punch","Dagger Throw"],"picked":"Deflect"}],"player_experience":12971,"potions_floor_usage":[6,12,16,23],"damage_taken":[{"damage":0,"enemies":"Small Slimes","floor":1,"turns":4},{"damage":0,"enemies":"Jaw Worm","floor":3,"turns":6},{"damage":7,"enemies":"2 Louse","floor":5,"turns":3},{"damage":18,"enemies":"3 Sentries","floor":6,"turns":10},{"damage":11,"enemies":"Lots of Slimes","floor":10,"turns":8},{"damage":2,"enemies":"Looter","floor":11,"turns":3},{"damage":10,"enemies":"Gremlin Nob","floor":12,"turns":4},{"damage":8,"enemies":"Exordium Wildlife","floor":13,"turns":5},{"damage":18,"enemies":"Slime Boss","floor":16,"turns":11},{"damage":0,"enemies":"Chosen","floor":18,"turns":4},{"damage":3,"enemies":"3 Byrds","floor":20,"turns":5},{"damage":6,"enemies":"Snake Plant","floor":21,"turns":5},{"damage":14,"enemies":"Book of Stabbing","floor":23,"turns":6},{"damage":0,"enemies":"Snecko","floor":25,"turns":4},{"damage":92,"enemies":"Gremlin Leader","floor":29,"turns":5}],"event_choices":[{"event_name":"Living Wall","player_choice":"Grow","floor":2,"damage_taken":0},{"event_name":"Golden Idol","player_choice":"Lose Max HP","floor":4,"damage_taken":0},{"event_name":"Liars Game","player_choice":"agreed","floor":7,"damage_taken":0},{"event_name":"Scrap Ooze","player_choice":"success","floor":14,"damage_taken":18},{"event_name":"Bonfire Elementals","player_choice":"BASIC","floor":22,"damage_taken":0},{"event_name":"Transmorgrifier","player_choice":"Transform","floor":27,"damage_taken":0},{"event_name":"Cursed Tome","player_choice":"Obtained Book","floor":28,"damage_taken":0}],"boss_relics":[{"not_picked":["Runic Dome","Question Card"],"picked":"Lizard Tail"}],"potions_floor_spawned":[1,10,13,18,23],"seed_played":"-8104337108982558532","killed_by":"Gremlin Leader","ascension_level":0,"is_trial":false}