{"gold_per_floor":[112,129,129,129,141,141,151,98,123,123,69,88,88,119,119,223,223,189,203,203,203,223,223,233,233,260,260,274,292,292,15,15,15],"floor_reached":33,"playtime":1449,"items_purged":[],"score":383,"play_id":"433e7d91-5dca-44c9-8797-931c8e967adf","local_time":"20190707210705","is_ascension_mode":true,"campfire_choices":[{"data":"Body Slam","floor":6,"key":"SMITH"},{"data":"Armaments","floor":13,"key":"SMITH"},{"data":"Power Through","floor":15,"key":"SMITH"},{"data":"Bash","floor":23,"key":"SMITH"},{"floor":25,"key":"REST"},{"data":"Flex","floor":27,"key":"SMITH"},{"data":"Feed","floor":30,"key":"SMITH"},{"data":"Shrug It Off","floor":32,"key":"SMITH"}],"neow_cost":"NONE","seed_source_timestamp":693878484648390,"circlet_count":0,"master_deck":["Strike_R+1","Strike_R+1","Strike_R","Strike_R","Defend_R","Defend_R","Defend_R","Defend_R","Bash+1","Body Slam+1","True Grit+1","Pommel Strike","Headbutt","Shrug It Off+1","Armaments+1","Thunderclap","Power Through+1","Feed+1","Disarm+1","Flex+1","Whirlwind","Inflame+1","Spot Weakness"],"relics":["Burning Blood","PreservedInsect","Orichalcum","Eternal Feather","Dream Catcher","Happy Flower"],"potions_floor_usage":[22,33],"damage_taken":[{"damage":0,"enemies":"2 Louse","floor":1,"turns":4},{"damage":8,"enemies":"Jaw Worm","floor":2,"turns":4},{"damage":6,"enemies":"Small Slimes","floor":5,"turns":5},{"damage":6,"enemies":"Looter","floor":7,"turns":4},{"damage":6,"enemies":"Blue Slaver","floor":12,"turns":4},{"damage":1,"enemies":"3 Sentries","floor":14,"turns":6},{"damage":68,"enemies":"The Guardian","floor":16,"turns":15},{"damage":17,"enemies":"2 Thieves","floor":18,"turns":5},{"damage":31,"enemies":"Shell Parasite","floor":19,"turns":10},{"damage":32,"enemies":"3 Cultists","floor":22,"turns":8},{"damage":18,"enemies":"Snake Plant","floor":24,"turns":6},{"damage":30,"enemies":"Centurion and Healer","floor":28,"turns":11},{"damage":23,"enemies":"Shelled Parasite and Fungi","floor":29,"turns":10},{"damage":81,"enemies":"Automaton","floor":33,"turns":10}],"seed_played":"3628873509102541867","potions_obtained":[{"floor":1,"key":"SkillPotion"},{"floor":5,"key":"Energy Potion"},{"floor":19,"key":"EssenceOfSteel"},{"floor":22,"key":"SteroidPotion"}],"is_trial":false,"path_per_floor":["M","M","?","?","M","R","M","$","T","?","$","M","R","E","R","B",null,"M","M","?","?","M","R","M","R","T","R","M","M","R","$","R","B"],"character_chosen":"IRONCLAD","items_purchased":["Shrug It Off","Armaments","Spot Weakness","Happy Flower","Weak Potion"],"campfire_rested":1,"item_purchase_floors":[8,11,31,31,31],"current_hp_per_floor":[78,76,81,81,81,81,81,81,81,64,64,64,64,69,69,7,66,55,30,58,58,36,45,33,71,71,83,62,48,60,60,72,0],"gold":15,"neow_bonus":"REMOVE_CARD","is_prod":false,"is_daily":false,"chose_seed":false,"campfire_upgraded":7,"win_rate":0,"timestamp":1562504825,"path_taken":["M","M","?","?","M","R","M","?","T","?","$","M","R","E","R","BOSS","M","M","?","?","M","R","M","R","T","R","M","M","R","$","R","BOSS"],"build_version":"2019-07-05","purchased_purges":0,"victory":false,"max_hp_per_floor":[80,80,85,85,85,85,85,85,85,85,85,85,85,85,85,85,85,85,85,85,85,89,89,89,89,89,89,92,95,95,95,95,95],"card_choices":[{"not_picked":["Dropkick","Blood for Blood"],"picked":"Body Slam","floor":1},{"not_picked":["Rage","Rupture"],"picked":"True Grit","floor":2},{"not_picked":["Fire Breathing","Burning Pact"],"picked":"Pommel Strike","floor":5},{"not_picked":["Flex","Dropkick"],"picked":"Headbutt","floor":7},{"not_picked":["Uppercut","Sword Boomerang"],"picked":"Thunderclap","floor":12},{"not_picked":["Clothesline","Double Tap"],"picked":"Power Through","floor":14},{"not_picked":["Limit Break","Brutality"],"picked":"Feed","floor":16},{"not_picked":["Armaments+1","Sever Soul+1","Havoc"],"picked":"SKIP","floor":18},{"not_picked":["Cleave","Flex+1"],"picked":"Disarm+1","floor":19},{"not_picked":["Thunderclap+1","Perfected Strike+1","Headbutt+1"],"picked":"SKIP","floor":22},{"not_picked":["Corruption+1","Armaments+1"],"picked":"Flex","floor":24},{"not_picked":["Reckless Charge","Intimidate+1"],"picked":"Whirlwind","floor":28},{"not_picked":["Searing Blow","Clash"],"picked":"Inflame+1","floor":29}],"player_experience":1025299,"relics_obtained":[{"floor":9,"key":"PreservedInsect"},{"floor":14,"key":"Orichalcum"},{"floor":26,"key":"Dream Catcher"}],"event_choices":[{"damage_healed":0,"gold_gain":0,"player_choice":"Donut","damage_taken":0,"max_hp_gain":5,"max_hp_loss":0,"event_name":"Big Fish","floor":3,"gold_loss":0},{"damage_healed":0,"gold_gain":0,"player_choice":"Grow","damage_taken":0,"max_hp_gain":0,"max_hp_loss":0,"event_name":"Living Wall","floor":4,"gold_loss":0,"cards_upgraded":["True Grit"]},{"damage_healed":0,"gold_gain":0,"player_choice":"Entered Light","damage_taken":17,"max_hp_gain":0,"max_hp_loss":0,"event_name":"Shining Light","floor":10,"gold_loss":0,"cards_upgraded":["Strike_R","Strike_R"]},{"damage_healed":28,"gold_gain":0,"player_choice":"Heal","damage_taken":0,"max_hp_gain":0,"max_hp_loss":0,"event_name":"The Library","floor":20,"gold_loss":0},{"damage_healed":0,"gold_gain":0,"player_choice":"Ignored","damage_taken":0,"max_hp_gain":0,"max_hp_loss":0,"event_name":"The Mausoleum","floor":21,"gold_loss":0}],"is_beta":false,"boss_relics":[{"not_picked":["Mark of Pain","Pandora\u0027s Box"],"picked":"Eternal Feather"}],"items_purged_floors":[],"is_endless":false,"potions_floor_spawned":[1,5,19,22,28],"killed_by":"Automaton","ascension_level":9}