{"gold_per_floor":[119,119,129,129,49,83,101,101,101,136,149,149,149,167,167,266,266,284,298,348,348,166,166,182,182,182,205,205,205,205,205,205,295,295,313,313,313,328,349,349,369,420,446,446],"floor_reached":44,"playtime":1245,"items_purged":[],"score":957,"play_id":"e95eba44-8405-4bc6-bf8f-eeba4d7ef6f9","local_time":"20190519173335","is_ascension_mode":true,"campfire_choices":[{"data":"Zap","floor":8.0,"key":"SMITH"},{"data":"Gash","floor":12.0,"key":"SMITH"},{"floor":13.0,"key":"REST"},{"data":"Gash","floor":15.0,"key":"SMITH"},{"floor":23.0,"key":"REST"},{"floor":25.0,"key":"REST"},{"floor":29.0,"key":"REST"},{"floor":32.0,"key":"REST"},{"floor":40,"key":"REST"}],"neow_cost":"NONE","seed_source_timestamp":1919278471204046,"circlet_count":0,"master_deck":["AscendersBane","Strike_B+1","Strike_B+1","Strike_B+1","Strike_B+1","Defend_B+1","Defend_B+1","Defend_B+1","Defend_B+1","Zap+1","Dualcast","Gash+1","FTL","Cold Snap","FTL","Conserve Battery","Gash+1","Core Surge","Gash","Gash","Ball Lightning","Core Surge","Sweeping Beam+1","Gash","Core Surge","Sunder","Purity","Coolheaded+1","Ball Lightning+1","Defragment+1","Parasite"],"special_seed":0,"relics":["Cracked Core","NeowsBlessing","Golden Idol","Incense Burner","Unceasing Top","WingedGreaves","Sozu","Turnip","Fusion Hammer","DataDisk","Dream Catcher"],"potions_floor_usage":[],"damage_taken":[{"damage":0.0,"enemies":"Jaw Worm","floor":1.0,"turns":1.0},{"damage":0.0,"enemies":"2 Louse","floor":3.0,"turns":1.0},{"damage":0.0,"enemies":"3 Sentries","floor":6.0,"turns":1.0},{"damage":1.0,"enemies":"Small Slimes","floor":7.0,"turns":2.0},{"damage":0.0,"enemies":"Gremlin Nob","floor":10.0,"turns":2.0},{"damage":18.0,"enemies":"3 Louse","floor":11.0,"turns":2.0},{"damage":17.0,"enemies":"Large Slime","floor":14.0,"turns":4.0},{"damage":14.0,"enemies":"The Guardian","floor":16.0,"turns":9.0},{"damage":0.0,"enemies":"Chosen","floor":18.0,"turns":4.0},{"damage":33.0,"enemies":"Shell Parasite","floor":19.0,"turns":6.0},{"damage":30.0,"enemies":"Snake Plant","floor":24.0,"turns":4.0},{"damage":9.0,"enemies":"Shelled Parasite and Fungi","floor":27.0,"turns":4.0},{"damage":60.0,"enemies":"Champ","floor":33.0,"turns":9.0},{"damage":13.0,"enemies":"3 Darklings","floor":35.0,"turns":4.0},{"damage":0.0,"enemies":"3 Shapes","floor":38.0,"turns":5.0},{"damage":32,"enemies":"3 Darklings","floor":39,"turns":4},{"damage":21,"enemies":"Spire Growth","floor":41,"turns":4},{"damage":20,"enemies":"Writhing Mass","floor":44,"turns":6}],"seed_played":"-8416798929634000450","potions_obtained":[{"floor":3.0,"key":"AttackPotion"},{"floor":14.0,"key":"PowerPotion"},{"floor":16.0,"key":"Weak Potion"}],"is_trial":false,"path_per_floor":["M","?","M","?","$","E","M","R","T","E","M","R","R","M","R","B",null,"M","M","?","?","$","R","M","R","T","M","?","R","$","?","R","B",null,"M","?","?","M","M","R","M","T","T","M"],"character_chosen":"DEFECT","items_purchased":["FTL","Ball Lightning","Core Surge"],"campfire_rested":6,"item_purchase_floors":[5,22,22],"current_hp_per_floor":[64,64,64,40,40,40,39,39,39,39,21,21,42,25,25,11,56,56,23,23,23,23,44,14,35,35,26,26,47,47,47,68,8,55,42,42,42,42,10,31,10,10,10,0],"gold":446,"neow_bonus":"THREE_ENEMY_KILL","is_prod":false,"is_daily":false,"chose_seed":false,"campfire_upgraded":3,"win_rate":0,"timestamp":1558301615,"path_taken":["M","?","M","?","$","E","M","R","T","E","M","R","R","M","R","BOSS","M","M","?","?","$","R","M","R","T","M","?","R","$","?","R","BOSS","M","?","?","?","M","R","M","?","T","M"],"build_version":"2019-01-23","purchased_purges":0,"victory":false,"max_hp_per_floor":[71,71,71,71,71,71,71,71,71,71,71,71,71,71,71,71,71,71,71,71,71,71,71,71,71,71,71,71,71,71,71,71,71,71,71,71,71,71,71,71,71,71,71,71],"card_choices":[{"not_picked":["Turbo","Hologram"],"picked":"Gash","floor":1.0},{"not_picked":["Redo","Reprogram","Compile Driver"],"picked":"SKIP","floor":3.0},{"not_picked":["Genetic Algorithm","Doom and Gloom"],"picked":"Cold Snap","floor":6.0},{"not_picked":["Leap","Chill"],"picked":"FTL","floor":7.0},{"not_picked":["Multi-Cast","Melter","Stack"],"picked":"SKIP","floor":10.0},{"not_picked":["Multi-Cast","Melter","Stack"],"picked":"SKIP","floor":10.0},{"not_picked":["Heatsinks","Steam"],"picked":"Conserve Battery","floor":11.0},{"not_picked":["Sweeping Beam","Barrage"],"picked":"Gash","floor":14.0},{"not_picked":["Multi-Cast","Seek"],"picked":"Core Surge","floor":16.0},{"not_picked":["Leap+1","Stack"],"picked":"Gash","floor":18.0},{"not_picked":["Chill","Double Energy+1"],"picked":"Gash","floor":19.0},{"not_picked":["Heatsinks","Rainbow"],"picked":"Sweeping Beam+1","floor":24.0},{"not_picked":["Hologram+1","Conserve Battery+1"],"picked":"Gash","floor":27.0},{"not_picked":["Multi-Cast","Reboot"],"picked":"Core Surge","floor":33.0},{"not_picked":["Stack","Darkness"],"picked":"Sunder","floor":35.0},{"not_picked":["PanicButton","Impatience"],"picked":"Purity","floor":36.0},{"not_picked":["Barrage","Compile Driver+1"],"picked":"Coolheaded+1","floor":38.0},{"not_picked":["Sweeping Beam+1","Leap"],"picked":"Ball Lightning+1","floor":39},{"not_picked":["Cold Snap+1","Rip and Tear"],"picked":"Defragment+1","floor":41}],"player_experience":697026,"relics_obtained":[{"floor":6.0,"key":"Incense Burner"},{"floor":9.0,"key":"Unceasing Top"},{"floor":10.0,"key":"WingedGreaves"},{"floor":26.0,"key":"Turnip"},{"floor":42,"key":"DataDisk"},{"floor":43,"key":"Dream Catcher"}],"event_choices":[{"damage_healed":0.0,"max_hp_gain":0.0,"max_hp_loss":0.0,"gold_gain":0.0,"event_name":"Liars Game","player_choice":"Ignored","floor":2.0,"gold_loss":0.0,"damage_taken":0.0},{"damage_healed":0.0,"max_hp_gain":0.0,"max_hp_loss":0.0,"gold_gain":0.0,"event_name":"Golden Idol","player_choice":"Take Damage","floor":4.0,"gold_loss":0.0,"damage_taken":24.0,"relics_obtained":["Golden Idol"]},{"damage_healed":0.0,"max_hp_gain":0.0,"max_hp_loss":0.0,"gold_gain":50.0,"event_name":"Nest","player_choice":"Stole From Cult","floor":20.0,"gold_loss":0.0,"damage_taken":0.0},{"damage_healed":0.0,"max_hp_gain":0.0,"max_hp_loss":0.0,"gold_gain":0.0,"event_name":"Back to Basics","player_choice":"Simplicity","floor":21.0,"gold_loss":0.0,"damage_taken":0.0,"cards_upgraded":["Strike_B","Strike_B","Strike_B","Strike_B","Defend_B","Defend_B","Defend_B","Defend_B"]},{"damage_healed":0.0,"max_hp_gain":0.0,"max_hp_loss":0.0,"gold_gain":0.0,"event_name":"Cursed Tome","player_choice":"Ignored","floor":28.0,"gold_loss":0.0,"damage_taken":0.0},{"damage_healed":0.0,"max_hp_gain":0.0,"max_hp_loss":0.0,"gold_gain":0.0,"event_name":"Vampires","player_choice":"Ignored","floor":31.0,"gold_loss":0.0,"damage_taken":0.0},{"damage_healed":0.0,"max_hp_gain":0.0,"max_hp_loss":0.0,"gold_gain":0.0,"event_name":"SensoryStone","player_choice":"Memory 1","floor":36.0,"gold_loss":0.0,"damage_taken":0.0},{"damage_healed":0.0,"max_hp_gain":0.0,"max_hp_loss":0.0,"gold_gain":0.0,"event_name":"Tomb of Lord Red Mask","player_choice":"Ignored","floor":37.0,"gold_loss":0.0,"damage_taken":0.0}],"is_beta":false,"boss_relics":[{"not_picked":["Cursed Key","Lizard Tail"],"picked":"Sozu"},{"not_picked":["Nuclear Battery","Runic Pyramid"],"picked":"Fusion Hammer"}],"items_purged_floors":[],"is_endless":false,"potions_floor_spawned":[3,14,16,19,27,35],"killed_by":"Writhing Mass","ascension_level":20}