{"gold_per_floor":[112,112,112,112,123,155,229,229,256,256,256,256,274,287,287,364,364,374,0,10,10,10,10],"floor_reached":23,"playtime":541,"items_purged":["Strike_B"],"score":374,"play_id":"a6257843-35ea-4218-8d86-dd517e941f01","local_time":"20181006011104","is_ascension_mode":true,"campfire_choices":[{"data":"Zap","floor":8.0,"key":"SMITH"},{"data":"Go for the Eyes","floor":10.0,"key":"SMITH"},{"floor":12.0,"key":"REST"},{"floor":15.0,"key":"REST"}],"neow_cost":"NONE","seed_source_timestamp":784752366597592,"circlet_count":0,"master_deck":["Strike_B","Strike_B","Strike_B","Defend_B","Defend_B","Defend_B","Defend_B","Zap+1","Dualcast","AscendersBane","Fission+1","Ball Lightning","Conserve Battery","Go for the Eyes+1","Fusion","Meteor Strike","Cold Snap","Mayhem","Compile Driver"],"special_seed":0,"relics":["Cracked Core","PreservedInsect","Bottled Lightning","Happy Flower","Inserter"],"potions_floor_usage":[],"damage_taken":[{"damage":4.0,"enemies":"Small Slimes","floor":1.0,"turns":4.0},{"damage":7.0,"enemies":"Jaw Worm","floor":5.0,"turns":2.0},{"damage":20.0,"enemies":"Gremlin Nob","floor":6.0,"turns":4.0},{"damage":0.0,"enemies":"2 Louse","floor":13.0,"turns":2.0},{"damage":5.0,"enemies":"2 Fungi Beasts","floor":14.0,"turns":3.0},{"damage":24.0,"enemies":"The Guardian","floor":16.0,"turns":12.0},{"damage":31.0,"enemies":"Spheric Guardian","floor":18.0,"turns":5.0},{"damage":19.0,"enemies":"2 Thieves","floor":20.0,"turns":4.0},{"damage":16,"enemies":"Book of Stabbing","floor":23,"turns":2}],"seed_played":"6297938631470372443","potions_obtained":[{"floor":1.0,"key":"Block Potion"},{"floor":13.0,"key":"Strength Potion"},{"floor":14.0,"key":"GamblersBrew"},{"floor":16.0,"key":"FocusPotion"}],"is_trial":false,"path_per_floor":["M","?","$","?","M","E","T","R","T","R","?","R","M","M","R","B",null,"M","$","M","?","?"],"character_chosen":"DEFECT","items_purchased":["Mayhem","Regen Potion"],"campfire_rested":2,"item_purchase_floors":[19,19],"current_hp_per_floor":[60,60,60,60,53,33,33,33,33,33,22,43,43,38,59,35,62,31,31,12,12,12,0],"gold":10,"neow_bonus":"ONE_RANDOM_RARE_CARD","is_prod":false,"is_daily":false,"chose_seed":false,"campfire_upgraded":2,"win_rate":0,"timestamp":1538802664,"path_taken":["M","?","$","?","?","E","?","R","T","R","?","R","M","M","R","BOSS","M","$","M","?","?","E"],"build_version":"2018-10-04v2","purchased_purges":1,"victory":false,"max_hp_per_floor":[71,71,71,71,71,71,71,71,71,71,71,71,71,71,71,71,71,71,71,71,71,71,71],"card_choices":[{"not_picked":["Recycle","Consume"],"picked":"Ball Lightning","floor":1.0},{"not_picked":["Force Field","Heatsinks"],"picked":"Conserve Battery","floor":5.0},{"not_picked":["Buffer","Heatsinks"],"picked":"Go for the Eyes","floor":6.0},{"not_picked":["Consume","Genetic Algorithm","Steam Power"],"picked":"SKIP","floor":13.0},{"not_picked":["Redo","Turbo"],"picked":"Fusion","floor":14.0},{"not_picked":["Fission","Hyperbeam"],"picked":"Meteor Strike","floor":16.0},{"not_picked":["Rebound","Compile Driver"],"picked":"Cold Snap","floor":18.0},{"not_picked":["Coolheaded","Amplify"],"picked":"Compile Driver","floor":20.0}],"player_experience":363115,"relics_obtained":[{"floor":6.0,"key":"PreservedInsect"},{"floor":7.0,"key":"Bottled Lightning"},{"floor":9.0,"key":"Happy Flower"}],"event_choices":[{"event_name":"Living Wall","player_choice":"Grow","floor":2.0,"damage_taken":0.0},{"event_name":"Golden Idol","player_choice":"Ignored","floor":4.0,"damage_taken":0.0},{"event_name":"Scrap Ooze","player_choice":"unsuccessful","floor":11.0,"damage_taken":11.0},{"event_name":"Vampires","player_choice":"Ignored","floor":21.0,"damage_taken":0.0},{"event_name":"The Mausoleum","player_choice":"No","floor":22.0,"damage_taken":0.0}],"is_beta":false,"boss_relics":[{"not_picked":["Nuclear Battery","White Beast Statue"],"picked":"Inserter"}],"items_purged_floors":[19],"is_endless":false,"potions_floor_spawned":[1,13,14,16,18],"killed_by":"Book of Stabbing","ascension_level":20}