{"gold_per_floor":[119,119,33,3,13,46,46,72,72,72,129,129,42,61,61,138,138,149,199,199,199,15,15],"floor_reached":23,"playtime":697,"items_purged":["Writhe"],"score":436,"play_id":"3d73736a-c1c0-46f5-aa77-8466be55ea78","local_time":"20190708090047","is_ascension_mode":true,"campfire_choices":[{"data":"Glacier","floor":7.0,"key":"SMITH"},{"data":"Streamline","floor":10.0,"key":"SMITH"},{"data":"Creative AI","floor":12.0,"key":"SMITH"},{"data":"Dualcast","floor":15.0,"key":"SMITH"}],"neow_cost":"NONE","seed_source_timestamp":2101346151791399,"circlet_count":0,"master_deck":["AscendersBane","Strike_B","Defend_B","Defend_B","Defend_B","Defend_B","Zap","Dualcast+1","Beam Cell","Machine Learning","Glacier+1","Streamline+1","Hologram","Hologram","Hologram","Creative AI+1","Blizzard","Blizzard","Echo Form","Storm","Cold Snap","Capacitor","Go for the Eyes"],"special_seed":0,"relics":["Cracked Core","NeowsBlessing","Pear","Bottled Flame","Pantograph","Bag of Marbles","Nuclear Battery","Ornamental Fan"],"potions_floor_usage":[23,23],"damage_taken":[{"damage":0.0,"enemies":"2 Louse","floor":1.0,"turns":1.0},{"damage":0.0,"enemies":"Cultist","floor":5.0,"turns":1.0},{"damage":0.0,"enemies":"3 Sentries","floor":6.0,"turns":1.0},{"damage":44.0,"enemies":"Lagavulin","floor":8.0,"turns":7.0},{"damage":8.0,"enemies":"Gremlin Nob","floor":11.0,"turns":3.0},{"damage":0.0,"enemies":"Small Slimes","floor":14.0,"turns":2.0},{"damage":36.0,"enemies":"Hexaghost","floor":16.0,"turns":11.0},{"damage":13.0,"enemies":"Chosen","floor":18.0,"turns":6.0},{"damage":51,"enemies":"Book of Stabbing","floor":23,"turns":8}],"seed_played":"-7490586482278190108","potions_obtained":[{"floor":5.0,"key":"SpeedPotion"},{"floor":8.0,"key":"Swift Potion"},{"floor":16.0,"key":"Swift Potion"}],"is_trial":false,"path_per_floor":["M","?","$","$","M","E","R","E","T","R","?","R","$","M","R","B",null,"M","?","?","?","$","E"],"character_chosen":"DEFECT","items_purchased":["Glacier","Streamline","Blizzard","Capacitor","Go for the Eyes"],"campfire_rested":0,"item_purchase_floors":[3,4,13,22,22],"current_hp_per_floor":[64,64,64,64,64,74,74,30,30,30,22,22,22,22,22,11,64,51,51,51,51,51,0],"gold":15,"neow_bonus":"THREE_ENEMY_KILL","is_prod":false,"is_daily":false,"chose_seed":false,"campfire_upgraded":4,"win_rate":0,"timestamp":1562601647,"path_taken":["M","?","?","$","M","E","R","E","T","R","?","R","$","M","R","BOSS","M","?","?","?","$","E"],"build_version":"2019-07-05","purchased_purges":1,"victory":false,"max_hp_per_floor":[71,71,71,71,71,81,81,81,81,81,81,81,81,81,81,81,81,81,81,81,81,81,81],"card_choices":[{"not_picked":["Stack","Go for the Eyes"],"picked":"Beam Cell","floor":1.0},{"not_picked":["Rebound","Stack"],"picked":"Hologram","floor":5.0},{"not_picked":["Barrage","Static Discharge"],"picked":"Hologram","floor":6.0},{"not_picked":["Steam","Redo"],"picked":"Hologram","floor":8.0},{"not_picked":["Turbo","Steam"],"picked":"Creative AI","floor":11.0},{"not_picked":["Hello World","Storm"],"picked":"Blizzard","floor":14.0},{"not_picked":["Fission","Biased Cognition"],"picked":"Echo Form","floor":16.0},{"not_picked":["Ball Lightning","Rip and Tear","Static Discharge"],"picked":"SKIP","floor":18.0}],"player_experience":1239136,"relics_obtained":[{"floor":6.0,"key":"Pear"},{"floor":8.0,"key":"Bottled Flame"},{"floor":9.0,"key":"Pantograph"}],"event_choices":[{"damage_healed":0.0,"max_hp_gain":0.0,"max_hp_loss":0.0,"gold_gain":0.0,"cards_transformed":["Strike_B"],"event_name":"Transmorgrifier","player_choice":"Transformed","floor":2.0,"gold_loss":0.0,"damage_taken":0.0,"cards_obtained":["Machine Learning"]},{"damage_healed":0.0,"max_hp_gain":0.0,"max_hp_loss":0.0,"gold_gain":30.0,"event_name":"Dead Adventurer","player_choice":"Searched \u00273\u0027 times","floor":11.0,"gold_loss":0.0,"damage_taken":0.0,"relics_obtained":["Bag of Marbles"]},{"damage_healed":0.0,"max_hp_gain":0.0,"max_hp_loss":0.0,"gold_gain":50.0,"event_name":"Nest","player_choice":"Stole From Cult","floor":19.0,"gold_loss":0.0,"damage_taken":0.0},{"damage_healed":0.0,"max_hp_gain":0.0,"max_hp_loss":0.0,"gold_gain":0.0,"event_name":"The Mausoleum","player_choice":"Opened","floor":20.0,"gold_loss":0.0,"damage_taken":0.0,"relics_obtained":["Ornamental Fan"],"cards_obtained":["Writhe"]},{"damage_healed":0.0,"max_hp_gain":0.0,"max_hp_loss":0.0,"gold_gain":0.0,"cards_transformed":["Strike_B","Strike_B"],"event_name":"Drug Dealer","player_choice":"Became Test Subject","floor":21.0,"gold_loss":0.0,"damage_taken":0.0,"cards_obtained":["Storm","Cold Snap"]}],"is_beta":false,"boss_relics":[{"not_picked":["Black Star","Philosopher\u0027s Stone"],"picked":"Nuclear Battery"}],"items_purged_floors":[22],"is_endless":false,"potions_floor_spawned":[5,8,16],"killed_by":"Book of Stabbing","ascension_level":20}