{"gold_per_floor":[216,233,244,244,264,264,32,32,32,32,46,78,78,90,90,164,164,183,193,193,209,38,38,48,48,72,113,125],"floor_reached":28,"playtime":1150,"items_purged":[],"score":444,"play_id":"3398a148-ff3e-4f63-aeb8-423a5e569026","local_time":"20181007012332","is_ascension_mode":true,"campfire_choices":[{"data":"Zap","floor":6.0,"key":"SMITH"},{"floor":8.0,"key":"REST"},{"data":"A Thousand Cuts","floor":13.0,"key":"SMITH"},{"floor":15.0,"key":"REST"},{"floor":23.0,"key":"REST"},{"floor":25.0,"key":"REST"}],"neow_cost":"NONE","seed_source_timestamp":0,"circlet_count":0,"master_deck":["Strike_B","Strike_B","Strike_B","Defend_B","Defend_B","Defend_B","Defend_B","Zap+1","Dualcast","AscendersBane","Conserve Battery","Steam","Ball Lightning","Chill","Ball Lightning","A Thousand Cuts+1","Headbutt+1","Electrodynamics","Purity+1","Dodge and Roll","Creative AI","Ghostly Armor"],"special_seed":0,"relics":["Cracked Core","PrismaticShard","Mummified Hand","Molten Egg 2","White Beast Statue","MawBank"],"potions_floor_usage":[28,28],"damage_taken":[{"damage":4.0,"enemies":"Jaw Worm","floor":1.0,"turns":4.0},{"damage":1.0,"enemies":"Cultist","floor":2.0,"turns":3.0},{"damage":0.0,"enemies":"2 Louse","floor":3.0,"turns":3.0},{"damage":21.0,"enemies":"Large Slime","floor":5.0,"turns":5.0},{"damage":8.0,"enemies":"Blue Slaver","floor":11.0,"turns":3.0},{"damage":10.0,"enemies":"3 Sentries","floor":12.0,"turns":6.0},{"damage":17.0,"enemies":"Exordium Thugs","floor":14.0,"turns":3.0},{"damage":16.0,"enemies":"Hexaghost","floor":16.0,"turns":9.0},{"damage":12.0,"enemies":"Chosen","floor":18.0,"turns":3.0},{"damage":32.0,"enemies":"Shell Parasite","floor":19.0,"turns":6.0},{"damage":5.0,"enemies":"Centurion and Healer","floor":21.0,"turns":6.0},{"damage":22.0,"enemies":"Snecko","floor":24.0,"turns":4.0},{"damage":21.0,"enemies":"Shelled Parasite and Fungi","floor":27.0,"turns":6.0},{"damage":26,"enemies":"Chosen and Byrds","floor":28,"turns":5}],"seed_played":"3776815473488629196","potions_obtained":[{"floor":2.0,"key":"Explosive Potion"},{"floor":11.0,"key":"Swift Potion"},{"floor":14.0,"key":"SpeedPotion"},{"floor":18.0,"key":"GamblersBrew"},{"floor":19.0,"key":"EssenceOfSteel"},{"floor":21.0,"key":"Block Potion"},{"floor":24.0,"key":"SteroidPotion"},{"floor":27.0,"key":"AttackPotion"}],"is_trial":false,"path_per_floor":["M","M","M","?","M","R","$","R","T","?","M","E","R","M","R","B",null,"M","M","?","M","$","R","M","R","T","M"],"character_chosen":"DEFECT","items_purchased":["PrismaticShard","Creative AI"],"campfire_rested":4,"item_purchase_floors":[7,22],"current_hp_per_floor":[60,59,59,59,38,38,38,59,59,52,44,34,34,17,38,22,59,47,15,29,24,24,45,23,44,44,23,0],"gold":125,"neow_bonus":"HUNDRED_GOLD","is_prod":false,"is_daily":false,"chose_seed":false,"campfire_upgraded":2,"win_rate":0,"timestamp":1538889812,"path_taken":["M","M","M","?","?","R","$","R","T","?","M","E","R","M","R","BOSS","M","M","?","M","$","R","M","R","T","M","?"],"build_version":"2018-10-04v2","purchased_purges":0,"victory":false,"max_hp_per_floor":[71,71,71,71,71,71,71,71,71,71,71,71,71,71,71,71,71,71,71,71,71,71,71,71,71,71,71,71],"card_choices":[{"not_picked":["Sweeping Beam","Stack"],"picked":"Conserve Battery","floor":1.0},{"not_picked":["Rebound","Skim"],"picked":"Steam","floor":2.0},{"not_picked":["Barrage","Lockon"],"picked":"Ball Lightning","floor":3.0},{"not_picked":["Sweeping Beam","Chaos"],"picked":"Ball Lightning","floor":5.0},{"not_picked":["Outmaneuver","Riddle With Holes","Accuracy"],"picked":"SKIP","floor":11.0},{"not_picked":["Flying Knee","Forethought"],"picked":"A Thousand Cuts","floor":12.0},{"not_picked":["Heavy Blade+1","Cleave+1"],"picked":"Headbutt+1","floor":14.0},{"not_picked":["Magnetism","Thunder Strike+1"],"picked":"Electrodynamics","floor":16.0},{"not_picked":["Flying Knee+1","Purity"],"picked":"Purity+1","floor":18.0},{"not_picked":["Dagger Spray+1","Dagger Throw+1","Sweeping Beam+1"],"picked":"SKIP","floor":19.0},{"not_picked":["BootSequence","Dramatic Entrance+1"],"picked":"Dodge and Roll","floor":21.0},{"not_picked":["Masterful Stab+1","PiercingWail"],"picked":"Ghostly Armor","floor":24.0},{"not_picked":["Deadly Poison+1","Swift Strike+1","Impatience+1"],"picked":"SKIP","floor":27.0}],"player_experience":369161,"relics_obtained":[{"floor":9.0,"key":"Mummified Hand"},{"floor":12.0,"key":"Molten Egg 2"},{"floor":26.0,"key":"MawBank"}],"event_choices":[{"event_name":"Match and Keep!","player_choice":"1 cards matched","floor":4.0,"damage_taken":0.0},{"event_name":"Golden Wing","player_choice":"Card Removal","floor":10.0,"damage_taken":0.0},{"event_name":"The Library","player_choice":"Heal","floor":20.0,"damage_taken":0.0}],"is_beta":false,"boss_relics":[{"not_picked":["Empty Cage","FrozenCore"],"picked":"White Beast Statue"}],"items_purged_floors":[],"is_endless":false,"potions_floor_spawned":[2,11,14,18,19,21,24,27],"killed_by":"Chosen and Byrds","ascension_level":20}