{"gold_per_floor":[115,133,133,133,144,319,347,357,381,229,229,239,239,256,256,355,355,369,369,369,269,285,312,312,325,325,48,48,78,97,97],"floor_reached":31,"playtime":1217,"items_purged":["Doubt","Strike_R","Strike_R"],"score":300,"play_id":"adf85491-ac1f-429c-a2bd-b66ccf9f1b54","local_time":"20190101142738","is_ascension_mode":false,"campfire_choices":[{"floor":13,"key":"REST"},{"floor":15,"key":"REST"},{"floor":24,"key":"REST"}],"neow_cost":"NONE","seed_source_timestamp":996780095902336,"circlet_count":0,"master_deck":["Strike_R","Strike_R","Defend_R","Defend_R","Defend_R","Defend_R","Bash","Limit Break","Evolve","Feel No Pain","Inflame","Burning Pact","Uppercut","Inflame","Armaments","Hemokinesis","Demon Form","Rupture+1","Bash","Blind","Shrug It Off+1","Heavy Blade","Blood for Blood+1","Limit Break","Shame","Whirlwind"],"relics":["Burning Blood","Art of War","Centennial Puzzle","Bronze Scales","Self Forming Clay","Cursed Key","Enchiridion","Mercury Hourglass","Regal Pillow","Mummified Hand"],"potions_floor_usage":[29,29,31],"damage_taken":[{"damage":0,"enemies":"Small Slimes","floor":1,"turns":3},{"damage":0,"enemies":"2 Louse","floor":2,"turns":3},{"damage":6,"enemies":"Jaw Worm","floor":5,"turns":4},{"damage":22,"enemies":"3 Sentries","floor":7,"turns":9},{"damage":23,"enemies":"Large Slime","floor":8,"turns":6},{"damage":9,"enemies":"Blue Slaver","floor":12,"turns":3},{"damage":19,"enemies":"Exordium Thugs","floor":14,"turns":4},{"damage":44,"enemies":"Slime Boss","floor":16,"turns":8},{"damage":11,"enemies":"Shell Parasite","floor":18,"turns":4},{"damage":7,"enemies":"Chosen","floor":22,"turns":4},{"damage":24,"enemies":"Book of Stabbing","floor":23,"turns":5},{"damage":15,"enemies":"Snake Plant","floor":25,"turns":3},{"damage":48,"enemies":"Slavers","floor":29,"turns":6},{"damage":12,"enemies":"Centurion and Healer","floor":30,"turns":5},{"damage":15,"enemies":"Shelled Parasite and Fungi","floor":31,"turns":2}],"seed_played":"4103651986031247244","potions_obtained":[{"floor":1,"key":"SpeedPotion"},{"floor":7,"key":"Dexterity Potion"},{"floor":12,"key":"SkillPotion"},{"floor":14,"key":"BloodPotion"}],"is_trial":false,"path_per_floor":["M","M","?","?","M","?","E","M","T","$","?","M","R","M","R","B",null,"M","?","?","$","M","E","R","M","T","$","?","E","M","M"],"character_chosen":"IRONCLAD","items_purchased":["Inflame","Limit Break"],"campfire_rested":3,"item_purchase_floors":[10,27],"current_hp_per_floor":[80,80,80,80,80,80,64,47,47,47,47,44,68,55,79,41,80,75,59,59,59,58,40,64,55,55,55,55,21,15,0],"gold":97,"neow_bonus":"TRANSFORM_CARD","is_prod":false,"is_daily":false,"chose_seed":false,"campfire_upgraded":0,"win_rate":0,"timestamp":1546381658,"path_taken":["M","M","?","?","M","?","E","M","T","?","?","M","R","M","R","BOSS","M","?","?","$","M","E","R","?","T","$","?","E","M","M"],"build_version":"2018-12-20","purchased_purges":3,"victory":false,"max_hp_per_floor":[80,80,80,80,80,80,80,80,80,80,80,80,80,80,80,80,80,80,80,80,80,80,80,80,80,80,80,80,80,80,80],"card_choices":[{"not_picked":["Flame Barrier","Clash"],"picked":"Evolve","floor":1},{"not_picked":["Anger","Warcry"],"picked":"Feel No Pain","floor":2},{"not_picked":["Ghostly Armor","Corruption"],"picked":"Inflame","floor":5},{"not_picked":["Reaper","Dropkick"],"picked":"Burning Pact","floor":7},{"not_picked":["Perfected Strike","Anger"],"picked":"Uppercut","floor":8},{"not_picked":["Clothesline","Cleave"],"picked":"Armaments","floor":12},{"not_picked":["Anger","Clash"],"picked":"Hemokinesis","floor":14},{"not_picked":["Limit Break","Impervious"],"picked":"Demon Form","floor":16},{"not_picked":["Flex+1","Burning Pact+1"],"picked":"Rupture+1","floor":18},{"not_picked":["Flex","Uppercut+1"],"picked":"Shrug It Off+1","floor":22},{"not_picked":["Flame Barrier+1","Iron Wave"],"picked":"Heavy Blade","floor":23},{"not_picked":["Metallicize","Perfected Strike"],"picked":"Blood for Blood+1","floor":25},{"not_picked":["Pommel Strike","Warcry","Dual Wield"],"picked":"SKIP","floor":29},{"not_picked":["Shockwave+1","Clothesline+1"],"picked":"Whirlwind","floor":30}],"player_experience":101241,"relics_obtained":[{"floor":7,"key":"Centennial Puzzle"},{"floor":9,"key":"Bronze Scales"},{"floor":19,"key":"Enchiridion"},{"floor":23,"key":"Mercury Hourglass"},{"floor":29,"key":"Mummified Hand"}],"event_choices":[{"damage_healed":0,"gold_gain":0,"player_choice":"Box","damage_taken":0,"relics_obtained":["Art of War"],"max_hp_gain":0,"max_hp_loss":0,"event_name":"Big Fish","floor":3,"gold_loss":0,"cards_obtained":["Regret"]},{"cards_removed":["Regret"],"damage_healed":0,"gold_gain":0,"player_choice":"Forget","damage_taken":0,"max_hp_gain":0,"max_hp_loss":0,"event_name":"Living Wall","floor":4,"gold_loss":0},{"damage_healed":0,"gold_gain":175,"player_choice":"AGREE","damage_taken":0,"max_hp_gain":0,"max_hp_loss":0,"event_name":"Liars Game","floor":6,"gold_loss":0,"cards_obtained":["Doubt"]},{"damage_healed":0,"gold_gain":0,"player_choice":"Searched \u00272\u0027 times","damage_taken":0,"relics_obtained":["Self Forming Clay"],"max_hp_gain":0,"max_hp_loss":0,"event_name":"Dead Adventurer","floor":11,"gold_loss":0},{"damage_healed":0,"gold_gain":0,"player_choice":"Obtained Book","damage_taken":16,"max_hp_gain":0,"max_hp_loss":0,"event_name":"Cursed Tome","floor":19,"gold_loss":0},{"damage_healed":0,"gold_gain":0,"player_choice":"2 cards matched","damage_taken":0,"max_hp_gain":0,"max_hp_loss":0,"event_name":"Match and Keep!","floor":20,"gold_loss":0,"cards_obtained":["Bash","Blind"]},{"damage_healed":0,"gold_gain":0,"player_choice":"Stole Relic","damage_taken":0,"relics_obtained":["Regal Pillow"],"max_hp_gain":0,"max_hp_loss":0,"event_name":"Addict","floor":28,"gold_loss":0,"cards_obtained":["Shame"]}],"is_beta":false,"boss_relics":[{"not_picked":["Tiny House","Ectoplasm"],"picked":"Cursed Key"}],"items_purged_floors":[10,21,27],"is_endless":false,"potions_floor_spawned":[1,7,12,14,22],"killed_by":"Shelled Parasite and Fungi","ascension_level":0}