{"gold_per_floor":[119,135,135,150,150,184,184,202,202,202,222,162,187,201,201,306,306,320,330,55,55],"floor_reached":21,"playtime":898,"items_purged":["Strike_R"],"score":201,"play_id":"5ec3fbab-ab23-4085-8600-d04a4323cbed","local_time":"20181207190458","is_ascension_mode":true,"campfire_choices":[{"data":"Armaments","floor":7.0,"key":"SMITH"},{"data":"Flex","floor":10.0,"key":"SMITH"},{"data":"Evolve","floor":15.0,"key":"SMITH"}],"neow_cost":"NONE","seed_source_timestamp":535268576269341,"circlet_count":0,"master_deck":["Defend_R","Defend_R","Defend_R","Defend_R","Bash+1","Spot Weakness+1","Armaments+1","Flex+1","Twin Strike","Shockwave","Flex","Evolve+1","Berserk","Exhume+1","Entrench+1","Seeing Red+1","Rage+1","Flex+1","Wild Strike"],"special_seed":0,"relics":["Burning Blood","Calipers","The Courier","Question Card","Astrolabe","Ice Cream"],"potions_floor_usage":[16,16,16,19,21],"damage_taken":[{"damage":14.0,"enemies":"2 Louse","floor":1.0,"turns":3.0},{"damage":6.0,"enemies":"Jaw Worm","floor":2.0,"turns":3.0},{"damage":2.0,"enemies":"Cultist","floor":4.0,"turns":5.0},{"damage":36.0,"enemies":"Gremlin Nob","floor":6.0,"turns":5.0},{"damage":0.0,"enemies":"3 Louse","floor":8.0,"turns":4.0},{"damage":0.0,"enemies":"Looter","floor":11.0,"turns":2.0},{"damage":20.0,"enemies":"3 Sentries","floor":13.0,"turns":7.0},{"damage":12.0,"enemies":"Blue Slaver","floor":14.0,"turns":3.0},{"damage":18,"enemies":"Hexaghost","floor":16,"turns":9},{"damage":59,"enemies":"Spheric Guardian","floor":18,"turns":11},{"damage":26,"enemies":"Shell Parasite","floor":19,"turns":14},{"damage":8,"enemies":"Cultist and Chosen","floor":21,"turns":3}],"seed_played":"-1551145733937317503","potions_obtained":[{"floor":1.0,"key":"Energy Potion"},{"floor":2.0,"key":"Explosive Potion"},{"floor":6.0,"key":"EntropicBrew"},{"floor":19,"key":"Ancient Potion"}],"is_trial":false,"path_per_floor":["M","M","?","M","?","E","R","M","T","R","M","$","E","M","R","B",null,"M","M","$","M"],"character_chosen":"IRONCLAD","items_purchased":["Ice Cream","Wild Strike"],"campfire_rested":0,"item_purchase_floors":[20,20],"current_hp_per_floor":[72,72,72,76,76,46,46,52,52,52,58,58,44,38,38,34,80,27,7,7,0],"gold":55,"neow_bonus":"UPGRADE_CARD","is_prod":false,"is_daily":false,"chose_seed":false,"campfire_upgraded":3,"win_rate":0,"timestamp":1544227498,"path_taken":["M","M","?","M","?","E","R","?","T","R","M","$","E","M","R","BOSS","M","M","$","M"],"build_version":"2018-12-06","purchased_purges":1,"victory":false,"max_hp_per_floor":[80,80,80,80,80,80,80,80,80,80,80,80,80,80,80,80,80,80,80,80,80],"card_choices":[{"not_picked":["Shockwave","Twin Strike"],"picked":"Spot Weakness","floor":1.0},{"not_picked":["Feel No Pain","Flex"],"picked":"Armaments","floor":2.0},{"not_picked":["Warcry","Second Wind"],"picked":"Flex","floor":4.0},{"not_picked":["True Grit","Pommel Strike"],"picked":"Twin Strike","floor":6.0},{"not_picked":["Clash","Wild Strike","Sword Boomerang"],"picked":"SKIP","floor":8.0},{"not_picked":["Pommel Strike","Juggernaut"],"picked":"Shockwave","floor":11.0},{"not_picked":["Juggernaut","Body Slam"],"picked":"Flex","floor":13.0},{"not_picked":["Armaments","Clash","Bloodletting"],"picked":"Evolve","floor":14.0},{"not_picked":["Bludgeon","Exhume","Immolate"],"picked":"Berserk","floor":16},{"not_picked":["Searing Blow","Clothesline","Combust"],"picked":"Rage+1","floor":18},{"not_picked":["Pommel Strike","Corruption","Thunderclap+1"],"picked":"Flex+1","floor":19}],"player_experience":488170,"relics_obtained":[{"floor":6.0,"key":"Calipers"},{"floor":9.0,"key":"The Courier"},{"floor":13.0,"key":"Question Card"}],"event_choices":[{"damage_healed":0.0,"max_hp_gain":0.0,"max_hp_loss":0.0,"gold_gain":0.0,"event_name":"Living Wall","player_choice":"Grow","floor":3.0,"gold_loss":0.0,"damage_taken":0.0,"cards_upgraded":["Spot Weakness"]},{"cards_removed":["Strike_R"],"damage_healed":0.0,"max_hp_gain":0.0,"max_hp_loss":0.0,"gold_gain":0.0,"event_name":"Bonfire Elementals","player_choice":"Offered Basic","floor":5.0,"gold_loss":0.0,"damage_taken":0.0}],"is_beta":false,"boss_relics":[{"not_picked":["Busted Crown","Cursed Key"],"picked":"Astrolabe"}],"items_purged_floors":[12],"is_endless":false,"potions_floor_spawned":[1,2,6,8,19],"killed_by":"Cultist and Chosen","ascension_level":1}