{"gold_per_floor":[116,2,16,35,35,35,70,70,70,84,84,112,129,158,158,260,260,275,310,30,30,41,67,85,117,185,217,217,217,66,78,78,181,181,181],"floor_reached":35,"playtime":1487,"items_purged":["Strike_G","Strike_G"],"score":665,"play_id":"45177ed8-9961-4507-8c59-cbdac0406794","local_time":"20190706171733","is_ascension_mode":true,"campfire_choices":[{"data":"Neutralize","floor":6,"key":"SMITH"},{"floor":8,"key":"REST"},{"data":"Caltrops","floor":11,"key":"SMITH"},{"data":"Leg Sweep","floor":15,"key":"SMITH"},{"floor":28,"key":"REST"},{"floor":32,"key":"REST"}],"neow_cost":"","seed_source_timestamp":0,"circlet_count":0,"master_deck":["Defend_G","Defend_G","Defend_G","Defend_G","Defend_G","Survivor","Neutralize+1","Dagger Throw","Endless Agony","Quick Slash","Poisoned Stab","Deadly Poison","Caltrops+1","Unload","Cloak And Dagger","Leg Sweep+1","Malaise","Riddle With Holes+1","Accuracy+1","Blur+1","Bouncing Flask","All Out Attack","RitualDagger","Footwork","Caltrops","Dagger Spray","Outmaneuver+1","Endless Agony","A Thousand Cuts"],"relics":["Ring of the Snake","Dead Branch","Thread and Needle","Dodecahedron","PreservedInsect","Astrolabe","Red Mask","Snake Skull","Ancient Tea Set","Blood Vial","Kunai","Juzu Bracelet","Enchiridion","Oddly Smooth Stone","Runic Pyramid"],"potions_floor_usage":[22],"damage_taken":[{"damage":0,"enemies":"2 Louse","floor":1,"turns":3},{"damage":0,"enemies":"Cultist","floor":3,"turns":3},{"damage":0,"enemies":"Small Slimes","floor":4,"turns":3},{"damage":19,"enemies":"Gremlin Nob","floor":7,"turns":4},{"damage":0,"enemies":"2 Fungi Beasts","floor":10,"turns":2},{"damage":0,"enemies":"3 Sentries","floor":12,"turns":7},{"damage":0,"enemies":"Lots of Slimes","floor":13,"turns":4},{"damage":4,"enemies":"Lagavulin","floor":14,"turns":5},{"damage":46,"enemies":"Slime Boss","floor":16,"turns":15},{"damage":0,"enemies":"Shell Parasite","floor":18,"turns":6},{"damage":39,"enemies":"Masked Bandits","floor":19,"turns":8},{"damage":0,"enemies":"3 Byrds","floor":22,"turns":4},{"damage":0,"enemies":"Gremlin Leader","floor":23,"turns":5},{"damage":0,"enemies":"Snake Plant","floor":24,"turns":5},{"damage":7,"enemies":"Slavers","floor":25,"turns":8},{"damage":7,"enemies":"Gremlin Leader","floor":27,"turns":7},{"damage":2,"enemies":"3 Cultists","floor":31,"turns":4},{"damage":19,"enemies":"Champ","floor":33,"turns":9},{"damage":0,"enemies":"3 Darklings","floor":35,"turns":2}],"seed_played":"-2990707868702966463","potions_obtained":[{"floor":3,"key":"Weak Potion"},{"floor":4,"key":"Regen Potion"},{"floor":7,"key":"LiquidBronze"},{"floor":10,"key":"GhostInAJar"},{"floor":24,"key":"SpeedPotion"},{"floor":27,"key":"Strength Potion"}],"is_trial":true,"path_per_floor":["M","$","M","M","?","R","E","R","T","M","R","E","M","E","R","B",null,"M","?","$","?","M","E","M","E","T","E","R","?","$","M","R","B",null,"M"],"character_chosen":"THE_SILENT","items_purchased":["Endless Agony","Snake Skull","All Out Attack","Oddly Smooth Stone"],"campfire_rested":3,"item_purchase_floors":[2,20,20,30],"current_hp_per_floor":[70,70,70,70,63,63,44,65,65,65,65,65,65,61,61,15,70,70,31,31,25,39,39,39,32,32,27,48,32,32,32,53,36,70,70],"gold":181,"neow_bonus":"","is_prod":false,"is_daily":false,"chose_seed":false,"campfire_upgraded":3,"win_rate":0,"timestamp":1562429853,"path_taken":["M","$","M","M","?","R","E","R","T","M","R","E","?","E","R","BOSS","M","?","$","?","M","E","M","E","T","E","R","?","$","M","R","BOSS","M"],"build_version":"2019-07-05","purchased_purges":2,"victory":false,"max_hp_per_floor":[70,70,70,70,70,70,70,70,70,70,70,70,70,70,70,70,70,70,70,70,70,70,70,70,70,70,70,70,70,70,70,70,70,70,70],"card_choices":[{"not_picked":["Dodge and Roll","Cloak And Dagger"],"picked":"Dagger Throw","floor":1},{"not_picked":["Deflect","Catalyst"],"picked":"Quick Slash","floor":3},{"not_picked":["Outmaneuver","Concentrate"],"picked":"Poisoned Stab","floor":4},{"not_picked":["Dodge and Roll","PiercingWail"],"picked":"Deadly Poison","floor":7},{"not_picked":["Masterful Stab","Prepared"],"picked":"Caltrops","floor":10},{"not_picked":["Tactician","Cloak And Dagger"],"picked":"Unload","floor":12},{"not_picked":["Dagger Throw","Acrobatics"],"picked":"Cloak And Dagger","floor":13},{"not_picked":["Expertise","Predator"],"picked":"Leg Sweep","floor":14},{"not_picked":["Bullet Time","Tools of the Trade"],"picked":"Malaise","floor":16},{"not_picked":["Eviscerate","Acrobatics"],"picked":"Bouncing Flask","floor":18},{"not_picked":["Cloak And Dagger","Prepared","Terror"],"picked":"SKIP","floor":22},{"not_picked":["Tactician+1","Expertise"],"picked":"Footwork","floor":23},{"not_picked":["Cloak And Dagger","Prepared"],"picked":"Caltrops","floor":24},{"not_picked":["Envenom","PiercingWail+1"],"picked":"Dagger Spray","floor":25},{"not_picked":["Dagger Throw","Grand Finale"],"picked":"Outmaneuver+1","floor":27},{"not_picked":["Underhanded Strike","Bane+1"],"picked":"Endless Agony","floor":31},{"not_picked":["Doppelganger","Phantasmal Killer"],"picked":"A Thousand Cuts","floor":33}],"player_experience":1539049,"relics_obtained":[{"floor":7,"key":"Dead Branch"},{"floor":9,"key":"Thread and Needle"},{"floor":12,"key":"Dodecahedron"},{"floor":14,"key":"PreservedInsect"},{"floor":19,"key":"Red Mask"},{"floor":23,"key":"Ancient Tea Set"},{"floor":25,"key":"Blood Vial"},{"floor":26,"key":"Kunai"},{"floor":27,"key":"Juzu Bracelet"},{"floor":29,"key":"Enchiridion"}],"event_choices":[{"damage_healed":0,"gold_gain":0,"player_choice":"Damaged","damage_taken":7,"max_hp_gain":0,"max_hp_loss":0,"event_name":"Wheel of Change","floor":5,"gold_loss":0},{"damage_healed":0,"gold_gain":0,"player_choice":"Fought Bandits","damage_taken":0,"max_hp_gain":0,"max_hp_loss":0,"event_name":"Masked Bandits","floor":19,"gold_loss":0},{"damage_healed":0,"gold_gain":0,"player_choice":"Joined the Cult","damage_taken":6,"max_hp_gain":0,"max_hp_loss":0,"event_name":"Nest","floor":21,"gold_loss":0,"cards_obtained":["RitualDagger"]},{"damage_healed":0,"gold_gain":0,"player_choice":"Obtained Book","damage_taken":16,"max_hp_gain":0,"max_hp_loss":0,"event_name":"Cursed Tome","floor":29,"gold_loss":0}],"is_beta":false,"boss_relics":[{"not_picked":["Eternal Feather","Lizard Tail"],"picked":"Astrolabe"},{"not_picked":["Ring of the Serpent","Velvet Choker"],"picked":"Runic Pyramid"}],"items_purged_floors":[2,20],"is_endless":true,"potions_floor_spawned":[3,4,7,10,12,24,27,31,33],"killed_by":"3 Darklings","ascension_level":1}