{"gold_per_floor":[213,213,223,53,73,73,73,98,124,140,140,65,93,105,105,184,184,197,135,135,147,160,185,185,211,236,271,271,282,332,345,345,422,422,440,440,362,362,373,373,402,402,402,414,430,430,430,442,442,442],"floor_reached":51,"playtime":3556,"items_purged":["Defend_B"],"score":1396,"play_id":"30a48c47-8a30-4795-8794-820c8fa8e8d3","local_time":"20181001012015","is_ascension_mode":true,"campfire_choices":[{"data":"Defragment","floor":6.0,"key":"SMITH"},{"data":"FTL","floor":11.0,"key":"SMITH"},{"data":"Conserve Battery","floor":15.0,"key":"SMITH"},{"floor":24.0,"key":"REST"},{"floor":32.0,"key":"REST"},{"data":"Echo Form","floor":40,"key":"SMITH"},{"floor":46,"key":"REST"},{"data":"Loop","floor":47,"key":"SMITH"},{"floor":49,"key":"REST"}],"neow_cost":"NONE","seed_source_timestamp":0,"circlet_count":0,"master_deck":["Zap+1","Dualcast","AscendersBane","Conserve Battery+1","FTL+1","Defragment+1","Conserve Battery","Go for the Eyes+1","Conserve Battery","Conserve Battery","Rebound","Seek+1","Ball Lightning","Core Surge+1","Sweeping Beam","Turbo+1","Coolheaded+1","Go for the Eyes+1","Leap+1","Go for the Eyes","Hello World","Hologram+1","FTL","Glacier+1","Electrodynamics","Loop+1","Leap+1","Steam+1","Glacier+1","Echo Form+1","Fusion+1","Blizzard","Stack+1","Hologram+1","Reinforced Body+1"],"special_seed":0,"relics":["Cracked Core","Pen Nib","Blood Vial","Toxic Egg 2","Pandora\u0027s Box","Oddly Smooth Stone","Anchor","Whetstone","Du-Vu Doll","White Beast Statue","Nunchaku","WingedGreaves","Turnip"],"potions_floor_usage":[33,33,44,45,48,50,50],"damage_taken":[{"damage":4.0,"enemies":"Jaw Worm","floor":1.0,"turns":4.0},{"damage":0.0,"enemies":"Cultist","floor":3.0,"turns":4.0},{"damage":0.0,"enemies":"Small Slimes","floor":5.0,"turns":3.0},{"damage":11.0,"enemies":"Lagavulin","floor":8.0,"turns":8.0},{"damage":10.0,"enemies":"3 Louse","floor":10.0,"turns":3.0},{"damage":7.0,"enemies":"3 Sentries","floor":13.0,"turns":8.0},{"damage":0.0,"enemies":"Exordium Thugs","floor":14.0,"turns":3.0},{"damage":3.0,"enemies":"Hexaghost","floor":16.0,"turns":8.0},{"damage":4.0,"enemies":"Chosen","floor":18.0,"turns":4.0},{"damage":12.0,"enemies":"2 Thieves","floor":21.0,"turns":4.0},{"damage":27.0,"enemies":"Shelled Parasite and Fungi","floor":22.0,"turns":5.0},{"damage":15.0,"enemies":"Slavers","floor":23.0,"turns":7.0},{"damage":26.0,"enemies":"Book of Stabbing","floor":25.0,"turns":8.0},{"damage":7.0,"enemies":"Slavers","floor":27.0,"turns":4.0},{"damage":0.0,"enemies":"Sentry and Sphere","floor":29.0,"turns":4.0},{"damage":0.0,"enemies":"Snake Plant","floor":31.0,"turns":4.0},{"damage":1,"enemies":"Champ","floor":33,"turns":14},{"damage":4,"enemies":"Orb Walker","floor":35,"turns":5},{"damage":0,"enemies":"3 Shapes","floor":39,"turns":5},{"damage":4,"enemies":"Giant Head","floor":41,"turns":13},{"damage":6,"enemies":"Spire Growth","floor":44,"turns":7},{"damage":9,"enemies":"Reptomancer","floor":45,"turns":7},{"damage":21,"enemies":"Maw","floor":48,"turns":10},{"damage":43,"enemies":"Awakened One","floor":50,"turns":18}],"seed_played":"-8563415896357560856","potions_obtained":[{"floor":3.0,"key":"EssenceOfSteel"},{"floor":5.0,"key":"Weak Potion"},{"floor":16.0,"key":"Poison Potion"},{"floor":21.0,"key":"PowerPotion"},{"floor":23.0,"key":"Energy Potion"},{"floor":27.0,"key":"Block Potion"},{"floor":29.0,"key":"AttackPotion"},{"floor":35,"key":"Fire Potion"},{"floor":39,"key":"LiquidBronze"},{"floor":44,"key":"Explosive Potion"},{"floor":45,"key":"PowerPotion"},{"floor":48,"key":"LiquidBronze"}],"is_trial":false,"path_per_floor":["M","?","M","$","M","R","?","E","T","M","R","$","E","M","R","B",null,"M","$","?","M","M","E","R","E","T","E","$","M","?","M","R","B",null,"M","?","$","T","M","R","E","?","T","M","M","R","R","M","R","B"],"character_chosen":"DEFECT","items_purchased":["Defragment","Conserve Battery","Go for the Eyes","Hologram+1","Blizzard"],"campfire_rested":4,"item_purchase_floors":[4,4,4,19,37],"current_hp_per_floor":[60,60,60,60,60,60,60,49,49,41,41,41,36,38,38,37,63,61,61,71,59,34,21,42,18,18,13,13,15,15,17,38,39,63,61,61,61,61,63,63,61,61,61,57,50,71,71,50,71,28],"gold":442,"neow_bonus":"HUNDRED_GOLD","is_prod":false,"is_daily":false,"chose_seed":false,"campfire_upgraded":5,"win_rate":0,"timestamp":1538371215,"path_taken":["M","?","M","$","M","R","?","E","T","M","R","$","E","M","R","BOSS","M","$","?","M","?","E","R","E","T","E","$","M","?","M","R","BOSS","M","?","$","?","M","R","E","?","T","?","?","R","R","M","R","BOSS"],"build_version":"2018-09-27","purchased_purges":1,"victory":true,"max_hp_per_floor":[71,71,71,71,71,71,71,71,71,71,71,71,71,71,71,71,71,71,71,71,71,71,71,71,71,71,71,71,71,71,71,71,71,71,71,71,71,71,71,71,71,71,71,71,71,71,71,71,71,71],"card_choices":[{"not_picked":["Gash","Genetic Algorithm"],"picked":"Conserve Battery","floor":1.0},{"not_picked":["Rebound","Compile Driver"],"picked":"FTL","floor":3.0},{"not_picked":["Undo","All For One"],"picked":"Conserve Battery","floor":5.0},{"not_picked":["White Noise","Coolheaded"],"picked":"Conserve Battery","floor":8.0},{"not_picked":["Storm","Beam Cell"],"picked":"Rebound","floor":10.0},{"not_picked":["BootSequence","Cold Snap"],"picked":"Seek","floor":13.0},{"not_picked":["Compile Driver","Capacitor"],"picked":"Ball Lightning","floor":14.0},{"not_picked":["All For One","Meteor Strike"],"picked":"Core Surge","floor":16.0},{"not_picked":["Chaos+1","Aggregate+1"],"picked":"Hello World","floor":18.0},{"not_picked":["Streamline","Leap+1"],"picked":"FTL","floor":21.0},{"not_picked":["Streamline","Beam Cell"],"picked":"Glacier+1","floor":22.0},{"not_picked":["Redo+1","Tempest+1"],"picked":"Electrodynamics","floor":23.0},{"not_picked":["Conserve Battery+1","Compile Driver"],"picked":"Loop","floor":25.0},{"not_picked":["Heatsinks","Melter"],"picked":"Leap+1","floor":27.0},{"not_picked":["Melter+1","Steam Power+1"],"picked":"Steam+1","floor":29.0},{"not_picked":["Barrage","Machine Learning"],"picked":"Glacier+1","floor":31.0},{"not_picked":["Rainbow+1","Electrodynamics"],"picked":"Echo Form","floor":33},{"not_picked":["Go for the Eyes","Force Field+1"],"picked":"Fusion+1","floor":35},{"not_picked":["Gash","Go for the Eyes+1"],"picked":"Stack+1","floor":39},{"not_picked":["Leap+1","Conserve Battery+1","Tempest+1"],"picked":"SKIP","floor":41},{"not_picked":["Tempest+1","Steam+1"],"picked":"Hologram+1","floor":44},{"not_picked":["Rebound","Barrage+1","Steam Power+1"],"picked":"SKIP","floor":45},{"not_picked":["Sunder","Beam Cell"],"picked":"Reinforced Body+1","floor":48}],"player_experience":345140,"relics_obtained":[{"floor":8.0,"key":"Pen Nib"},{"floor":9.0,"key":"Blood Vial"},{"floor":13.0,"key":"Toxic Egg 2"},{"floor":23.0,"key":"Oddly Smooth Stone"},{"floor":25.0,"key":"Anchor"},{"floor":26.0,"key":"Whetstone"},{"floor":27.0,"key":"Du-Vu Doll"},{"floor":38,"key":"Nunchaku"},{"floor":41,"key":"WingedGreaves"},{"floor":43,"key":"Turnip"}],"event_choices":[{"event_name":"Accursed Blacksmith","player_choice":"Forge","floor":2.0,"damage_taken":0.0},{"event_name":"Upgrade Shrine","player_choice":"Upgraded","floor":7.0,"damage_taken":0.0},{"event_name":"The Library","player_choice":"Heal","floor":20.0,"damage_taken":0.0},{"event_name":"Nest","player_choice":"Stole From Cult","floor":30.0,"damage_taken":0.0},{"event_name":"Purifier","player_choice":"One Purge","floor":36,"damage_taken":0},{"event_name":"Tomb of Lord Red Mask","player_choice":"Ignored","floor":42,"damage_taken":0}],"is_beta":false,"boss_relics":[{"not_picked":["Lizard Tail","Snecko Eye"],"picked":"Pandora\u0027s Box"},{"not_picked":["Runic Pyramid","Black Star"],"picked":"White Beast Statue"}],"items_purged_floors":[12],"is_endless":false,"potions_floor_spawned":[3,5,16,21,23,27,29,35,39,41,44,45,48],"ascension_level":18}