{"gold_per_floor":[112,129,129,204,204,231,231,231,231,231,257,257,257,174,174,174],"floor_reached":16,"playtime":267,"items_purged":[],"score":258,"play_id":"bc7fca2b-99b1-4445-923b-a8e1e40dd52f","local_time":"20190516190732","is_ascension_mode":true,"campfire_choices":[{"data":"Neutralize","floor":7,"key":"SMITH"},{"floor":10,"key":"REST"},{"floor":15,"key":"REST"}],"neow_cost":"NONE","seed_source_timestamp":1666870317510945,"circlet_count":0,"master_deck":["AscendersBane","Defend_G","Defend_G","Defend_G","Defend_G","Defend_G","Strike_G+1","Strike_G","Strike_G","Strike_G","Strike_G","Survivor","Neutralize+1","Flying Knee","Sucker Punch","Dagger Spray+1","Dagger Spray","Noxious Fumes","PiercingWail"],"relics":["Ring of the Snake","NeowsBlessing","Vajra","Dream Catcher","Meat on the Bone","Whetstone"],"potions_floor_usage":[],"damage_taken":[{"damage":0,"enemies":"Cultist","floor":1,"turns":1},{"damage":0,"enemies":"Jaw Worm","floor":2,"turns":1},{"damage":0,"enemies":"Lagavulin","floor":6,"turns":1},{"damage":35,"enemies":"3 Sentries","floor":11,"turns":9},{"damage":55,"enemies":"Slime Boss","floor":16,"turns":9}],"seed_played":"-5734659638195517989","potions_obtained":[],"is_trial":false,"path_per_floor":["M","M","?","?","?","E","R","$","T","R","E","?","?","$","R","B"],"character_chosen":"THE_SILENT","items_purchased":["Noxious Fumes"],"campfire_rested":2,"item_purchase_floors":[14],"current_hp_per_floor":[59,59,41,30,30,30,30,30,30,49,26,26,26,26,45,0],"gold":174,"neow_bonus":"THREE_ENEMY_KILL","is_prod":false,"is_daily":false,"chose_seed":false,"campfire_upgraded":1,"win_rate":0,"timestamp":1558048052,"path_taken":["M","?","?","?","?","E","R","$","T","R","E","?","?","$","R","BOSS"],"build_version":"2019-01-23","purchased_purges":0,"victory":false,"max_hp_per_floor":[66,66,66,66,66,66,66,66,66,66,66,66,66,66,66,66],"card_choices":[{"not_picked":["Acrobatics","Slice","Outmaneuver"],"picked":"SKIP","floor":1},{"not_picked":["Quick Slash","Prepared"],"picked":"Flying Knee","floor":2},{"not_picked":["Choke","Cloak And Dagger"],"picked":"Sucker Punch","floor":6},{"not_picked":["Underhanded Strike","PiercingWail"],"picked":"Dagger Spray","floor":10},{"not_picked":["Doppelganger","Outmaneuver"],"picked":"Dagger Spray","floor":11},{"not_picked":["Quick Slash","Dagger Spray"],"picked":"PiercingWail","floor":15}],"player_experience":689623,"relics_obtained":[{"floor":6,"key":"Dream Catcher"},{"floor":9,"key":"Meat on the Bone"},{"floor":11,"key":"Whetstone"}],"event_choices":[{"damage_healed":0,"gold_gain":0,"player_choice":"Success","damage_taken":18,"relics_obtained":["Vajra"],"max_hp_gain":0,"max_hp_loss":0,"event_name":"Scrap Ooze","floor":3,"gold_loss":0},{"damage_healed":0,"gold_gain":75,"player_choice":"Gather Gold","damage_taken":11,"max_hp_gain":0,"max_hp_loss":0,"event_name":"World of Goop","floor":4,"gold_loss":0},{"damage_healed":0,"gold_gain":0,"player_choice":"Ignored","damage_taken":0,"max_hp_gain":0,"max_hp_loss":0,"event_name":"Shining Light","floor":5,"gold_loss":0},{"damage_healed":0,"gold_gain":0,"player_choice":"Ignored","damage_taken":0,"max_hp_gain":0,"max_hp_loss":0,"event_name":"Liars Game","floor":12,"gold_loss":0},{"damage_healed":0,"gold_gain":0,"player_choice":"Ignored","damage_taken":0,"max_hp_gain":0,"max_hp_loss":0,"event_name":"Golden Idol","floor":13,"gold_loss":0}],"is_beta":false,"boss_relics":[],"items_purged_floors":[],"is_endless":false,"potions_floor_spawned":[],"killed_by":"Slime Boss","ascension_level":20}