{"gold_per_floor":[116,116,130,140,159,159,188,188,212,229,240,240],"floor_reached":12,"playtime":254,"items_purged":[],"score":164,"play_id":"79564c7b-4ed2-4853-8cd4-0093c8c024ee","local_time":"20190314000811","is_ascension_mode":true,"campfire_choices":[{"data":"Zap","floor":6,"key":"SMITH"},{"floor":8,"key":"REST"}],"neow_cost":"NONE","seed_source_timestamp":220461558847300,"circlet_count":0,"master_deck":["AscendersBane","Strike_B","Strike_B","Strike_B+1","Strike_B+1","Defend_B","Defend_B","Defend_B","Defend_B","Zap+1","Dualcast","Ball Lightning","Sweeping Beam","Sunder","Steam","Go for the Eyes","Ball Lightning"],"relics":["Cracked Core","NeowsBlessing","Pen Nib","Whetstone"],"potions_floor_usage":[5,7],"damage_taken":[{"damage":0,"enemies":"2 Louse","floor":1,"turns":1},{"damage":0,"enemies":"Small Slimes","floor":3,"turns":1},{"damage":0,"enemies":"Jaw Worm","floor":4,"turns":1},{"damage":25,"enemies":"Gremlin Gang","floor":5,"turns":4},{"damage":35,"enemies":"Lagavulin","floor":7,"turns":5},{"damage":16,"enemies":"Exordium Thugs","floor":10,"turns":4},{"damage":2,"enemies":"3 Louse","floor":11,"turns":3},{"damage":8,"enemies":"Gremlin Nob","floor":12,"turns":2}],"seed_played":"5512034771420449822","potions_obtained":[{"floor":1,"key":"SkillPotion"},{"floor":5,"key":"SteroidPotion"}],"is_trial":false,"path_per_floor":["M","?","M","M","M","R","E","R","T","M","M","E"],"character_chosen":"DEFECT","items_purchased":[],"campfire_rested":1,"item_purchase_floors":[],"current_hp_per_floor":[64,64,64,64,39,39,4,25,25,9,7,0],"gold":240,"neow_bonus":"THREE_ENEMY_KILL","is_prod":false,"is_daily":false,"chose_seed":false,"campfire_upgraded":1,"win_rate":0,"timestamp":1552522091,"path_taken":["M","?","M","M","M","R","E","R","T","M","M","E"],"build_version":"2019-01-23","purchased_purges":0,"victory":false,"max_hp_per_floor":[71,71,71,71,71,71,71,71,71,71,71,71],"card_choices":[{"not_picked":["Barrage","Go for the Eyes"],"picked":"Ball Lightning","floor":1},{"not_picked":["Reprogram","Steam Power","Turbo"],"picked":"SKIP","floor":3},{"not_picked":["Barrage","BootSequence"],"picked":"Sweeping Beam","floor":4},{"not_picked":["Blizzard","Tempest"],"picked":"Sunder","floor":5},{"not_picked":["Echo Form","Sweeping Beam"],"picked":"Steam","floor":7},{"not_picked":["Compile Driver","Leap"],"picked":"Go for the Eyes","floor":10},{"not_picked":["Undo","Streamline"],"picked":"Ball Lightning","floor":11}],"player_experience":1281015,"relics_obtained":[{"floor":7,"key":"Pen Nib"},{"floor":9,"key":"Whetstone"}],"event_choices":[{"damage_healed":0,"gold_gain":0,"player_choice":"Ignored","damage_taken":0,"max_hp_gain":0,"max_hp_loss":0,"event_name":"Liars Game","floor":2,"gold_loss":0}],"is_beta":false,"boss_relics":[],"items_purged_floors":[],"is_endless":false,"potions_floor_spawned":[1,5],"killed_by":"Gremlin Nob","ascension_level":20}