{"gold_per_floor":[113,66,66,83,97,97,129,129,152,152,101,112,112,127,127,224,224,234,234,249,263,55,55,71,71,96,96,96,96,108,128,128,128],"floor_reached":33,"playtime":669,"items_purged":[],"score":272,"play_id":"f5be93d4-5b24-42eb-8b16-a57aaf50cf86","local_time":"20190710164556","is_ascension_mode":false,"campfire_choices":[{"data":"Spot Weakness","floor":6.0,"key":"SMITH"},{"data":"Bash","floor":10.0,"key":"SMITH"},{"data":"Rampage","floor":13.0,"key":"SMITH"},{"data":"Uppercut","floor":15.0,"key":"SMITH"},{"floor":23.0,"key":"REST"},{"floor":32.0,"key":"REST"}],"neow_cost":"NONE","seed_source_timestamp":6409000968453542,"circlet_count":0,"master_deck":["Strike_R","Strike_R","Strike_R","Strike_R","Defend_R","Defend_R","Defend_R+1","Defend_R+1","Bash+1","Feel No Pain","Spot Weakness+1","Perfected Strike","Uppercut+1","Perfected Strike","Rampage+1","Uppercut","Double Tap","Shrug It Off","Perfected Strike+1","Pommel Strike","Demon Form","Whirlwind","Decay","Perfected Strike","Power Through+1"],"special_seed":0,"relics":["Sozu"],"potions_floor_usage":[],"damage_taken":[{"damage":0.0,"enemies":"Cultist","floor":1.0,"turns":2.0},{"damage":0.0,"enemies":"2 Louse","floor":4.0,"turns":2.0},{"damage":1.0,"enemies":"Jaw Worm","floor":5.0,"turns":4.0},{"damage":15.0,"enemies":"3 Sentries","floor":7.0,"turns":8.0},{"damage":9.0,"enemies":"2 Fungi Beasts","floor":12.0,"turns":3.0},{"damage":5.0,"enemies":"Lots of Slimes","floor":14.0,"turns":4.0},{"damage":21.0,"enemies":"The Guardian","floor":16.0,"turns":8.0},{"damage":10.0,"enemies":"Chosen","floor":18.0,"turns":4.0},{"damage":10.0,"enemies":"Spheric Guardian","floor":20.0,"turns":3.0},{"damage":28.0,"enemies":"Snake Plant","floor":21.0,"turns":3.0},{"damage":14.0,"enemies":"Centurion and Healer","floor":24.0,"turns":4.0},{"damage":23.0,"enemies":"3 Cultists","floor":30.0,"turns":5.0},{"damage":5.0,"enemies":"Snecko","floor":31.0,"turns":3.0},{"damage":44,"enemies":"Champ","floor":33,"turns":8}],"seed_played":"2699965460284704098","potions_obtained":[],"is_trial":false,"path_per_floor":["M","?","?","M","M","R","E","?","T","R","$","M","R","M","R","B",null,"M","?","M","M","$","R","M","$","T","$","?","?","M","M","R","B"],"character_chosen":"IRONCLAD","items_purchased":["Perfected Strike","Demon Form","Whirlwind"],"campfire_rested":2,"item_purchase_floors":[11,22,22],"current_hp_per_floor":[80,80,80,80,79,79,64,48,48,48,48,39,39,34,34,13,80,70,70,60,32,32,56,42,42,42,42,42,42,19,14,38,0],"gold":128,"neow_bonus":"BOSS_RELIC","is_prod":false,"is_daily":false,"chose_seed":false,"campfire_upgraded":4,"win_rate":0,"timestamp":1562791556,"path_taken":["M","?","?","M","M","R","E","?","T","R","?","M","R","M","R","BOSS","M","?","?","M","$","R","M","$","T","?","?","?","?","M","R","BOSS"],"build_version":"2019-07-05","purchased_purges":0,"victory":false,"max_hp_per_floor":[80,80,80,80,80,80,80,80,80,80,80,80,80,80,80,80,80,80,80,80,80,80,80,80,80,80,80,80,80,80,80,80,80],"card_choices":[{"not_picked":["Pummel","True Grit"],"picked":"Feel No Pain","floor":1.0},{"not_picked":["Battle Trance","Anger"],"picked":"Spot Weakness","floor":4.0},{"not_picked":["Clothesline","Wild Strike"],"picked":"Perfected Strike","floor":5.0},{"not_picked":["Pommel Strike","Anger"],"picked":"Uppercut","floor":7.0},{"not_picked":["Second Wind","Anger"],"picked":"Rampage","floor":12.0},{"not_picked":["Clash","Dark Embrace"],"picked":"Uppercut","floor":14.0},{"not_picked":["Fiend Fire","Exhume"],"picked":"Double Tap","floor":16.0},{"not_picked":["Havoc","Sword Boomerang"],"picked":"Shrug It Off","floor":18.0},{"not_picked":["Clash","Body Slam"],"picked":"Perfected Strike+1","floor":20.0},{"not_picked":["Heavy Blade","Reckless Charge"],"picked":"Pommel Strike","floor":21.0},{"not_picked":["Wild Strike+1","Thunderclap","Intimidate"],"picked":"SKIP","floor":24.0},{"not_picked":["Flex","Iron Wave"],"picked":"Perfected Strike","floor":30.0},{"not_picked":["Inflame+1","Impervious"],"picked":"Power Through+1","floor":31.0}],"player_experience":946247,"relics_obtained":[],"event_choices":[{"damage_healed":0.0,"max_hp_gain":0.0,"max_hp_loss":0.0,"gold_gain":0.0,"event_name":"World of Goop","player_choice":"Left Gold","floor":2.0,"gold_loss":47.0,"damage_taken":0.0},{"damage_healed":0.0,"max_hp_gain":0.0,"max_hp_loss":0.0,"gold_gain":0.0,"event_name":"Scrap Ooze","player_choice":"Fled","floor":3.0,"gold_loss":0.0,"damage_taken":0.0},{"damage_healed":0.0,"max_hp_gain":0.0,"max_hp_loss":0.0,"gold_gain":0.0,"event_name":"Shining Light","player_choice":"Entered Light","floor":8.0,"gold_loss":0.0,"damage_taken":16.0,"cards_upgraded":["Defend_R","Defend_R"]},{"cards_removed":["Strike_R"],"damage_healed":0.0,"max_hp_gain":0.0,"max_hp_loss":0.0,"gold_gain":0.0,"event_name":"Bonfire Elementals","player_choice":"Offered Basic","floor":19.0,"gold_loss":0.0,"damage_taken":0.0},{"damage_healed":0.0,"max_hp_gain":0.0,"max_hp_loss":0.0,"gold_gain":0.0,"event_name":"Forgotten Altar","player_choice":"Smashed Altar","floor":28.0,"gold_loss":0.0,"damage_taken":0.0,"cards_obtained":["Decay"]},{"damage_healed":0.0,"max_hp_gain":0.0,"max_hp_loss":0.0,"gold_gain":0.0,"event_name":"The Woman in Blue","player_choice":"Bought 0 Potions","floor":29.0,"gold_loss":0.0,"damage_taken":0.0}],"is_beta":false,"boss_relics":[{"not_picked":["White Beast Statue","Runic Pyramid","Mark of Pain"]}],"items_purged_floors":[],"is_endless":false,"potions_floor_spawned":[1,4,7,14,16,18,24,31],"killed_by":"Champ","ascension_level":0}