{"gold_per_floor":[113,125,125,139,64,64,84,128,208,246,326,346,380,380,380,471,534,558,572,595,613,627,627,666,690,716,269,184,184,207,226,226,316,316,339,339,339,2,127,127,148,148,148,148,169,169,0,15,15,15],"floor_reached":51,"playtime":1796,"items_purged":["Strike_R","Strike_R"],"score":1472,"play_id":"44bdcd01-59e6-439d-892d-16b8376f1780","local_time":"20190214202019","is_ascension_mode":true,"campfire_choices":[{"floor":6.0,"key":"REST"},{"data":"1","floor":15.0,"key":"LIFT"},{"floor":23.0,"key":"REST"},{"data":"2","floor":29.0,"key":"LIFT"},{"data":"3","floor":32.0,"key":"LIFT"},{"data":"Impervious","floor":40,"key":"SMITH"},{"data":"Flame Barrier","floor":46,"key":"SMITH"},{"data":"The Bomb","floor":49,"key":"SMITH"}],"neow_cost":"NONE","seed_source_timestamp":0,"circlet_count":0,"master_deck":["AscendersBane","Strike_R","Strike_R","Strike_R","Defend_R","Defend_R","Defend_R","Defend_R","Bash","Clothesline","Fiend Fire","Shrug It Off+1","Perfected Strike","Barricade","Battle Trance","Spot Weakness","Uppercut","Clothesline","Body Slam","Impervious+1","Shrug It Off+1","Flame Barrier+1","Impervious+1","The Bomb+1","Metallicize+1"],"special_seed":0,"relics":["Snecko Eye","Golden Idol","Girya","Paper Frog","Bronze Scales","Mango","Bottled Flame","Tiny House","Strawberry","Juzu Bracelet","Charon\u0027s Ashes","Pantograph","Bag of Marbles","Sozu","Gambling Chip","Bird Faced Urn","Gremlin Horn","Red Mask"],"potions_floor_usage":[],"damage_taken":[{"damage":6.0,"enemies":"Cultist","floor":1.0,"turns":4.0},{"damage":0.0,"enemies":"Small Slimes","floor":2.0,"turns":2.0},{"damage":2.0,"enemies":"Jaw Worm","floor":4.0,"turns":2.0},{"damage":1.0,"enemies":"Exordium Wildlife","floor":7.0,"turns":2.0},{"damage":25.0,"enemies":"Lagavulin","floor":8.0,"turns":5.0},{"damage":0.0,"enemies":"Gremlin Nob","floor":10.0,"turns":2.0},{"damage":5.0,"enemies":"Gremlin Nob","floor":11.0,"turns":2.0},{"damage":2.0,"enemies":"3 Louse","floor":12.0,"turns":2.0},{"damage":0.0,"enemies":"Lagavulin","floor":13.0,"turns":2.0},{"damage":0.0,"enemies":"Slime Boss","floor":16.0,"turns":7.0},{"damage":0.0,"enemies":"3 Byrds","floor":18.0,"turns":4.0},{"damage":11.0,"enemies":"Spheric Guardian","floor":19.0,"turns":3.0},{"damage":26.0,"enemies":"Shelled Parasite and Fungi","floor":20.0,"turns":3.0},{"damage":0.0,"enemies":"Snake Plant","floor":21.0,"turns":2.0},{"damage":0.0,"enemies":"Snecko","floor":22.0,"turns":2.0},{"damage":9.0,"enemies":"Book of Stabbing","floor":24.0,"turns":3.0},{"damage":4.0,"enemies":"Cultist and Chosen","floor":25.0,"turns":5.0},{"damage":0.0,"enemies":"3 Cultists","floor":31.0,"turns":2.0},{"damage":74,"enemies":"Collector","floor":33,"turns":10},{"damage":0,"enemies":"3 Shapes","floor":35,"turns":3},{"damage":1,"enemies":"Mind Bloom Boss Battle","floor":39,"turns":3},{"damage":0,"enemies":"3 Darklings","floor":41,"turns":4},{"damage":4,"enemies":"Jaw Worm Horde","floor":45,"turns":4},{"damage":0,"enemies":"Spire Growth","floor":48,"turns":4},{"damage":2,"enemies":"Donu and Deca","floor":50,"turns":6}],"seed_played":"3878253262697207743","potions_obtained":[{"floor":2.0,"key":"Fire Potion"},{"floor":8.0,"key":"PowerPotion"},{"floor":13.0,"key":"FairyPotion"},{"floor":16.0,"key":"FairyPotion"}],"is_trial":false,"path_per_floor":["M","M","?","M","$","R","M","E","T","E","?","M","E","?","R","B",null,"M","M","M","M","M","R","E","M","T","$","?","R","T","M","R","B",null,"M","?","?","$","?","R","M","?","T","?","M","R","?","M","R","B",null],"character_chosen":"IRONCLAD","items_purchased":["Charon\u0027s Ashes","Gambling Chip"],"campfire_rested":2,"item_purchase_floors":[27,38],"current_hp_per_floor":[62,62,36,34,34,56,55,30,30,30,39,37,37,37,37,37,81,81,70,44,44,44,72,70,66,66,66,66,66,66,66,66,17,80,80,80,80,80,95,95,95,95,95,95,93,93,93,95,95,96],"gold":15,"neow_bonus":"BOSS_RELIC","is_prod":false,"is_daily":false,"chose_seed":false,"campfire_upgraded":3,"win_rate":0,"timestamp":1550193619,"path_taken":["M","M","?","M","$","R","M","E","T","E","?","M","E","?","R","BOSS","M","M","M","M","M","R","E","M","T","$","?","R","?","M","R","BOSS","M","?","?","$","?","R","M","?","T","?","M","R","?","M","R","BOSS"],"build_version":"2019-01-23","purchased_purges":2,"victory":true,"max_hp_per_floor":[75,75,75,75,75,75,75,75,75,75,89,89,89,89,89,89,94,94,94,94,94,94,94,101,101,101,101,101,101,101,101,101,101,101,101,101,96,96,96,96,96,96,96,96,96,96,96,96,96,96],"card_choices":[{"not_picked":["Cleave","Carnage"],"picked":"Clothesline","floor":1.0},{"not_picked":["Hemokinesis","Headbutt","Pummel"],"picked":"SKIP","floor":2.0},{"not_picked":["Sword Boomerang","Iron Wave","Bloodletting"],"picked":"SKIP","floor":4.0},{"not_picked":["Flex","Combust"],"picked":"Fiend Fire","floor":7.0},{"not_picked":["True Grit","Anger"],"picked":"Shrug It Off","floor":8.0},{"not_picked":["Heavy Blade","Limit Break","Pommel Strike"],"picked":"SKIP","floor":10.0},{"not_picked":["Flex","Second Wind"],"picked":"Perfected Strike","floor":11.0},{"not_picked":["True Grit","Reckless Charge","Pommel Strike"],"picked":"SKIP","floor":12.0},{"not_picked":["Headbutt","Sword Boomerang"],"picked":"Perfected Strike","floor":13.0},{"not_picked":["Immolate","Offering"],"picked":"Barricade","floor":16.0},{"not_picked":["Warcry","Flex"],"picked":"Battle Trance","floor":17.0},{"not_picked":["Thunderclap","Rage","Warcry"],"picked":"SKIP","floor":18.0},{"not_picked":["Anger","Flex"],"picked":"Spot Weakness","floor":19.0},{"not_picked":["Feel No Pain","Anger","Spot Weakness"],"picked":"SKIP","floor":20.0},{"not_picked":["Intimidate+1","Reckless Charge"],"picked":"Uppercut","floor":21.0},{"not_picked":["Exhume","Iron Wave"],"picked":"Clothesline","floor":22.0},{"not_picked":["Anger","Sword Boomerang","Barricade"],"picked":"SKIP","floor":24.0},{"not_picked":["Cleave","Bloodletting"],"picked":"Body Slam","floor":25.0},{"not_picked":["Sword Boomerang","Anger","Rampage+1"],"picked":"SKIP","floor":31.0},{"not_picked":["Feed","Offering"],"picked":"Impervious","floor":33},{"not_picked":["Rage","Power Through"],"picked":"Shrug It Off+1","floor":35},{"not_picked":["Shrug It Off","Sword Boomerang"],"picked":"Flame Barrier","floor":41},{"not_picked":["Master of Strategy","Discovery"],"picked":"The Bomb","floor":44},{"not_picked":["Armaments","Havoc+1","Infernal Blade"],"picked":"SKIP","floor":45},{"not_picked":["Seeing Red","Flex"],"picked":"Metallicize+1","floor":48}],"player_experience":570523,"relics_obtained":[{"floor":8.0,"key":"Girya"},{"floor":9.0,"key":"Paper Frog"},{"floor":10.0,"key":"Bronze Scales"},{"floor":11.0,"key":"Mango"},{"floor":13.0,"key":"Bottled Flame"},{"floor":24.0,"key":"Strawberry"},{"floor":26.0,"key":"Juzu Bracelet"},{"floor":30.0,"key":"Bag of Marbles"},{"floor":39,"key":"Bird Faced Urn"},{"floor":43,"key":"Gremlin Horn"}],"event_choices":[{"damage_healed":0.0,"max_hp_gain":0.0,"max_hp_loss":0.0,"gold_gain":0.0,"event_name":"Golden Idol","player_choice":"Take Damage","floor":3.0,"gold_loss":0.0,"damage_taken":26.0,"relics_obtained":["Golden Idol"]},{"damage_healed":0.0,"max_hp_gain":0.0,"max_hp_loss":0.0,"gold_gain":0.0,"event_name":"Dead Adventurer","player_choice":"Searched \u00272\u0027 times","floor":11.0,"gold_loss":0.0,"damage_taken":0.0},{"damage_healed":0.0,"max_hp_gain":0.0,"max_hp_loss":0.0,"gold_gain":0.0,"event_name":"Liars Game","player_choice":"Ignored","floor":14.0,"gold_loss":0.0,"damage_taken":0.0},{"damage_healed":0.0,"max_hp_gain":0.0,"max_hp_loss":0.0,"gold_gain":0.0,"event_name":"Addict","player_choice":"Obtained Relic","floor":28.0,"gold_loss":85.0,"damage_taken":0.0,"relics_obtained":["Pantograph"]},{"cards_removed":["Perfected Strike"],"damage_healed":0,"gold_gain":0,"player_choice":"Removed Attack","damage_taken":0,"max_hp_gain":0,"max_hp_loss":0,"event_name":"Falling","floor":36,"gold_loss":0},{"damage_healed":0,"gold_gain":0,"player_choice":"Max HP","damage_taken":0,"max_hp_gain":0,"max_hp_loss":5,"event_name":"Winding Halls","floor":37,"gold_loss":0},{"damage_healed":0,"gold_gain":0,"player_choice":"Fight","damage_taken":0,"max_hp_gain":0,"max_hp_loss":0,"event_name":"MindBloom","floor":39,"gold_loss":0},{"damage_healed":0,"gold_gain":0,"player_choice":"Copied","damage_taken":0,"max_hp_gain":0,"max_hp_loss":0,"event_name":"Duplicator","floor":42,"gold_loss":0,"cards_obtained":["Impervious"]},{"damage_healed":0,"gold_gain":0,"player_choice":"Memory 1","damage_taken":0,"max_hp_gain":0,"max_hp_loss":0,"event_name":"SensoryStone","floor":44,"gold_loss":0},{"damage_healed":0,"gold_gain":0,"player_choice":"Paid","damage_taken":0,"relics_obtained":["Red Mask"],"max_hp_gain":0,"max_hp_loss":0,"event_name":"Tomb of Lord Red Mask","floor":47,"gold_loss":169}],"is_beta":false,"boss_relics":[{"not_picked":["Coffee Dripper","Runic Dome"],"picked":"Tiny House"},{"not_picked":["Mark of Pain","White Beast Statue"],"picked":"Sozu"}],"items_purged_floors":[5,27],"is_endless":false,"potions_floor_spawned":[2,8,11,13,16,18,22,24,25,33,48],"ascension_level":16}