{"gold_per_floor":[113,133,150,165,178,205,218,218,218,218,229,196,196,229,229,326,326,339,439,452,452,466,466,492,492,538,538],"floor_reached":27,"playtime":1211,"items_purged":[],"score":294,"play_id":"685a911c-b74e-444d-84ba-d83b4d830863","local_time":"20180804184216","is_ascension_mode":true,"campfire_choices":[{"floor":8.0,"key":"REST"},{"data":"Poisoned Stab","floor":10.0,"key":"SMITH"},{"floor":13,"key":"REST"},{"floor":15,"key":"REST"},{"floor":23,"key":"REST"},{"floor":25,"key":"REST"}],"neow_cost":"NONE","seed_source_timestamp":2411510681644604,"circlet_count":0,"master_deck":["Defend_G","Defend_G+1","Defend_G","Defend_G","Defend_G","Strike_G","Strike_G","Strike_G","Strike_G","Strike_G","Survivor+1","Neutralize+1","Cloak And Dagger","Dodge and Roll","Backflip","Dodge and Roll","Dodge and Roll","Blade Dance","Poisoned Stab+1","Sucker Punch","Terror","Corpse Explosion","Dagger Spray","Blur+1","Deadly Poison+1","Quick Slash"],"special_seed":0,"relics":["Ring of the Snake","Omamori","Juzu Bracelet","Happy Flower","Sozu","War Paint","Regal Pillow"],"potions_floor_usage":[14,18,20],"damage_taken":[{"damage":0.0,"enemies":"Cultist","floor":1.0,"turns":4.0},{"damage":0.0,"enemies":"2 Louse","floor":2.0,"turns":2.0},{"damage":0.0,"enemies":"Small Slimes","floor":3.0,"turns":3.0},{"damage":0.0,"enemies":"Blue Slaver","floor":4.0,"turns":6.0},{"damage":14.0,"enemies":"Gremlin Gang","floor":5.0,"turns":9.0},{"damage":54.0,"enemies":"Gremlin Nob","floor":6.0,"turns":6.0},{"damage":0.0,"enemies":"Red Slaver","floor":7.0,"turns":5.0},{"damage":0,"enemies":"Blue Slaver","floor":11,"turns":4},{"damage":21,"enemies":"Lagavulin","floor":14,"turns":11},{"damage":40,"enemies":"Hexaghost","floor":16,"turns":15},{"damage":13,"enemies":"2 Thieves","floor":18,"turns":4},{"damage":8,"enemies":"Chosen","floor":20,"turns":4},{"damage":22,"enemies":"Snake Plant","floor":22,"turns":6},{"damage":30,"enemies":"Slavers","floor":24,"turns":3},{"damage":47,"enemies":"Gremlin Leader","floor":27,"turns":8}],"seed_played":"-7472563893927667848","potions_obtained":[{"floor":4.0,"key":"Poison Potion"},{"floor":6.0,"key":"SteroidPotion"},{"floor":14,"key":"SteroidPotion"},{"floor":16,"key":"SkillPotion"}],"is_trial":false,"path_per_floor":["M","M","M","M","M","E","M","R","T","R","M","?","R","E","R","B",null,"M","?","M","?","M","R","E","R","T"],"character_chosen":"THE_SILENT","items_purchased":[],"campfire_rested":5,"item_purchase_floors":[],"current_hp_per_floor":[70,70,70,70,56,2,2,23,23,23,23,23,44,23,44,4,70,57,57,49,49,27,48,18,39,39,0],"gold":538,"neow_bonus":"UPGRADE_CARD","is_prod":false,"is_daily":false,"chose_seed":false,"campfire_upgraded":1,"win_rate":0,"timestamp":1533422536,"path_taken":["M","?","M","M","M","E","M","R","T","R","M","?","R","E","R","BOSS","M","?","M","?","M","R","E","R","T","E"],"build_version":"2018-08-02","purchased_purges":0,"victory":false,"max_hp_per_floor":[70,70,70,70,70,70,70,70,70,70,70,70,70,70,70,70,70,70,70,70,70,70,70,70,70,70,70],"card_choices":[{"not_picked":["Slice","Catalyst"],"picked":"Cloak And Dagger","floor":1.0},{"not_picked":["Acrobatics","Underhanded Strike"],"picked":"Dodge and Roll","floor":2.0},{"not_picked":["Dash","Heel Hook"],"picked":"Backflip","floor":3.0},{"not_picked":["Doppelganger","Cloak And Dagger"],"picked":"Dodge and Roll","floor":4.0},{"not_picked":["Slice","Flying Knee"],"picked":"Dodge and Roll","floor":5.0},{"not_picked":["Burst","Dagger Throw"],"picked":"Blade Dance","floor":6.0},{"not_picked":["Deflect","Quick Slash"],"picked":"Poisoned Stab","floor":7.0},{"not_picked":["Flying Knee","Distraction"],"picked":"Sucker Punch","floor":11},{"not_picked":["Flechettes","Calculated Gamble"],"picked":"Terror","floor":14},{"not_picked":["Unload","Venomology"],"picked":"Corpse Explosion","floor":16},{"not_picked":["Slice","Sucker Punch"],"picked":"Dagger Spray","floor":18},{"not_picked":["Backflip","Heel Hook"],"picked":"Blur+1","floor":20},{"not_picked":["Sucker Punch+1","Reflex"],"picked":"Deadly Poison+1","floor":22},{"not_picked":["All Out Attack","Prepared"],"picked":"Quick Slash","floor":24}],"player_experience":216354,"relics_obtained":[{"floor":6.0,"key":"Omamori"},{"floor":9.0,"key":"Juzu Bracelet"},{"floor":14,"key":"Happy Flower"},{"floor":24,"key":"War Paint"},{"floor":26,"key":"Regal Pillow"}],"event_choices":[{"event_name":"World of Goop","player_choice":"Left","floor":12,"damage_taken":0},{"event_name":"Golden Shrine","player_choice":"Pray","floor":19,"damage_taken":0},{"event_name":"Cursed Tome","player_choice":"Ignored","floor":21,"damage_taken":0}],"is_beta":false,"boss_relics":[{"not_picked":["Ectoplasm","Fusion Hammer"],"picked":"Sozu"}],"items_purged_floors":[],"is_endless":false,"potions_floor_spawned":[4,6,14,16,18,20,22],"killed_by":"Gremlin Leader","ascension_level":4}