{"gold_per_floor":[118,16,16,26,40,75,75,100,100,130,130,130,142,162,162,240,240,251,263,178,178,178,178,207,41,41,71,71,86,100,115,115,191,191,202,219,86,162,162,191,191,222,222,255,273,273,298,317,317,317],"floor_reached":50,"playtime":2349,"items_purged":[],"score":1311,"play_id":"4af31a95-c54a-454e-ad73-0079ebeaf9fe","local_time":"20190711100208","is_ascension_mode":true,"campfire_choices":[{"data":"Creative AI","floor":7.0,"key":"SMITH"},{"floor":12.0,"key":"REST"},{"floor":15.0,"key":"REST"},{"floor":23,"key":"REST"},{"floor":32,"key":"REST"},{"floor":41,"key":"REST"},{"floor":46,"key":"RECALL"},{"floor":49,"key":"REST"}],"neow_cost":"NONE","seed_source_timestamp":92034176603300,"circlet_count":0,"master_deck":["AscendersBane","Defend_B","Defend_B","Defend_B","Defend_B+1","Zap","Dualcast","White Noise+1","Gash","Sweeping Beam","Ball Lightning","Creative AI+1","Electrodynamics","Reboot","Leap+1","Leap","All For One","Ball Lightning+1","Bite","Bite","Bite+1","Bite","Bite","Go for the Eyes+1","Melter","Leap","Seek","Sweeping Beam+1","Defragment+1","Machine Learning+1","White Noise+1","Defragment+1","Writhe","Rainbow","Echo Form+1","Leap+1","Storm+1"],"special_seed":0,"relics":["FrozenCore","NeowsBlessing","Ornamental Fan","Torii","Turnip","Dream Catcher","Frozen Egg 2","Fusion Hammer","Symbiotic Virus","War Paint","Oddly Smooth Stone","Bag of Marbles","Whetstone","Mummified Hand","Letter Opener","PreservedInsect","Juzu Bracelet","Centennial Puzzle"],"potions_floor_usage":[24,24,27,33,40,40],"damage_taken":[{"damage":0.0,"enemies":"2 Louse","floor":1.0,"turns":1.0},{"damage":0.0,"enemies":"Cultist","floor":4.0,"turns":1.0},{"damage":0.0,"enemies":"Jaw Worm","floor":5.0,"turns":1.0},{"damage":10.0,"enemies":"3 Sentries","floor":6.0,"turns":4.0},{"damage":15.0,"enemies":"Lagavulin","floor":8.0,"turns":7.0},{"damage":10.0,"enemies":"3 Sentries","floor":10.0,"turns":3.0},{"damage":13.0,"enemies":"Exordium Wildlife","floor":13.0,"turns":3.0},{"damage":8.0,"enemies":"3 Louse","floor":14.0,"turns":2.0},{"damage":34.0,"enemies":"Slime Boss","floor":16.0,"turns":8.0},{"damage":24.0,"enemies":"2 Thieves","floor":18.0,"turns":4.0},{"damage":16,"enemies":"3 Byrds","floor":19,"turns":6},{"damage":23,"enemies":"Slavers","floor":24,"turns":4},{"damage":11,"enemies":"Gremlin Leader","floor":27,"turns":5},{"damage":0,"enemies":"3 Cultists","floor":29,"turns":3},{"damage":18,"enemies":"Cultist and Chosen","floor":30,"turns":4},{"damage":28,"enemies":"Snecko","floor":31,"turns":4},{"damage":16,"enemies":"Collector","floor":33,"turns":7},{"damage":1,"enemies":"3 Shapes","floor":35,"turns":4},{"damage":33,"enemies":"3 Darklings","floor":36,"turns":3},{"damage":36,"enemies":"Reptomancer","floor":40,"turns":6},{"damage":3,"enemies":"Nemesis","floor":42,"turns":7},{"damage":1,"enemies":"Giant Head","floor":44,"turns":7},{"damage":27,"enemies":"Transient","floor":45,"turns":6},{"damage":8,"enemies":"Nemesis","floor":47,"turns":5},{"damage":18,"enemies":"Sphere and 2 Shapes","floor":48,"turns":4},{"damage":62,"enemies":"Awakened One","floor":50,"turns":3}],"seed_played":"-7970375210419161287","potions_obtained":[{"floor":1.0,"key":"Fire Potion"},{"floor":5.0,"key":"Swift Potion"},{"floor":6.0,"key":"Ancient Potion"},{"floor":10.0,"key":"SteroidPotion"},{"floor":24,"key":"SkillPotion"},{"floor":30,"key":"Block Potion"},{"floor":33,"key":"SpeedPotion"},{"floor":36,"key":"Strength Potion"},{"floor":40,"key":"Ancient Potion"},{"floor":45,"key":"EssenceOfSteel"}],"is_trial":false,"path_per_floor":["M","$","?","M","M","E","R","E","T","E","T","R","M","M","R","B",null,"M","M","?","?","?","R","E","$","T","E","?","M","M","M","R","B",null,"M","M","$","T","?","E","R","E","T","E","M","R","E","M","R","B"],"character_chosen":"DEFECT","items_purchased":["White Noise","Gash","Oddly Smooth Stone","Defragment+1","Explosive Potion"],"campfire_rested":6,"item_purchase_floors":[2,2,25,37,37],"current_hp_per_floor":[64,64,64,64,64,54,54,39,39,29,29,50,37,29,50,16,57,33,17,17,17,17,31,16,16,16,13,59,59,41,20,37,31,52,55,27,27,27,39,15,32,45,45,59,55,55,51,37,54,0],"gold":317,"neow_bonus":"THREE_ENEMY_KILL","is_prod":false,"is_daily":false,"chose_seed":false,"campfire_upgraded":1,"win_rate":0,"timestamp":1562864528,"path_taken":["M","$","?","?","M","E","R","E","T","E","?","R","M","?","R","BOSS","M","M","?","?","?","R","E","$","T","E","?","M","M","?","R","BOSS","M","M","?","?","?","E","R","E","T","E","M","R","E","M","R","BOSS"],"build_version":"2019-07-05","purchased_purges":0,"victory":false,"max_hp_per_floor":[71,71,71,71,71,71,71,71,71,71,71,71,71,71,71,71,71,71,71,71,71,49,49,49,49,49,49,59,59,59,59,59,59,59,59,59,59,59,59,59,59,59,59,59,59,59,59,59,59,59],"card_choices":[{"not_picked":["Undo","Doom and Gloom","Double Energy"],"picked":"SKIP","floor":1.0},{"not_picked":["Rebound","Static Discharge"],"picked":"Sweeping Beam","floor":4.0},{"not_picked":["Redo","Skim"],"picked":"Ball Lightning","floor":5.0},{"not_picked":["Cold Snap","Chill"],"picked":"Creative AI","floor":6.0},{"not_picked":["Hologram","Ball Lightning"],"picked":"Electrodynamics","floor":8.0},{"not_picked":["Turbo","Self Repair"],"picked":"Reboot","floor":10.0},{"not_picked":["Sweeping Beam","Streamline"],"picked":"Leap","floor":12.0},{"not_picked":["Melter","Compile Driver"],"picked":"Amplify","floor":13.0},{"not_picked":["Scrape","Barrage","Melter"],"picked":"SKIP","floor":14.0},{"not_picked":["Fusion","Genetic Algorithm"],"picked":"Leap","floor":15.0},{"not_picked":["Buffer+1","Biased Cognition+1"],"picked":"All For One","floor":16.0},{"not_picked":["Conserve Battery","Aggregate","Beam Cell"],"picked":"SKIP","floor":18.0},{"not_picked":["Static Discharge+1","Coolheaded"],"picked":"Ball Lightning+1","floor":19},{"not_picked":["Turbo","Beam Cell"],"picked":"Go for the Eyes","floor":23},{"not_picked":["White Noise","Chill"],"picked":"Melter","floor":24},{"not_picked":["Stack","Sweeping Beam"],"picked":"Leap","floor":27},{"not_picked":["Storm+1","Compile Driver"],"picked":"Seek","floor":29},{"not_picked":["Auto Shields","Recycle"],"picked":"Sweeping Beam+1","floor":30},{"not_picked":["Aggregate","Beam Cell","Lockon+1"],"picked":"SKIP","floor":31},{"not_picked":["Sweeping Beam","Chill"],"picked":"Defragment+1","floor":32},{"not_picked":["Creative AI+1","Meteor Strike"],"picked":"Machine Learning+1","floor":33},{"not_picked":["Beam Cell","Chaos+1"],"picked":"White Noise+1","floor":35},{"not_picked":["Stack","Go for the Eyes+1","Barrage"],"picked":"SKIP","floor":36},{"not_picked":["Double Energy+1","Compile Driver"],"picked":"Rainbow","floor":40},{"not_picked":["Conserve Battery+1","Double Energy"],"picked":"Echo Form+1","floor":42},{"not_picked":["Steam+1","Melter"],"picked":"Leap+1","floor":44},{"not_picked":["Streamline","BootSequence+1","Stack+1"],"picked":"SKIP","floor":45},{"not_picked":["Leap","Ball Lightning","Genetic Algorithm"],"picked":"SKIP","floor":47},{"not_picked":["Buffer+1","Go for the Eyes"],"picked":"Storm+1","floor":48}],"player_experience":1264573,"relics_obtained":[{"floor":6.0,"key":"Ornamental Fan"},{"floor":8.0,"key":"Torii"},{"floor":9.0,"key":"Turnip"},{"floor":10.0,"key":"Dream Catcher"},{"floor":11.0,"key":"Frozen Egg 2"},{"floor":24,"key":"War Paint"},{"floor":26,"key":"Bag of Marbles"},{"floor":27,"key":"Whetstone"},{"floor":38,"key":"Mummified Hand"},{"floor":40,"key":"Letter Opener"},{"floor":42,"key":"PreservedInsect"},{"floor":44,"key":"Juzu Bracelet"},{"floor":47,"key":"Centennial Puzzle"}],"event_choices":[{"damage_healed":0.0,"max_hp_gain":0.0,"max_hp_loss":0.0,"gold_gain":0.0,"event_name":"Upgrade Shrine","player_choice":"Upgraded","floor":3.0,"gold_loss":0.0,"damage_taken":0.0,"cards_upgraded":["White Noise"]},{"damage_healed":0,"gold_gain":0,"player_choice":"Obtained Relic","damage_taken":0,"relics_obtained":["Symbiotic Virus"],"max_hp_gain":0,"max_hp_loss":0,"event_name":"Addict","floor":20,"gold_loss":85},{"damage_healed":0,"gold_gain":0,"player_choice":"Ignored","damage_taken":0,"max_hp_gain":0,"max_hp_loss":0,"event_name":"Ghosts","floor":21,"gold_loss":0},{"damage_healed":0,"gold_gain":0,"player_choice":"Became a vampire","damage_taken":0,"max_hp_gain":0,"max_hp_loss":22,"event_name":"Vampires","floor":22,"gold_loss":0,"cards_obtained":["Bite","Bite","Bite","Bite","Bite"]},{"cards_removed":["Amplify"],"damage_healed":36,"gold_gain":0,"player_choice":"Offered Rare","damage_taken":0,"max_hp_gain":10,"max_hp_loss":0,"event_name":"Bonfire Elementals","floor":28,"gold_loss":0},{"damage_healed":12,"gold_gain":0,"player_choice":"Writhe","damage_taken":0,"max_hp_gain":0,"max_hp_loss":0,"event_name":"Winding Halls","floor":39,"gold_loss":0,"cards_obtained":["Writhe"]}],"is_beta":false,"boss_relics":[{"not_picked":["Ectoplasm","Coffee Dripper"],"picked":"Fusion Hammer"},{"not_picked":["Calling Bell","Black Star"],"picked":"FrozenCore"}],"items_purged_floors":[],"is_endless":false,"potions_floor_spawned":[1,5,6,10,24,30,33,36,40,45],"killed_by":"Awakened One","ascension_level":20}