{"gold_per_floor":[115,126,126,401,417,417,434,434,434,467,477,477,552,586,586,586],"floor_reached":16,"playtime":1959,"items_purged":[],"score":132,"play_id":"8b8a42eb-550c-4393-a31c-086883853dca","local_time":"20190707215700","is_ascension_mode":true,"campfire_choices":[{"data":"Zap","floor":6.0,"key":"SMITH"},{"floor":12.0,"key":"REST"},{"data":"Buffer","floor":15,"key":"SMITH"}],"neow_cost":"NONE","seed_source_timestamp":85463021943803,"circlet_count":0,"master_deck":["Strike_B","Strike_B","Strike_B","Defend_B","Defend_B","Defend_B","Defend_B","Zap+1","Dualcast","Ball Lightning","Beam Cell","Buffer+1","Tempest","Cold Snap","Go for the Eyes"],"special_seed":0,"relics":["Cracked Core","Cables","Matryoshka"],"potions_floor_usage":[14,14],"damage_taken":[{"damage":4.0,"enemies":"2 Louse","floor":1.0,"turns":2.0},{"damage":0.0,"enemies":"Small Slimes","floor":2.0,"turns":2.0},{"damage":2.0,"enemies":"Cultist","floor":5.0,"turns":3.0},{"damage":3.0,"enemies":"Blue Slaver","floor":7.0,"turns":2.0},{"damage":40.0,"enemies":"3 Sentries","floor":10.0,"turns":7.0},{"damage":16.0,"enemies":"2 Fungi Beasts","floor":11.0,"turns":3.0},{"damage":13,"enemies":"Lagavulin","floor":14,"turns":5},{"damage":10,"enemies":"Hexaghost","floor":16,"turns":9}],"seed_played":"-2065651037654737061","potions_obtained":[{"floor":1.0,"key":"Energy Potion"},{"floor":11.0,"key":"Poison Potion"}],"is_trial":false,"path_per_floor":["M","M","?","?","M","R","M","?","T","E","M","R","?","E","R","B"],"character_chosen":"DEFECT","items_purchased":[],"campfire_rested":1,"item_purchase_floors":[],"current_hp_per_floor":[78,78,71,71,69,69,66,66,66,26,10,34,23,10,10,0],"gold":586,"neow_bonus":"TEN_PERCENT_HP_BONUS","is_prod":false,"is_daily":false,"chose_seed":false,"campfire_upgraded":2,"win_rate":0,"timestamp":1562529420,"path_taken":["M","M","?","?","?","R","M","?","T","E","M","R","?","E","R","BOSS"],"build_version":"2019-07-05","purchased_purges":0,"victory":false,"max_hp_per_floor":[82,82,82,82,82,82,82,82,82,82,82,82,82,82,82,82],"card_choices":[{"not_picked":["BootSequence","Cold Snap"],"picked":"Ball Lightning","floor":1.0},{"not_picked":["Stack","Heatsinks","Hologram"],"picked":"SKIP","floor":2.0},{"not_picked":["Ball Lightning","Streamline"],"picked":"Beam Cell","floor":5.0},{"not_picked":["Aggregate","Compile Driver"],"picked":"Buffer","floor":7.0},{"not_picked":["Redo","Aggregate"],"picked":"Tempest","floor":10.0},{"not_picked":["Leap","Rip and Tear"],"picked":"Cold Snap","floor":11.0},{"not_picked":["Machine Learning","Stack"],"picked":"Go for the Eyes","floor":14}],"player_experience":25237,"relics_obtained":[{"floor":10.0,"key":"Cables"},{"floor":14,"key":"Matryoshka"}],"event_choices":[{"cards_removed":["Strike_B"],"damage_healed":0.0,"max_hp_gain":0.0,"max_hp_loss":0.0,"gold_gain":0.0,"event_name":"Golden Wing","player_choice":"Card Removal","floor":3.0,"gold_loss":0.0,"damage_taken":7.0},{"damage_healed":0.0,"max_hp_gain":0.0,"max_hp_loss":0.0,"gold_gain":275.0,"event_name":"Golden Shrine","player_choice":"Desecrate","floor":4.0,"gold_loss":0.0,"damage_taken":0.0,"cards_obtained":["Regret"]},{"cards_removed":["Regret"],"damage_healed":0.0,"max_hp_gain":0.0,"max_hp_loss":0.0,"gold_gain":0.0,"event_name":"Living Wall","player_choice":"Forget","floor":8.0,"gold_loss":0.0,"damage_taken":0.0},{"damage_healed":0.0,"max_hp_gain":0.0,"max_hp_loss":0.0,"gold_gain":75.0,"event_name":"World of Goop","player_choice":"Gather Gold","floor":13.0,"gold_loss":0.0,"damage_taken":11.0}],"is_beta":false,"boss_relics":[],"items_purged_floors":[],"is_endless":false,"potions_floor_spawned":[1,11],"killed_by":"Hexaghost","ascension_level":4}