{"gold_per_floor":[110,24,34,34,50,79,79,104,104,104,138,151,166,199,199,199],"floor_reached":16,"playtime":630,"items_purged":[],"score":260,"play_id":"16ea430a-401c-495e-8534-c12c6a7b74e0","local_time":"20190612145816","is_ascension_mode":true,"campfire_choices":[{"data":"Adrenaline","floor":7.0,"key":"SMITH"},{"floor":10.0,"key":"REST"},{"floor":15.0,"key":"REST"}],"neow_cost":"NONE","seed_source_timestamp":20886168432100,"circlet_count":0,"master_deck":["AscendersBane","Defend_G","Defend_G","Defend_G","Defend_G","Defend_G","Strike_G","Strike_G","Strike_G","Strike_G","Strike_G","Survivor","Neutralize","Backflip","Dash","Dagger Throw","Crippling Poison","Adrenaline+1","Dodge and Roll","Cloak And Dagger","Backstab","Catalyst"],"special_seed":0,"relics":["Ring of the Snake","Ancient Tea Set","Snake Skull","Mango","Centennial Puzzle","Blood Vial"],"potions_floor_usage":[16],"damage_taken":[{"damage":3.0,"enemies":"2 Louse","floor":1.0,"turns":3.0},{"damage":1.0,"enemies":"Cultist","floor":3.0,"turns":5.0},{"damage":3.0,"enemies":"Small Slimes","floor":5.0,"turns":4.0},{"damage":28.0,"enemies":"3 Sentries","floor":6.0,"turns":12.0},{"damage":6.0,"enemies":"Gremlin Nob","floor":8.0,"turns":3.0},{"damage":11.0,"enemies":"3 Sentries","floor":11.0,"turns":13.0},{"damage":0.0,"enemies":"Looter","floor":12.0,"turns":4.0},{"damage":1.0,"enemies":"2 Fungi Beasts","floor":13.0,"turns":3.0},{"damage":10.0,"enemies":"Lagavulin","floor":14.0,"turns":5.0},{"damage":61,"enemies":"Slime Boss","floor":16,"turns":10}],"seed_played":"-6942637996684419610","potions_obtained":[{"floor":3.0,"key":"FearPotion"},{"floor":5.0,"key":"Energy Potion"},{"floor":6.0,"key":"LiquidBronze"},{"floor":13.0,"key":"Strength Potion"},{"floor":14.0,"key":"Block Potion"}],"is_trial":false,"path_per_floor":["M","$","M","?","M","E","R","E","T","R","E","M","M","E","R","B"],"character_chosen":"THE_SILENT","items_purchased":["Dash"],"campfire_rested":2,"item_purchase_floors":[2],"current_hp_per_floor":[56,56,55,55,52,24,24,32,32,56,45,45,44,34,58,0],"gold":199,"neow_bonus":"RANDOM_COMMON_RELIC","is_prod":false,"is_daily":false,"chose_seed":false,"campfire_upgraded":1,"win_rate":0,"timestamp":1560347896,"path_taken":["M","$","M","?","M","E","R","E","T","R","E","M","M","E","R","BOSS"],"build_version":"2019-01-23","purchased_purges":0,"victory":false,"max_hp_per_floor":[66,66,66,66,66,66,66,80,80,80,80,80,80,80,80,80],"card_choices":[{"not_picked":["Deflect","Reflex"],"picked":"Backflip","floor":1.0},{"not_picked":["Flying Knee","Blade Dance"],"picked":"Dagger Throw","floor":3.0},{"not_picked":["Expertise","Backstab"],"picked":"Crippling Poison","floor":5.0},{"not_picked":["Bouncing Flask","Slice"],"picked":"Adrenaline","floor":6.0},{"not_picked":["Blade Dance","Terror"],"picked":"Dodge and Roll","floor":8.0},{"not_picked":["Flying Knee","Slice"],"picked":"Cloak And Dagger","floor":11.0},{"not_picked":["Underhanded Strike","Prepared"],"picked":"Backstab","floor":12.0},{"not_picked":["Prepared","Dagger Throw","Infinite Blades"],"picked":"SKIP","floor":13.0},{"not_picked":["Slice","Blur"],"picked":"Catalyst","floor":14.0}],"player_experience":1455593,"relics_obtained":[{"floor":6.0,"key":"Snake Skull"},{"floor":8.0,"key":"Mango"},{"floor":11.0,"key":"Centennial Puzzle"},{"floor":14.0,"key":"Blood Vial"}],"event_choices":[{"damage_healed":0.0,"max_hp_gain":0.0,"max_hp_loss":0.0,"gold_gain":0.0,"event_name":"The Cleric","player_choice":"Leave","floor":4.0,"gold_loss":0.0,"damage_taken":0.0}],"is_beta":false,"boss_relics":[],"items_purged_floors":[],"is_endless":false,"potions_floor_spawned":[3,5,6,13,14],"killed_by":"Slime Boss","ascension_level":20}