{"gold_per_floor":[119,119,44,44,2,29,29,57,129,161,175,201,219,233,233,312,312,323,340,353,373,50,50,80,80,80,80,80,80,115,130,130,130],"floor_reached":33,"playtime":1391,"items_purged":["Strike_G"],"score":706,"play_id":"bb9a55f1-b6a8-496a-b0c8-6d8d1b3922b2","local_time":"20190709131742","is_ascension_mode":true,"campfire_choices":[{"data":"Neutralize","floor":7.0,"key":"SMITH"},{"floor":15.0,"key":"REST"},{"floor":23.0,"key":"REST"},{"floor":25.0,"key":"REST"},{"data":"Storm of Steel","floor":29.0,"key":"SMITH"},{"floor":32,"key":"REST"}],"neow_cost":"NONE","seed_source_timestamp":10697027000600,"circlet_count":0,"master_deck":["AscendersBane","Strike_G","Strike_G+1","Strike_G","Strike_G+1","Defend_G","Defend_G","Defend_G","Defend_G","Defend_G","Survivor","Neutralize+1","Dagger Spray","Heel Hook","Deadly Poison","Dodge and Roll","Choke","Poisoned Stab","Backflip","Malaise","Storm of Steel+1","Leg Sweep","Well Laid Plans+1","Cloak And Dagger","Dodge and Roll","Calculated Gamble+1","Storm of Steel"],"special_seed":0,"relics":["Ring of the Snake","NeowsBlessing","Art of War","Frozen Egg 2","Ninja Scroll","Regal Pillow","Vajra","WristBlade","FossilizedHelix","Oddly Smooth Stone","Bottled Tornado","MutagenicStrength","Ancient Tea Set"],"potions_floor_usage":[],"damage_taken":[{"damage":0.0,"enemies":"Jaw Worm","floor":1.0,"turns":1.0},{"damage":0.0,"enemies":"Gremlin Nob","floor":6.0,"turns":1.0},{"damage":0.0,"enemies":"Lagavulin","floor":8.0,"turns":1.0},{"damage":13.0,"enemies":"Gremlin Nob","floor":10.0,"turns":4.0},{"damage":0.0,"enemies":"2 Louse","floor":11.0,"turns":2.0},{"damage":0.0,"enemies":"Cultist","floor":13.0,"turns":2.0},{"damage":0.0,"enemies":"Exordium Thugs","floor":14.0,"turns":3.0},{"damage":17.0,"enemies":"Hexaghost","floor":16.0,"turns":12.0},{"damage":1.0,"enemies":"Spheric Guardian","floor":18.0,"turns":3.0},{"damage":2.0,"enemies":"Chosen","floor":19.0,"turns":4.0},{"damage":33.0,"enemies":"Shelled Parasite and Fungi","floor":20.0,"turns":5.0},{"damage":8.0,"enemies":"Snake Plant","floor":21.0,"turns":5.0},{"damage":40.0,"enemies":"Gremlin Leader","floor":24.0,"turns":9.0},{"damage":23,"enemies":"Book of Stabbing","floor":30,"turns":5},{"damage":0,"enemies":"Centurion and Healer","floor":31,"turns":5},{"damage":63,"enemies":"Champ","floor":33,"turns":17}],"seed_played":"6137519454879834892","potions_obtained":[{"floor":6.0,"key":"AttackPotion"},{"floor":8.0,"key":"Block Potion"},{"floor":11.0,"key":"Explosive Potion"},{"floor":14.0,"key":"GamblersBrew"},{"floor":19.0,"key":"Ancient Potion"},{"floor":30,"key":"Weak Potion"}],"is_trial":false,"path_per_floor":["M","?","$","?","$","E","R","E","T","E","M","T","M","M","R","B",null,"M","M","M","M","$","R","E","R","T","?","?","R","E","M","R","B"],"character_chosen":"THE_SILENT","items_purchased":["Heel Hook","FossilizedHelix"],"campfire_rested":4,"item_purchase_floors":[5,22],"current_hp_per_floor":[59,64,64,43,43,43,43,43,43,30,30,30,30,30,66,49,66,65,63,30,22,22,58,18,54,54,54,54,54,31,31,67,4],"gold":130,"neow_bonus":"THREE_ENEMY_KILL","is_prod":false,"is_daily":false,"chose_seed":false,"campfire_upgraded":2,"win_rate":0,"timestamp":1562674662,"path_taken":["M","?","?","?","$","E","R","E","T","E","M","?","?","M","R","BOSS","M","M","M","M","$","R","E","R","T","?","?","R","E","M","R","BOSS"],"build_version":"2019-07-05","purchased_purges":1,"victory":false,"max_hp_per_floor":[66,71,71,71,71,71,71,71,71,71,71,71,71,71,71,71,71,71,71,71,71,71,71,71,71,71,71,71,71,71,71,71,71],"card_choices":[{"not_picked":["Distraction","Dodge and Roll"],"picked":"Dagger Spray","floor":1.0},{"not_picked":["Tactician","Backflip"],"picked":"Deadly Poison","floor":6.0},{"not_picked":["Blur","Outmaneuver"],"picked":"Dodge and Roll","floor":8.0},{"not_picked":["Bane","Concentrate"],"picked":"Choke","floor":10.0},{"not_picked":["Underhanded Strike","Infinite Blades+1"],"picked":"Poisoned Stab","floor":11.0},{"not_picked":["Masterful Stab","Concentrate"],"picked":"Backflip","floor":13.0},{"not_picked":["Endless Agony","Flechettes"],"picked":"Malaise","floor":14.0},{"not_picked":["Malaise","Phantasmal Killer"],"picked":"Storm of Steel","floor":16.0},{"not_picked":["Outmaneuver","Flying Knee"],"picked":"Leg Sweep","floor":18.0},{"not_picked":["Crippling Poison","Quick Slash+1"],"picked":"Well Laid Plans+1","floor":19.0},{"not_picked":["Quick Slash","Eviscerate"],"picked":"Cloak And Dagger","floor":20.0},{"not_picked":["Setup","All Out Attack","Finisher"],"picked":"SKIP","floor":21.0},{"not_picked":["Skewer","Sucker Punch+1"],"picked":"Dodge and Roll","floor":24.0},{"not_picked":["Well Laid Plans+1","Skewer+1"],"picked":"Calculated Gamble+1","floor":30},{"not_picked":["Quick Slash","Outmaneuver"],"picked":"Storm of Steel","floor":31}],"player_experience":1549094,"relics_obtained":[{"floor":6.0,"key":"Art of War"},{"floor":8.0,"key":"Frozen Egg 2"},{"floor":9.0,"key":"Ninja Scroll"},{"floor":10.0,"key":"Regal Pillow"},{"floor":12.0,"key":"Vajra"},{"floor":24.0,"key":"Oddly Smooth Stone"},{"floor":26.0,"key":"Bottled Tornado"},{"floor":30,"key":"Ancient Tea Set"}],"event_choices":[{"damage_healed":0.0,"max_hp_gain":5.0,"max_hp_loss":0.0,"gold_gain":0.0,"event_name":"Big Fish","player_choice":"Donut","floor":2.0,"gold_loss":0.0,"damage_taken":0.0},{"damage_healed":0.0,"max_hp_gain":0.0,"max_hp_loss":0.0,"gold_gain":0.0,"event_name":"Shining Light","player_choice":"Entered Light","floor":4.0,"gold_loss":0.0,"damage_taken":21.0,"cards_upgraded":["Strike_G","Strike_G"]},{"damage_healed":0.0,"max_hp_gain":0.0,"max_hp_loss":0.0,"gold_gain":0.0,"event_name":"Ghosts","player_choice":"Ignored","floor":27.0,"gold_loss":0.0,"damage_taken":0.0},{"damage_healed":0.0,"max_hp_gain":0.0,"max_hp_loss":0.0,"gold_gain":0.0,"event_name":"Drug Dealer","player_choice":"Inject Mutagens","floor":28.0,"gold_loss":0.0,"damage_taken":0.0,"relics_obtained":["MutagenicStrength"]}],"is_beta":false,"boss_relics":[{"not_picked":["Ring of the Serpent","Astrolabe"],"picked":"WristBlade"}],"items_purged_floors":[3],"is_endless":false,"potions_floor_spawned":[6,8,11,14,19,30,31],"killed_by":"Champ","ascension_level":20}