{"gold_per_floor":[111,130,130,5,5,40,59,91,114,149,20,70,70,70,70,70],"floor_reached":16,"playtime":449,"items_purged":["Strike_R","Strike_R"],"score":282,"play_id":"1f59dbf1-142e-4c3c-8160-f7d9049d3413","local_time":"20190708225324","is_ascension_mode":true,"campfire_choices":[{"data":"Bash","floor":13,"key":"SMITH"},{"floor":15,"key":"REST"}],"neow_cost":"NONE","seed_source_timestamp":45117230689600,"circlet_count":0,"master_deck":["AscendersBane","Strike_R+1","Defend_R","Defend_R","Defend_R+1","Defend_R","Bash+1","Shrug It Off","Sword Boomerang","Iron Wave","Thunderclap","Shockwave","Pommel Strike","Flex","Impervious","Headbutt"],"special_seed":0,"relics":["Burning Blood","NeowsBlessing","Juzu Bracelet","Orichalcum","Anchor","Happy Flower"],"potions_floor_usage":[16],"damage_taken":[{"damage":0.0,"enemies":"Cultist","floor":1.0,"turns":1.0},{"damage":0.0,"enemies":"Jaw Worm","floor":2.0,"turns":1.0},{"damage":0.0,"enemies":"Lagavulin","floor":6.0,"turns":1.0},{"damage":6.0,"enemies":"Small Slimes","floor":7.0,"turns":6.0},{"damage":32,"enemies":"Gremlin Nob","floor":8,"turns":4},{"damage":14,"enemies":"3 Sentries","floor":10,"turns":10},{"damage":40,"enemies":"Hexaghost","floor":16,"turns":9}],"seed_played":"844001769873365614","potions_obtained":[{"floor":2.0,"key":"SpeedPotion"}],"is_trial":false,"path_per_floor":["M","M","?","$","?","E","M","E","T","E","$","?","R","?","R","B"],"character_chosen":"IRONCLAD","items_purchased":["Thunderclap","Headbutt"],"campfire_rested":1,"item_purchase_floors":[4,11],"current_hp_per_floor":[74,75,75,75,75,75,75,49,49,41,41,41,41,18,40,0],"gold":70,"neow_bonus":"THREE_ENEMY_KILL","is_prod":false,"is_daily":false,"chose_seed":false,"campfire_upgraded":1,"win_rate":0,"timestamp":1562622804,"path_taken":["M","?","?","$","?","E","M","E","T","E","$","?","R","?","R","BOSS"],"build_version":"2019-07-05","purchased_purges":2,"victory":false,"max_hp_per_floor":[75,75,75,75,75,75,75,75,75,75,75,75,75,75,75,75],"card_choices":[{"not_picked":["Body Slam","Twin Strike"],"picked":"Shrug It Off","floor":1.0},{"not_picked":["Anger","Twin Strike"],"picked":"Sword Boomerang","floor":2.0},{"not_picked":["Sever Soul","Burning Pact"],"picked":"Shockwave","floor":6.0},{"not_picked":["Twin Strike","True Grit"],"picked":"Pommel Strike","floor":7.0},{"not_picked":["Corruption","Bloodletting"],"picked":"Flex","floor":8},{"not_picked":["Power Through","Twin Strike"],"picked":"Impervious","floor":10}],"player_experience":1548645,"relics_obtained":[{"floor":6.0,"key":"Juzu Bracelet"},{"floor":8,"key":"Orichalcum"},{"floor":9,"key":"Anchor"},{"floor":10,"key":"Happy Flower"}],"event_choices":[{"damage_healed":0.0,"max_hp_gain":0.0,"max_hp_loss":0.0,"gold_gain":0.0,"cards_transformed":["Strike_R"],"event_name":"Living Wall","player_choice":"Change","floor":3.0,"gold_loss":0.0,"damage_taken":0.0,"cards_obtained":["Iron Wave"]},{"cards_removed":["Strike_R"],"damage_healed":0.0,"max_hp_gain":0.0,"max_hp_loss":0.0,"gold_gain":0.0,"event_name":"Bonfire Elementals","player_choice":"Offered Basic","floor":5.0,"gold_loss":0.0,"damage_taken":0.0},{"damage_healed":0,"gold_gain":50,"player_choice":"Pray","damage_taken":0,"max_hp_gain":0,"max_hp_loss":0,"event_name":"Golden Shrine","floor":12,"gold_loss":0},{"damage_healed":0,"gold_gain":0,"player_choice":"Entered Light","damage_taken":23,"max_hp_gain":0,"max_hp_loss":0,"event_name":"Shining Light","floor":14,"gold_loss":0,"cards_upgraded":["Strike_R","Defend_R"]}],"is_beta":false,"boss_relics":[],"items_purged_floors":[4,11],"is_endless":false,"potions_floor_spawned":[2],"killed_by":"Hexaghost","ascension_level":20}