{"gold_per_floor":[119,1,14,14,14,14,31,60,60,89,89,31,31,49,49,126,126,136,96],"floor_reached":19,"playtime":402,"items_purged":["Strike_B"],"score":350,"play_id":"0acf9527-3e9f-4005-b2c4-d82637083b6e","local_time":"20190323001945","is_ascension_mode":true,"campfire_choices":[{"floor":6.0,"key":"RECALL"},{"data":"Loop","floor":11.0,"key":"SMITH"},{"data":"White Noise","floor":13.0,"key":"SMITH"},{"floor":15.0,"key":"REST"}],"neow_cost":"NONE","seed_source_timestamp":0,"circlet_count":0,"master_deck":["AscendersBane","Strike_B","Strike_B","Strike_B","Defend_B","Defend_B","Defend_B","Defend_B","Zap+1","Dualcast","FTL+1","Sunder","White Noise+1","Loop+1","Go for the Eyes","Scrape","All For One","Ball Lightning"],"special_seed":0,"relics":["Cracked Core","NeowsBlessing","Turnip","Bird Faced Urn","Dead Branch","Velvet Choker"],"potions_floor_usage":[],"damage_taken":[{"damage":0.0,"enemies":"2 Louse","floor":1.0,"turns":1.0},{"damage":0.0,"enemies":"Cultist","floor":3.0,"turns":1.0},{"damage":0.0,"enemies":"Small Slimes","floor":7.0,"turns":1.0},{"damage":40.0,"enemies":"Lagavulin","floor":8.0,"turns":5.0},{"damage":5.0,"enemies":"3 Sentries","floor":10.0,"turns":5.0},{"damage":7.0,"enemies":"2 Fungi Beasts","floor":14.0,"turns":2.0},{"damage":36.0,"enemies":"Slime Boss","floor":16.0,"turns":6.0},{"damage":53,"enemies":"3 Byrds","floor":18,"turns":6},{"damage":14,"enemies":"2 Thieves","floor":19,"turns":1}],"seed_played":"8882579320487634576","potions_obtained":[{"floor":3.0,"key":"FocusPotion"},{"floor":8.0,"key":"Explosive Potion"},{"floor":14.0,"key":"Strength Potion"}],"is_trial":false,"path_per_floor":["M","$","M","?","?","R","M","E","T","E","R","$","R","M","R","B",null,"M","M"],"character_chosen":"DEFECT","items_purchased":["FTL","Go for the Eyes"],"campfire_rested":1,"item_purchase_floors":[2,12],"current_hp_per_floor":[64,64,64,64,64,64,64,24,24,21,21,21,21,14,35,3,54,5,0],"gold":96,"neow_bonus":"THREE_ENEMY_KILL","is_prod":false,"is_daily":false,"chose_seed":false,"campfire_upgraded":2,"win_rate":0,"timestamp":1553314785,"path_taken":["M","$","M","?","?","R","?","E","T","E","R","?","R","M","R","BOSS","M","M"],"build_version":"2019-01-23","purchased_purges":1,"victory":false,"max_hp_per_floor":[71,71,71,71,71,71,71,71,71,71,71,71,71,71,71,71,71,71,71],"card_choices":[{"not_picked":["Barrage","Steam","Streamline"],"picked":"SKIP","floor":1.0},{"not_picked":["Streamline","Undo","Turbo"],"picked":"SKIP","floor":3.0},{"not_picked":["Go for the Eyes","Coolheaded"],"picked":"Sunder","floor":7.0},{"not_picked":["Machine Learning","Force Field"],"picked":"White Noise","floor":8.0},{"not_picked":["Melter","Redo"],"picked":"Loop","floor":10.0},{"not_picked":["Chaos","Chill"],"picked":"Scrape","floor":14.0},{"not_picked":["Thunder Strike","Fission"],"picked":"All For One","floor":16.0},{"not_picked":["Storm","Glacier"],"picked":"Ball Lightning","floor":18}],"player_experience":597505,"relics_obtained":[{"floor":8.0,"key":"Turnip"},{"floor":9.0,"key":"Bird Faced Urn"},{"floor":10.0,"key":"Dead Branch"}],"event_choices":[{"damage_healed":0.0,"max_hp_gain":0.0,"max_hp_loss":0.0,"gold_gain":0.0,"event_name":"Living Wall","player_choice":"Grow","floor":4.0,"gold_loss":0.0,"damage_taken":0.0,"cards_upgraded":["Zap"]},{"damage_healed":0.0,"max_hp_gain":0.0,"max_hp_loss":0.0,"gold_gain":0.0,"event_name":"Upgrade Shrine","player_choice":"Upgraded","floor":5.0,"gold_loss":0.0,"damage_taken":0.0,"cards_upgraded":["FTL"]}],"is_beta":false,"boss_relics":[{"not_picked":["Coffee Dripper","FrozenCore"],"picked":"Velvet Choker"}],"items_purged_floors":[2],"is_endless":false,"potions_floor_spawned":[3,8,14],"killed_by":"2 Thieves","ascension_level":20}