{"gold_per_floor":[109,122,47,65,77,77,77,93,116,141,141,174,5,0,0,0],"floor_reached":16,"playtime":524,"items_purged":["Parasite"],"score":220,"play_id":"8655e896-8dc7-4acb-ba5b-0abfdbaeb750","local_time":"20190413134015","is_ascension_mode":true,"campfire_choices":[{"data":"Neutralize","floor":7.0,"key":"SMITH"},{"floor":11,"key":"REST"},{"floor":15,"key":"REST"}],"neow_cost":"NONE","seed_source_timestamp":0,"circlet_count":0,"master_deck":["AscendersBane","Defend_G","Defend_G","Defend_G","Defend_G","Defend_G","Strike_G","Strike_G","Strike_G","Strike_G","Strike_G","Survivor","Neutralize+1","Doubt","Parasite","Flying Knee","Deadly Poison","Masterful Stab","Dash","Dash","Well Laid Plans"],"special_seed":0,"relics":["Calling Bell","Ancient Tea Set","Paper Crane","Ginger","Boot","Omamori","Bag of Marbles","Vajra"],"potions_floor_usage":[12,12],"damage_taken":[{"damage":10.0,"enemies":"Small Slimes","floor":1.0,"turns":5.0},{"damage":2.0,"enemies":"2 Louse","floor":2.0,"turns":4.0},{"damage":0.0,"enemies":"Jaw Worm","floor":4.0,"turns":4.0},{"damage":9.0,"enemies":"Red Slaver","floor":5.0,"turns":3.0},{"damage":0.0,"enemies":"Blue Slaver","floor":8.0,"turns":3.0},{"damage":20.0,"enemies":"3 Sentries","floor":10.0,"turns":11.0},{"damage":15,"enemies":"Gremlin Nob","floor":12,"turns":4},{"damage":26,"enemies":"The Guardian","floor":16,"turns":13}],"seed_played":"-8675929027594244675","potions_obtained":[{"floor":1.0,"key":"Swift Potion"},{"floor":5.0,"key":"Swift Potion"}],"is_trial":false,"path_per_floor":["M","M","$","M","M","?","R","M","T","E","R","E","$","?","R","B"],"character_chosen":"THE_SILENT","items_purchased":["Vajra"],"campfire_rested":2,"item_purchase_floors":[13],"current_hp_per_floor":[49,47,47,47,38,38,38,38,38,18,36,21,21,21,39,13],"gold":0,"neow_bonus":"BOSS_RELIC","is_prod":false,"is_daily":false,"chose_seed":false,"campfire_upgraded":1,"win_rate":0,"timestamp":1555177215,"path_taken":["M","M","$","M","M","?","R","M","T","E","R","E","$","?","R","BOSS"],"build_version":"2019-01-23","purchased_purges":1,"victory":false,"max_hp_per_floor":[66,66,63,63,63,63,63,63,63,63,63,63,63,63,63,63],"card_choices":[{"not_picked":["Setup","Leg Sweep"],"picked":"Flying Knee","floor":1.0},{"not_picked":["Dodge and Roll","Setup"],"picked":"Deadly Poison","floor":2.0},{"not_picked":["PiercingWail","Accuracy"],"picked":"Masterful Stab","floor":4.0},{"not_picked":["Deflect","Bane"],"picked":"Dash","floor":5.0},{"not_picked":["Well Laid Plans","Poisoned Stab"],"picked":"Dash","floor":8.0},{"not_picked":["Flying Knee","Blur"],"picked":"Well Laid Plans","floor":10},{"not_picked":["Underhanded Strike","Phantasmal Killer","Deflect"],"picked":"SKIP","floor":12}],"player_experience":635581,"relics_obtained":[{"floor":0.0,"key":"Ancient Tea Set"},{"floor":0.0,"key":"Paper Crane"},{"floor":0.0,"key":"Ginger"},{"floor":9.0,"key":"Boot"},{"floor":10,"key":"Omamori"},{"floor":12,"key":"Bag of Marbles"}],"event_choices":[{"damage_healed":0.0,"max_hp_gain":0.0,"max_hp_loss":0.0,"gold_gain":0.0,"event_name":"Shining Light","player_choice":"Ignored","floor":6.0,"gold_loss":0.0,"damage_taken":0.0},{"damage_healed":0,"gold_gain":0,"player_choice":"Left Gold","damage_taken":0,"max_hp_gain":0,"max_hp_loss":0,"event_name":"World of Goop","floor":14,"gold_loss":5}],"is_beta":false,"boss_relics":[],"items_purged_floors":[3],"is_endless":false,"potions_floor_spawned":[1,5,8],"killed_by":"The Guardian","ascension_level":20}