{"gold_per_floor":[116,128,128,146,6,39,59,59,59,59,69,69,83,101,101,101],"floor_reached":16,"playtime":465,"items_purged":[],"score":208,"play_id":"5f5a32e6-5936-4f48-a7da-717d2a47f5ab","local_time":"20190701142342","is_ascension_mode":true,"campfire_choices":[{"floor":10.0,"key":"REST"},{"data":"Envenom","floor":12.0,"key":"SMITH"},{"data":"Neutralize","floor":15.0,"key":"SMITH"}],"neow_cost":"NONE","seed_source_timestamp":5623020336378491,"circlet_count":0,"master_deck":["AscendersBane","Defend_G","Defend_G+1","Defend_G","Defend_G+1","Defend_G","Strike_G","Strike_G","Strike_G","Strike_G","Survivor","Neutralize+1","Bouncing Flask","Poisoned Stab","Sucker Punch","Footwork","Dagger Spray","Cloak And Dagger","Envenom+1","Flying Knee","Backstab"],"special_seed":0,"relics":["Ring of the Snake","NeowsBlessing","Oddly Smooth Stone","War Paint"],"potions_floor_usage":[],"damage_taken":[{"damage":0.0,"enemies":"Cultist","floor":1.0,"turns":1.0},{"damage":0.0,"enemies":"Small Slimes","floor":2.0,"turns":1.0},{"damage":0.0,"enemies":"Jaw Worm","floor":4.0,"turns":1.0},{"damage":39.0,"enemies":"3 Sentries","floor":6.0,"turns":10.0},{"damage":0.0,"enemies":"Lots of Slimes","floor":7.0,"turns":2.0},{"damage":0.0,"enemies":"Blue Slaver","floor":11.0,"turns":5.0},{"damage":8.0,"enemies":"Large Slime","floor":13.0,"turns":7.0},{"damage":0.0,"enemies":"Lots of Slimes","floor":14.0,"turns":2.0},{"damage":28,"enemies":"Slime Boss","floor":16,"turns":3}],"seed_played":"4761491526254996833","potions_obtained":[{"floor":1.0,"key":"GhostInAJar"},{"floor":6.0,"key":"Ancient Potion"}],"is_trial":false,"path_per_floor":["M","M","?","M","$","E","M","?","T","R","M","R","M","M","R","B"],"character_chosen":"THE_SILENT","items_purchased":["Footwork","Dagger Spray"],"campfire_rested":1,"item_purchase_floors":[5,5],"current_hp_per_floor":[59,59,52,52,52,13,13,13,13,32,32,32,24,24,24,0],"gold":101,"neow_bonus":"THREE_ENEMY_KILL","is_prod":false,"is_daily":false,"chose_seed":false,"campfire_upgraded":2,"win_rate":0,"timestamp":1562005422,"path_taken":["M","?","?","M","?","E","?","?","T","R","M","R","M","M","R","BOSS"],"build_version":"2019-01-23","purchased_purges":0,"victory":false,"max_hp_per_floor":[66,66,66,66,66,66,66,66,66,66,66,66,66,66,66,66],"card_choices":[{"not_picked":["Distraction","Underhanded Strike"],"picked":"Bouncing Flask","floor":1.0},{"not_picked":["Dagger Throw","Reflex"],"picked":"Poisoned Stab","floor":2.0},{"not_picked":["Deadly Poison","Blade Dance"],"picked":"Sucker Punch","floor":4.0},{"not_picked":["Accuracy","Crippling Poison"],"picked":"Cloak And Dagger","floor":7.0},{"not_picked":["Deadly Poison","Skewer"],"picked":"Envenom","floor":11.0},{"not_picked":["Poisoned Stab","Reflex"],"picked":"Flying Knee","floor":13.0},{"not_picked":["Choke","Blade Dance"],"picked":"Backstab","floor":14.0}],"player_experience":824866,"relics_obtained":[{"floor":6.0,"key":"Oddly Smooth Stone"},{"floor":9.0,"key":"War Paint"}],"event_choices":[{"cards_removed":["Strike_G"],"damage_healed":0.0,"max_hp_gain":0.0,"max_hp_loss":0.0,"gold_gain":0.0,"event_name":"Golden Wing","player_choice":"Card Removal","floor":3.0,"gold_loss":0.0,"damage_taken":7.0},{"damage_healed":0.0,"max_hp_gain":0.0,"max_hp_loss":0.0,"gold_gain":0.0,"event_name":"Scrap Ooze","player_choice":"Fled","floor":8.0,"gold_loss":0.0,"damage_taken":0.0}],"is_beta":false,"boss_relics":[],"items_purged_floors":[],"is_endless":false,"potions_floor_spawned":[1,6,14],"killed_by":"Slime Boss","ascension_level":20}