{"gold_per_floor":[109,59,73,73,50,82,82,157,182,214,232,232,232,248,248,353,353,366,281,293,348,366,366],"floor_reached":23,"playtime":3115,"items_purged":[],"score":224,"play_id":"0a0ad9db-1fbe-449e-a191-13345713a441","local_time":"20190711151114","is_ascension_mode":false,"campfire_choices":[{"data":"Armaments","floor":7,"key":"SMITH"},{"floor":12,"key":"REST"},{"data":"Armaments","floor":15,"key":"SMITH"}],"neow_cost":"PERCENT_DAMAGE","seed_source_timestamp":504803070519137,"circlet_count":0,"master_deck":["Strike_R+1","Strike_R","Strike_R","Defend_R","Defend_R","Defend_R","Bash","Armaments+1","Rage","Rage+1","Infernal Blade","Armaments+1","Armaments","Uppercut","Rampage","Whirlwind","Spot Weakness","Juggernaut","Spot Weakness","Armaments+1","Uppercut"],"relics":["Burning Blood","Ancient Tea Set","Dream Catcher","Anchor","Regal Pillow","Eternal Feather","Pear","Tiny Chest"],"potions_floor_usage":[6,20,23,23],"damage_taken":[{"damage":0,"enemies":"Small Slimes","floor":1,"turns":3},{"damage":0,"enemies":"2 Louse","floor":3,"turns":3},{"damage":10,"enemies":"Gremlin Nob","floor":6,"turns":5},{"damage":16,"enemies":"3 Sentries","floor":10,"turns":10},{"damage":0,"enemies":"Jaw Worm","floor":11,"turns":3},{"damage":0,"enemies":"Blue Slaver","floor":14,"turns":4},{"damage":24,"enemies":"Slime Boss","floor":16,"turns":10},{"damage":5,"enemies":"Chosen","floor":18,"turns":6},{"damage":15,"enemies":"2 Thieves","floor":20,"turns":4},{"damage":20,"enemies":"Snake Plant","floor":22,"turns":6},{"damage":68,"enemies":"Book of Stabbing","floor":23,"turns":8}],"seed_played":"898218491150649831","potions_obtained":[{"floor":1,"key":"Weak Potion"},{"floor":3,"key":"Weak Potion"},{"floor":6,"key":"SteroidPotion"},{"floor":20,"key":"GamblersBrew"}],"is_trial":false,"path_per_floor":["M","?","M","?","$","E","R","?","T","E","M","R","?","M","R","B",null,"M","?","M","T","M","E"],"character_chosen":"IRONCLAD","items_purchased":["Armaments"],"campfire_rested":1,"item_purchase_floors":[5],"current_hp_per_floor":[62,62,68,52,52,48,48,37,37,27,33,57,50,56,56,38,80,80,90,81,81,67,0],"gold":366,"neow_bonus":"TRANSFORM_TWO_CARDS","is_prod":false,"is_daily":false,"chose_seed":false,"campfire_upgraded":2,"win_rate":0.0,"timestamp":1562872274,"path_taken":["M","?","M","?","$","E","R","?","T","E","?","R","?","M","R","BOSS","M","?","M","?","M","E"],"build_version":"2019-07-05","purchased_purges":0,"victory":false,"max_hp_per_floor":[80,80,80,80,80,80,80,80,80,80,80,80,80,80,80,80,80,80,90,90,90,90,90],"card_choices":[{"not_picked":["Rupture","Searing Blow"],"picked":"Rage","floor":1},{"not_picked":["Reckless Charge","Sword Boomerang"],"picked":"Infernal Blade","floor":3},{"not_picked":["Body Slam","Fire Breathing"],"picked":"Armaments","floor":6},{"not_picked":["Fiend Fire","Blood for Blood"],"picked":"Uppercut","floor":10},{"not_picked":["Headbutt","Uppercut"],"picked":"Rampage","floor":11},{"not_picked":["Clothesline","Dual Wield"],"picked":"Whirlwind","floor":12},{"not_picked":["Flex","Hemokinesis"],"picked":"Spot Weakness","floor":14},{"not_picked":["Dark Embrace","Bludgeon"],"picked":"Juggernaut","floor":16},{"not_picked":["Second Wind","Anger"],"picked":"Spot Weakness","floor":18},{"not_picked":["Whirlwind","Headbutt"],"picked":"Armaments+1","floor":20},{"not_picked":["Clothesline","Searing Blow"],"picked":"Uppercut","floor":22}],"player_experience":58067,"relics_obtained":[{"floor":6,"key":"Ancient Tea Set"},{"floor":9,"key":"Dream Catcher"},{"floor":10,"key":"Anchor"},{"floor":21,"key":"Tiny Chest"}],"event_choices":[{"cards_removed":["Defend_R"],"damage_healed":0,"gold_gain":0,"player_choice":"Card Removal","damage_taken":0,"max_hp_gain":0,"max_hp_loss":0,"event_name":"The Cleric","floor":2,"gold_loss":50},{"damage_healed":0,"gold_gain":0,"player_choice":"Entered Light","damage_taken":16,"max_hp_gain":0,"max_hp_loss":0,"event_name":"Shining Light","floor":4,"gold_loss":0,"cards_upgraded":["Strike_R","Rage"]},{"damage_healed":0,"gold_gain":75,"player_choice":"Gather Gold","damage_taken":11,"max_hp_gain":0,"max_hp_loss":0,"event_name":"World of Goop","floor":8,"gold_loss":0},{"damage_healed":0,"gold_gain":0,"player_choice":"Success","damage_taken":7,"relics_obtained":["Regal Pillow"],"max_hp_gain":0,"max_hp_loss":0,"event_name":"Scrap Ooze","floor":13,"gold_loss":0},{"damage_healed":0,"gold_gain":0,"player_choice":"Obtained Relic","damage_taken":0,"relics_obtained":["Pear"],"max_hp_gain":0,"max_hp_loss":0,"event_name":"Addict","floor":19,"gold_loss":85}],"is_beta":false,"boss_relics":[{"not_picked":["Lizard Tail","Busted Crown"],"picked":"Eternal Feather"}],"items_purged_floors":[],"is_endless":false,"potions_floor_spawned":[1,3,6,20],"killed_by":"Book of Stabbing","ascension_level":0}