{"gold_per_floor":[119,44,54,66,66,95,125,125,125,125,137,152,152,165,165,266,266,285,185,203,203,218,246,246,259,259,309,327,337,337,357,357,452,452,472,472,482,493,512,547,547,547],"floor_reached":42,"playtime":1721,"items_purged":["Strike_R","Strike_R"],"score":454,"play_id":"28e505d6-37ca-4ca2-b003-0dcafbb27bb9","local_time":"20190709141442","is_ascension_mode":false,"campfire_choices":[{"data":"Bash","floor":15,"key":"SMITH"},{"floor":24,"key":"REST"},{"data":"Shockwave","floor":30,"key":"SMITH"},{"floor":32,"key":"REST"},{"floor":41,"key":"REST"}],"neow_cost":"NONE","seed_source_timestamp":6312497839971013,"circlet_count":0,"master_deck":["Strike_R","Defend_R","Defend_R","Bash+1","Shockwave+1","Dropkick","Dropkick","Bash","Uppercut+1","Dropkick+1"],"special_seed":0,"relics":["Burning Blood","Blue Candle","FossilizedHelix","Odd Mushroom","Ornamental Fan","Astrolabe","Sundial","Bottled Lightning","Busted Crown","Dream Catcher"],"potions_floor_usage":[16,33,38,40,40],"damage_taken":[{"damage":5.0,"enemies":"Cultist","floor":1.0,"turns":4.0},{"damage":1.0,"enemies":"2 Louse","floor":3.0,"turns":4.0},{"damage":5.0,"enemies":"Small Slimes","floor":4.0,"turns":4.0},{"damage":31.0,"enemies":"Gremlin Nob","floor":6.0,"turns":5.0},{"damage":32.0,"enemies":"The Mushroom Lair","floor":7.0,"turns":6.0},{"damage":0.0,"enemies":"Blue Slaver","floor":11.0,"turns":5.0},{"damage":7.0,"enemies":"3 Louse","floor":12.0,"turns":4.0},{"damage":5,"enemies":"Lots of Slimes","floor":14,"turns":5},{"damage":44,"enemies":"Slime Boss","floor":16,"turns":14},{"damage":5,"enemies":"Chosen","floor":18,"turns":4},{"damage":13,"enemies":"Spheric Guardian","floor":20,"turns":4},{"damage":13,"enemies":"Cultist and Chosen","floor":22,"turns":6},{"damage":62,"enemies":"Slavers","floor":23,"turns":8},{"damage":13,"enemies":"Snake Plant","floor":25,"turns":4},{"damage":2,"enemies":"3 Cultists","floor":28,"turns":6},{"damage":7,"enemies":"Sentry and Sphere","floor":29,"turns":4},{"damage":0,"enemies":"Centurion and Healer","floor":31,"turns":4},{"damage":29,"enemies":"Champ","floor":33,"turns":7},{"damage":3,"enemies":"Orb Walker","floor":35,"turns":3},{"damage":17,"enemies":"3 Shapes","floor":37,"turns":6},{"damage":0,"enemies":"Transient","floor":38,"turns":5},{"damage":31,"enemies":"Sphere and 2 Shapes","floor":39,"turns":7},{"damage":70,"enemies":"Giant Head","floor":40,"turns":9},{"damage":63,"enemies":"Nemesis","floor":42,"turns":6}],"seed_played":"5385268548069779451","potions_obtained":[{"floor":1.0,"key":"Fruit Juice"},{"floor":3.0,"key":"BloodPotion"},{"floor":7.0,"key":"Poison Potion"},{"floor":16,"key":"Energy Potion"},{"floor":22,"key":"PowerPotion"},{"floor":23,"key":"FairyPotion"},{"floor":33,"key":"AttackPotion"},{"floor":38,"key":"SkillPotion"}],"is_trial":false,"path_per_floor":["M","$","M","M","?","E","?","$","T","$","M","M","?","M","R","B",null,"M","$","M","?","M","E","R","M","T","?","M","M","R","M","R","B",null,"M","?","M","M","M","E","R","E"],"character_chosen":"IRONCLAD","items_purchased":[],"campfire_rested":3,"item_purchase_floors":[],"current_hp_per_floor":[85,85,85,85,73,48,43,43,43,43,49,48,48,49,49,11,85,85,85,78,85,78,22,47,40,40,40,44,43,43,49,74,51,85,85,81,70,76,51,14,38,0],"gold":547,"neow_bonus":"REMOVE_CARD","is_prod":false,"is_daily":false,"chose_seed":false,"campfire_upgraded":2,"win_rate":0,"timestamp":1562696082,"path_taken":["M","$","M","?","?","E","?","?","T","$","M","M","?","?","R","BOSS","M","$","M","?","?","E","R","M","T","?","M","?","R","M","R","BOSS","M","?","M","M","M","E","R","E"],"build_version":"2019-07-05","purchased_purges":2,"victory":false,"max_hp_per_floor":[85,85,85,85,85,85,85,85,85,85,85,85,85,85,85,85,85,85,85,85,85,85,85,85,85,85,85,85,85,85,85,85,85,85,85,81,81,81,81,81,81,81],"card_choices":[{"not_picked":["Rupture","Battle Trance","Pommel Strike"],"picked":"SKIP","floor":1.0},{"not_picked":["Thunderclap","Wild Strike"],"picked":"Shockwave","floor":3.0},{"not_picked":["Rampage","Sword Boomerang","Seeing Red"],"picked":"SKIP","floor":4.0},{"not_picked":["Body Slam","Clothesline","Armaments"],"picked":"SKIP","floor":6.0},{"not_picked":["Pommel Strike","Pummel"],"picked":"Dropkick","floor":11.0},{"not_picked":["Metallicize","Hemokinesis","Iron Wave"],"picked":"SKIP","floor":12.0},{"not_picked":["Flex","Inflame","Second Wind"],"picked":"SKIP","floor":14},{"not_picked":["Flex","Ghostly Armor","Anger"],"picked":"SKIP","floor":18},{"not_picked":["Heavy Blade","Shrug It Off+1","Iron Wave"],"picked":"SKIP","floor":20},{"not_picked":["Clothesline","Seeing Red","Clash"],"picked":"SKIP","floor":22},{"not_picked":["Rampage","Fire Breathing","Fiend Fire"],"picked":"SKIP","floor":23},{"not_picked":["Uppercut","Iron Wave","Headbutt"],"picked":"SKIP","floor":25},{"not_picked":["Perfected Strike+1","Armaments","Sword Boomerang"],"picked":"SKIP","floor":28},{"not_picked":["Battle Trance+1","Clothesline","Havoc"],"picked":"SKIP","floor":29},{"not_picked":["Cleave","Perfected Strike","Feel No Pain+1"],"picked":"SKIP","floor":31},{"not_picked":["Perfected Strike"],"picked":"SKIP","floor":35},{"not_picked":["Iron Wave+1"],"picked":"SKIP","floor":37},{"not_picked":["Clash+1"],"picked":"SKIP","floor":38},{"not_picked":["Sentinel+1"],"picked":"SKIP","floor":39},{"not_picked":["Headbutt+1"],"picked":"SKIP","floor":40}],"player_experience":928860,"relics_obtained":[{"floor":6.0,"key":"FossilizedHelix"},{"floor":7.0,"key":"Odd Mushroom"},{"floor":9.0,"key":"Ornamental Fan"},{"floor":23,"key":"Sundial"},{"floor":26,"key":"Bottled Lightning"},{"floor":40,"key":"Dream Catcher"}],"event_choices":[{"damage_healed":0.0,"max_hp_gain":0.0,"max_hp_loss":0.0,"gold_gain":0.0,"event_name":"Scrap Ooze","player_choice":"Success","floor":5.0,"gold_loss":0.0,"damage_taken":12.0,"relics_obtained":["Blue Candle"]},{"damage_healed":0.0,"max_hp_gain":0.0,"max_hp_loss":0.0,"gold_gain":0.0,"event_name":"Mushrooms","player_choice":"Fought Mushrooms","floor":7.0,"gold_loss":0.0,"damage_taken":0.0},{"damage_healed":0,"gold_gain":0,"player_choice":"2 cards matched","damage_taken":0,"max_hp_gain":0,"max_hp_loss":0,"event_name":"Match and Keep!","floor":13,"gold_loss":0,"cards_obtained":["Dropkick","Bash"]},{"cards_removed":["Searing Blow"],"damage_healed":7,"gold_gain":0,"player_choice":"Offered Uncommon","damage_taken":0,"max_hp_gain":0,"max_hp_loss":0,"event_name":"Bonfire Elementals","floor":21,"gold_loss":0},{"damage_healed":0,"gold_gain":100,"player_choice":"Bet on Murderer","damage_taken":0,"max_hp_gain":0,"max_hp_loss":0,"event_name":"The Joust","floor":27,"gold_loss":50},{"damage_healed":0,"gold_gain":0,"player_choice":"Max HP","damage_taken":0,"max_hp_gain":0,"max_hp_loss":4,"event_name":"Winding Halls","floor":36,"gold_loss":0}],"is_beta":false,"boss_relics":[{"not_picked":["Velvet Choker","Philosopher\u0027s Stone"],"picked":"Astrolabe"},{"not_picked":["Runic Cube","Fusion Hammer"],"picked":"Busted Crown"}],"items_purged_floors":[2,19],"is_endless":false,"potions_floor_spawned":[1,3,7,16,22,23,25,33,38],"killed_by":"Nemesis","ascension_level":0}