{"path_per_floor":["M","M","?","M","?","E","M","$","T","T","M","M","T","M","R","B",null,"M","$","?","M","$","T","M","E","T","$"],"character_chosen":"IRONCLAD","items_purchased":[],"gold_per_floor":[19,36,36,52,52,83,95,20,20,20,37,48,48,58,58,162,162,135,35,35,52,52,79,93,119,146,21],"floor_reached":28,"campfire_rested":1,"playtime":2251,"current_hp_per_floor":[80,80,73,65,49,23,29,29,43,43,49,44,44,43,71,39,94,90,90,74,74,74,74,72,20,20,20],"items_purged":["Strike_R","Defend_R","Defend_R"],"gold":21,"play_id":"68ed92b5-00ee-4659-9ebf-efa97cd524d1","is_prod":false,"is_daily":false,"is_ascension_mode":false,"campfire_upgraded":0,"path_taken":["M","M","?","?","?","E","M","$","T","?","M","M","?","?","R","BOSS","M","$","?","M","?","?","M","E","T","$","M"],"build_version":"2018-01-25-PROD3","purchased_purges":3,"victory":false,"master_deck":["Strike_R","Defend_R+1","Defend_R+1","Bash","Body Slam","Shrug It Off","Bludgeon","True Grit","Flex","Offering","Disarm","Iron Wave+1"],"max_hp_per_floor":[80,80,80,80,80,80,80,80,94,94,94,94,94,94,94,94,94,94,94,94,94,94,94,94,94,94,94],"relics":["Burning Blood","Gambling Chip","Mango","Ice Cream","Unceasing Top","Question Card","Nilry\u0027s Codex","Lantern","Orichalcum","Bag of Preparation"],"card_choices":[{"not_picked":["Wild Strike","Perfected Strike"],"picked":"Body Slam"},{"not_picked":["Heavy Blade","Seeing Red"],"picked":"Shrug It Off"},{"not_picked":["Sever Soul","Clash"],"picked":"Bludgeon"},{"not_picked":["Armaments","Clothesline"],"picked":"True Grit"},{"not_picked":["Sever Soul","Power Through"],"picked":"Flex"},{"not_picked":["Dark Embrace","Impervious"],"picked":"Offering"},{"not_picked":["Sword Boomerang","Headbutt","Pummel"],"picked":"Disarm"},{"not_picked":["Impervious","Second Wind","Corruption"],"picked":"Iron Wave"}],"player_experience":43262,"potions_floor_usage":[16,21,24,24,24,28],"damage_taken":[{"damage":5.0,"enemies":"2 Louse","floor":1.0,"turns":3.0},{"damage":0.0,"enemies":"Small Slimes","floor":2.0,"turns":3.0},{"damage":14.0,"enemies":"Blue Slaver","floor":4.0,"turns":5.0},{"damage":32.0,"enemies":"Gremlin Nob","floor":6.0,"turns":6.0},{"damage":0.0,"enemies":"2 Fungi Beasts","floor":7.0,"turns":4.0},{"damage":0.0,"enemies":"Large Slime","floor":11.0,"turns":6.0},{"damage":11.0,"enemies":"Exordium Thugs","floor":12.0,"turns":6.0},{"damage":7.0,"enemies":"Exordium Wildlife","floor":14.0,"turns":4.0},{"damage":38,"enemies":"Slime Boss","floor":16,"turns":12},{"damage":10,"enemies":"2 Thieves","floor":18,"turns":5},{"damage":6,"enemies":"Chosen","floor":21,"turns":7},{"damage":8,"enemies":"Snake Plant","floor":24,"turns":3},{"damage":64,"enemies":"Book of Stabbing","floor":25,"turns":8},{"damage":21,"enemies":"3 Cultists","floor":28,"turns":5}],"event_choices":[{"event_name":"Golden Wing","player_choice":"Card Removal","floor":3.0,"damage_taken":0.0},{"event_name":"Shining Light","player_choice":"Entered Light","floor":5.0,"damage_taken":0.0},{"event_name":"Cursed Tome","player_choice":"Obtained Book","floor":20,"damage_taken":0}],"boss_relics":[{"not_picked":["Mark of Pain","Cursed Key"],"picked":"Question Card"}],"potions_floor_spawned":[7,11,14,16,18,21,25],"seed_played":"-6818708746012420166","killed_by":"3 Cultists","ascension_level":0,"is_trial":false}