{"gold_per_floor":[110,126,140,159,159,191,191,225,278,278,306,306,318,338,338,415,415,435,435,350,364,78,78,108,127,151,51,51,80,80,112,112,188,188,206,306,319,338,338,372,372,405,417,464,351,365,365,86,86,86,86],"floor_reached":52,"playtime":1814,"items_purged":["Pain","Clumsy","Writhe"],"score":2082,"play_id":"cc4eab99-87e9-49ed-bb93-40f2c631a295","local_time":"20190603184259","is_ascension_mode":true,"campfire_choices":[{"data":"Immolate","floor":7.0,"key":"SMITH"},{"data":"Pommel Strike","floor":12.0,"key":"SMITH"},{"data":"Whirlwind","floor":15.0,"key":"SMITH"},{"data":"Offering","floor":28.0,"key":"SMITH"},{"data":"Offering","floor":30.0,"key":"SMITH"},{"data":"Impervious","floor":32.0,"key":"SMITH"},{"data":"Demon Form","floor":41.0,"key":"SMITH"},{"data":"Seeing Red","floor":47.0,"key":"SMITH"},{"floor":49.0,"key":"REST"}],"neow_cost":"NONE","seed_source_timestamp":7072217287900,"circlet_count":0,"master_deck":["AscendersBane","Strike_R","Strike_R","Strike_R","Strike_R","Defend_R","Defend_R","Defend_R","Defend_R","Bash","Immolate+1","Shrug It Off","Headbutt","Pummel","Pommel Strike+1","Battle Trance","Flex","Flame Barrier","Whirlwind+1","Offering+1","Offering+1","Impervious+1","Seeing Red+1","Reaper","Demon Form+1","Corruption+1","Rupture+1","Immolate","Impervious","Feel No Pain+1","Whirlwind+1","Shrug It Off+1"],"special_seed":0,"relics":["Burning Blood","Boot","Meat on the Bone","Centennial Puzzle","WarpedTongs","Bag of Preparation","Cursed Key","Nilry\u0027s Codex","Bag of Marbles","Chemical X","Torii","Bronze Scales","WingedGreaves","Bottled Lightning","Orrery","Incense Burner","Happy Flower","MawBank","Bottled Flame","Singing Bowl","Mummified Hand"],"potions_floor_usage":[51],"damage_taken":[{"damage":2.0,"enemies":"Jaw Worm","floor":1.0,"turns":3.0},{"damage":0.0,"enemies":"Small Slimes","floor":2.0,"turns":2.0},{"damage":0.0,"enemies":"Cultist","floor":3.0,"turns":2.0},{"damage":0.0,"enemies":"3 Louse","floor":4.0,"turns":1.0},{"damage":17.0,"enemies":"3 Sentries","floor":6.0,"turns":6.0},{"damage":42.0,"enemies":"Lagavulin","floor":8.0,"turns":8.0},{"damage":11.0,"enemies":"Gremlin Nob","floor":11.0,"turns":3.0},{"damage":2.0,"enemies":"2 Fungi Beasts","floor":13.0,"turns":1.0},{"damage":5.0,"enemies":"Red Slaver","floor":14.0,"turns":1.0},{"damage":41.0,"enemies":"Slime Boss","floor":16.0,"turns":7.0},{"damage":7.0,"enemies":"Spheric Guardian","floor":18.0,"turns":3.0},{"damage":2.0,"enemies":"2 Thieves","floor":21.0,"turns":1.0},{"damage":14.0,"enemies":"Book of Stabbing","floor":24.0,"turns":2.0},{"damage":12.0,"enemies":"Sentry and Sphere","floor":25.0,"turns":3.0},{"damage":18.0,"enemies":"Gremlin Leader","floor":29.0,"turns":3.0},{"damage":6.0,"enemies":"Slavers","floor":31.0,"turns":2.0},{"damage":53.0,"enemies":"Champ","floor":33.0,"turns":6.0},{"damage":6.0,"enemies":"3 Darklings","floor":35.0,"turns":1.0},{"damage":17.0,"enemies":"Mind Bloom Boss Battle","floor":36.0,"turns":4.0},{"damage":12.0,"enemies":"Orb Walker","floor":37.0,"turns":1.0},{"damage":19.0,"enemies":"4 Shapes","floor":38.0,"turns":5.0},{"damage":12.0,"enemies":"Nemesis","floor":40.0,"turns":5.0},{"damage":47.0,"enemies":"Giant Head","floor":42.0,"turns":5.0},{"damage":7.0,"enemies":"Nemesis","floor":44.0,"turns":5.0},{"damage":6.0,"enemies":"Jaw Worm Horde","floor":46.0,"turns":1.0},{"damage":27.0,"enemies":"Donu and Deca","floor":50.0,"turns":6.0},{"damage":18,"enemies":"Awakened One","floor":51,"turns":7}],"seed_played":"-638140970607408002","potions_obtained":[{"floor":2.0,"key":"Dexterity Potion"},{"floor":4.0,"key":"EssenceOfSteel"},{"floor":25.0,"key":"FearPotion"},{"floor":36.0,"key":"Explosive Potion"},{"floor":42.0,"key":"Fire Potion"}],"is_trial":false,"path_per_floor":["M","M","M","M","?","E","R","E","T","?","E","R","M","M","R","B",null,"M","?","?","M","$","?","E","M","T","$","R","E","R","E","R","B",null,"M","?","M","M","?","E","R","E","T","E","$","M","R","$","R","B","B",null],"character_chosen":"IRONCLAD","items_purchased":["Chemical X","Mummified Hand"],"campfire_rested":1,"item_purchase_floors":[22,48],"current_hp_per_floor":[72,75,75,75,75,64,64,28,28,28,35,35,51,52,52,29,64,63,42,42,46,46,46,50,44,44,44,44,44,44,44,44,21,62,62,51,45,56,56,55,55,32,32,45,45,47,47,47,70,49,64],"gold":86,"neow_bonus":"ONE_RANDOM_RARE_CARD","is_prod":false,"is_daily":false,"chose_seed":false,"campfire_upgraded":8,"win_rate":0,"timestamp":1559583779,"path_taken":["M","M","M","M","?","E","R","E","T","?","E","R","M","?","R","BOSS","M","?","?","M","$","?","E","?","T","$","R","E","R","E","R","BOSS","M","?","M","M","?","E","R","E","T","E","?","?","R","$","R","BOSS","BOSS"],"build_version":"2019-01-23","purchased_purges":3,"victory":true,"max_hp_per_floor":[75,75,75,75,75,75,75,75,75,75,75,75,75,75,75,75,75,75,75,75,75,75,75,75,75,75,75,75,75,75,75,75,75,75,75,75,75,75,75,75,75,75,75,77,77,79,79,79,79,79,79],"card_choices":[{"not_picked":["Hemokinesis","Iron Wave"],"picked":"Shrug It Off","floor":1.0},{"not_picked":["Twin Strike","Searing Blow"],"picked":"Headbutt","floor":2.0},{"not_picked":["Heavy Blade","Headbutt"],"picked":"Pummel","floor":3.0},{"not_picked":["Thunderclap","Warcry"],"picked":"Pommel Strike","floor":4.0},{"not_picked":["Pommel Strike","Fiend Fire"],"picked":"Battle Trance","floor":6.0},{"not_picked":["Rupture","Searing Blow"],"picked":"Flex","floor":8.0},{"not_picked":["Entrench","Dropkick"],"picked":"Flame Barrier","floor":11.0},{"not_picked":["Infernal Blade","Headbutt"],"picked":"Whirlwind","floor":13.0},{"not_picked":["Clothesline","Cleave","Searing Blow"],"picked":"SKIP","floor":14.0},{"not_picked":["Impervious","Feed"],"picked":"Offering","floor":16.0},{"not_picked":["Evolve","Intimidate","Sword Boomerang"],"picked":"SKIP","floor":18.0},{"not_picked":["Thunderclap","Clash","Body Slam"],"picked":"SKIP","floor":21.0},{"not_picked":["Pommel Strike","Armaments"],"picked":"Impervious","floor":24.0},{"not_picked":["Wild Strike+1","Havoc"],"picked":"Seeing Red","floor":25.0},{"not_picked":["Body Slam","Anger","Wild Strike"],"picked":"SKIP","floor":29.0},{"not_picked":["Searing Blow","Sever Soul"],"picked":"Reaper","floor":31.0},{"not_picked":["Barricade","Dark Embrace"],"picked":"Demon Form","floor":33.0},{"not_picked":["Headbutt","Clothesline"],"picked":"Corruption+1","floor":34.0},{"not_picked":["Infernal Blade","Power Through"],"picked":"Rupture+1","floor":34.0},{"not_picked":["Fire Breathing","Heavy Blade"],"picked":"Immolate","floor":34.0},{"not_picked":["Hemokinesis","Perfected Strike","True Grit"],"picked":"SKIP","floor":35.0},{"not_picked":["Twin Strike","Sword Boomerang"],"picked":"Impervious","floor":36.0},{"not_picked":["Pommel Strike","Rage"],"picked":"Feel No Pain+1","floor":37.0},{"not_picked":["Armaments","Perfected Strike+1","Twin Strike"],"picked":"SKIP","floor":38.0},{"not_picked":["Shrug It Off","Blood for Blood"],"picked":"Whirlwind+1","floor":40.0},{"not_picked":["Headbutt","Blood for Blood"],"picked":"Shrug It Off+1","floor":42.0},{"not_picked":["Second Wind","Fiend Fire","Cleave"],"picked":"Singing Bowl","floor":44.0},{"not_picked":["Heavy Blade+1","Feel No Pain","Shrug It Off"],"picked":"Singing Bowl","floor":46.0}],"player_experience":1422470,"relics_obtained":[{"floor":6.0,"key":"Boot"},{"floor":8.0,"key":"Meat on the Bone"},{"floor":9.0,"key":"Centennial Puzzle"},{"floor":11.0,"key":"Bag of Preparation"},{"floor":19.0,"key":"Nilry\u0027s Codex"},{"floor":24.0,"key":"Torii"},{"floor":26.0,"key":"Bronze Scales"},{"floor":29.0,"key":"WingedGreaves"},{"floor":31.0,"key":"Bottled Lightning"},{"floor":36.0,"key":"Incense Burner"},{"floor":40.0,"key":"Happy Flower"},{"floor":42.0,"key":"MawBank"},{"floor":43.0,"key":"Bottled Flame"},{"floor":44.0,"key":"Singing Bowl"}],"event_choices":[{"damage_healed":0.0,"max_hp_gain":0.0,"max_hp_loss":0.0,"gold_gain":0.0,"event_name":"Liars Game","player_choice":"Ignored","floor":5.0,"gold_loss":0.0,"damage_taken":0.0},{"damage_healed":0.0,"max_hp_gain":0.0,"max_hp_loss":0.0,"gold_gain":0.0,"event_name":"Accursed Blacksmith","player_choice":"Rummage","floor":10.0,"gold_loss":0.0,"damage_taken":0.0,"relics_obtained":["WarpedTongs"],"cards_obtained":["Pain"]},{"damage_healed":0.0,"max_hp_gain":0.0,"max_hp_loss":0.0,"gold_gain":0.0,"event_name":"Cursed Tome","player_choice":"Obtained Book","floor":19.0,"gold_loss":0.0,"damage_taken":21.0},{"damage_healed":0.0,"max_hp_gain":0.0,"max_hp_loss":0.0,"gold_gain":0.0,"event_name":"Addict","player_choice":"Obtained Relic","floor":20.0,"gold_loss":85.0,"damage_taken":0.0,"relics_obtained":["Bag of Marbles"]},{"damage_healed":0.0,"max_hp_gain":0.0,"max_hp_loss":0.0,"gold_gain":0.0,"event_name":"Duplicator","player_choice":"Copied","floor":23.0,"gold_loss":0.0,"damage_taken":0.0,"cards_obtained":["Offering"]},{"damage_healed":0.0,"max_hp_gain":0.0,"max_hp_loss":0.0,"gold_gain":0.0,"event_name":"MindBloom","player_choice":"Fight","floor":36.0,"gold_loss":0.0,"damage_taken":0.0},{"cards_removed":["Strike_R"],"damage_healed":0.0,"max_hp_gain":0.0,"max_hp_loss":0.0,"gold_gain":0.0,"event_name":"Falling","player_choice":"Removed Attack","floor":39.0,"gold_loss":0.0,"damage_taken":0.0}],"is_beta":false,"boss_relics":[{"not_picked":["Empty Cage","White Beast Statue"],"picked":"Cursed Key"},{"not_picked":["Pandora\u0027s Box","Velvet Choker"],"picked":"Orrery"}],"items_purged_floors":[22,27,45],"is_endless":false,"potions_floor_spawned":[2,4,13,14,25,36,38,42,44],"ascension_level":20}