{"gold_per_floor":[114,130,130,80,90,90,125,200,269,269,108,108,147,170,170,301,301,325,325,350,350,6,41,41,75,100,114,114,134,158,33,33,156,156,176,201,201,51,65,65,108,108,108,208,208,231,231,356,356,356],"floor_reached":51,"playtime":3331,"items_purged":["Strike_G","Strike_G","Strike_G","Pain"],"score":904,"play_id":"d81f46d8-7100-4fdf-953c-b84017d3b4ca","local_time":"20190711173124","is_ascension_mode":true,"campfire_choices":[{"data":"Blur","floor":6.0,"key":"SMITH"},{"data":"Footwork","floor":12.0,"key":"SMITH"},{"floor":15.0,"key":"REST"},{"data":"Footwork","floor":24.0,"key":"SMITH"},{"floor":28.0,"key":"REST"},{"data":"Catalyst","floor":32.0,"key":"SMITH"},{"floor":40.0,"key":"REST"},{"data":"Burst","floor":45,"key":"SMITH"},{"data":"Calculated Gamble","floor":49,"key":"SMITH"}],"neow_cost":"NONE","seed_source_timestamp":166446093954435,"circlet_count":0,"master_deck":["Defend_G","Defend_G","Defend_G","Defend_G","Defend_G","Survivor","Neutralize+1","Terror","Poisoned Stab","Blur+1","Escape Plan","Footwork+1","Quick Slash","Predator","Wraith Form v2","Calculated Gamble","Bouncing Flask","Footwork+1","Calculated Gamble+1","Deflect","Dagger Spray","Die Die Die","Catalyst+1","Crippling Poison+1","Escape Plan","Burst+1","PiercingWail+1","Outmaneuver+1","Footwork+1","Footwork+1"],"special_seed":0,"relics":["Ring of the Snake","Snake Skull","Matryoshka","Golden Idol","Ornamental Fan","Runic Pyramid","The Specimen","Du-Vu Doll","Bag of Preparation","Regal Pillow","Runic Dome","WarpedTongs","Meat on the Bone","Pen Nib","Toxic Egg 2","Incense Burner"],"potions_floor_usage":[50],"damage_taken":[{"damage":0.0,"enemies":"Small Slimes","floor":1.0,"turns":5.0},{"damage":2.0,"enemies":"Jaw Worm","floor":2.0,"turns":4.0},{"damage":0.0,"enemies":"2 Louse","floor":5.0,"turns":4.0},{"damage":17.0,"enemies":"3 Sentries","floor":7.0,"turns":13.0},{"damage":18.0,"enemies":"Gremlin Nob","floor":13.0,"turns":5.0},{"damage":0.0,"enemies":"Red Slaver","floor":14.0,"turns":4.0},{"damage":7.0,"enemies":"Slime Boss","floor":16.0,"turns":9.0},{"damage":11.0,"enemies":"Spheric Guardian","floor":18.0,"turns":12.0},{"damage":0.0,"enemies":"3 Byrds","floor":20.0,"turns":10.0},{"damage":16.0,"enemies":"Gremlin Leader","floor":23.0,"turns":11.0},{"damage":3.0,"enemies":"Book of Stabbing","floor":25.0,"turns":9.0},{"damage":0.0,"enemies":"Centurion and Healer","floor":27.0,"turns":7.0},{"damage":14.0,"enemies":"Snecko","floor":29.0,"turns":8.0},{"damage":0.0,"enemies":"Shelled Parasite and Fungi","floor":30.0,"turns":7.0},{"damage":17.0,"enemies":"Collector","floor":33.0,"turns":10.0},{"damage":3.0,"enemies":"Orb Walker","floor":35.0,"turns":5.0},{"damage":22.0,"enemies":"3 Darklings","floor":36.0,"turns":5.0},{"damage":12.0,"enemies":"Jaw Worm Horde","floor":39.0,"turns":5.0},{"damage":0,"enemies":"Giant Head","floor":41,"turns":9},{"damage":0,"enemies":"4 Shapes","floor":46,"turns":4},{"damage":0,"enemies":"Mind Bloom Boss Battle","floor":48,"turns":6},{"damage":12,"enemies":"Donu and Deca","floor":50,"turns":8}],"seed_played":"7297638830082663549","potions_obtained":[{"floor":1.0,"key":"GamblersBrew"},{"floor":13.0,"key":"SteroidPotion"},{"floor":16.0,"key":"Ancient Potion"},{"floor":18.0,"key":"EntropicBrew"},{"floor":25.0,"key":"PowerPotion"},{"floor":33.0,"key":"EntropicBrew"}],"is_trial":false,"path_per_floor":["M","M","?","?","M","R","E","?","T","?","$","R","E","M","R","B",null,"M","?","M","?","$","E","R","E","T","M","R","M","M","$","R","B",null,"M","M","?","$","M","R","E","$","T","?","R","M","?","?","R","B",null],"character_chosen":"THE_SILENT","items_purchased":["Footwork","Quick Slash","Footwork","Calculated Gamble","Deflect","Dagger Spray"],"campfire_rested":3,"item_purchase_floors":[11,11,22,22,22,22],"current_hp_per_floor":[70,68,68,68,68,68,51,40,40,40,40,40,22,22,41,34,65,54,54,54,54,54,38,38,35,35,35,65,51,51,51,51,34,65,62,40,40,40,28,62,62,62,62,62,62,62,62,62,62,50],"gold":356,"neow_bonus":"UPGRADE_CARD","is_prod":false,"is_daily":false,"chose_seed":false,"campfire_upgraded":6,"win_rate":0,"timestamp":1562859084,"path_taken":["M","M","?","?","M","R","E","?","T","?","?","R","E","M","R","BOSS","M","?","?","?","$","E","R","E","T","M","R","M","M","$","R","BOSS","M","M","?","?","M","R","E","$","T","?","R","?","?","?","R","BOSS"],"build_version":"2019-07-05","purchased_purges":4,"victory":true,"max_hp_per_floor":[70,70,70,70,70,70,70,70,70,65,65,65,65,65,65,65,65,65,65,65,65,65,65,65,65,65,65,65,65,65,65,65,65,65,65,65,65,65,65,65,65,65,65,65,65,65,65,65,65,65],"card_choices":[{"not_picked":["Calculated Gamble","Underhanded Strike"],"picked":"Terror","floor":1.0},{"not_picked":["Distraction","Flechettes"],"picked":"Poisoned Stab","floor":2.0},{"not_picked":["Bane","Prepared"],"picked":"Blur","floor":5.0},{"not_picked":["Acrobatics","Dodge and Roll"],"picked":"Escape Plan","floor":7.0},{"not_picked":["Tactician","Distraction","Underhanded Strike"],"picked":"SKIP","floor":13.0},{"not_picked":["PiercingWail","Underhanded Strike"],"picked":"Predator","floor":14.0},{"not_picked":["Glass Knife","Phantasmal Killer"],"picked":"Wraith Form v2","floor":16.0},{"not_picked":["Distraction","Flechettes+1"],"picked":"Calculated Gamble","floor":18.0},{"not_picked":["Cloak And Dagger+1","Dodge and Roll"],"picked":"Bouncing Flask","floor":20.0},{"not_picked":["Blade Dance+1","Underhanded Strike+1"],"picked":"Die Die Die","floor":23.0},{"not_picked":["Footwork+1","Riddle With Holes"],"picked":"Catalyst","floor":25.0},{"not_picked":["Expertise","Poisoned Stab","Flying Knee"],"picked":"SKIP","floor":27.0},{"not_picked":["Expertise","Reflex"],"picked":"Crippling Poison+1","floor":29.0},{"not_picked":["Leg Sweep","Quick Slash+1"],"picked":"Escape Plan","floor":30.0},{"not_picked":["Night Terror","Envenom"],"picked":"Burst","floor":33.0},{"not_picked":["Terror+1","Dagger Spray+1"],"picked":"PiercingWail+1","floor":35.0},{"not_picked":["Outmaneuver+1","Skewer","Poisoned Stab"],"picked":"SKIP","floor":36.0},{"not_picked":["Skewer","Poisoned Stab"],"picked":"Outmaneuver+1","floor":36.0},{"not_picked":["Flechettes+1","Outmaneuver+1"],"picked":"Footwork+1","floor":39.0},{"not_picked":["Catalyst","Slice"],"picked":"Footwork+1","floor":41},{"not_picked":["Deadly Poison+1","Bane+1","Calculated Gamble+1"],"picked":"SKIP","floor":46}],"player_experience":78583,"relics_obtained":[{"floor":7.0,"key":"Snake Skull"},{"floor":9.0,"key":"Matryoshka"},{"floor":13.0,"key":"Ornamental Fan"},{"floor":23.0,"key":"The Specimen"},{"floor":25.0,"key":"Du-Vu Doll"},{"floor":26.0,"key":"Bag of Preparation"},{"floor":26.0,"key":"Regal Pillow"},{"floor":41,"key":"Meat on the Bone"},{"floor":43,"key":"Pen Nib"},{"floor":43,"key":"Toxic Egg 2"},{"floor":48,"key":"Incense Burner"}],"event_choices":[{"damage_healed":0.0,"max_hp_gain":0.0,"max_hp_loss":0.0,"gold_gain":0.0,"event_name":"Shining Light","player_choice":"Ignored","floor":3.0,"gold_loss":0.0,"damage_taken":0.0},{"cards_removed":["Strike_G"],"damage_healed":0.0,"max_hp_gain":0.0,"max_hp_loss":0.0,"gold_gain":0.0,"event_name":"The Cleric","player_choice":"Card Removal","floor":4.0,"gold_loss":50.0,"damage_taken":0.0},{"damage_healed":0.0,"max_hp_gain":0.0,"max_hp_loss":0.0,"gold_gain":75.0,"event_name":"World of Goop","player_choice":"Gather Gold","floor":8.0,"gold_loss":0.0,"damage_taken":11.0},{"damage_healed":0.0,"max_hp_gain":0.0,"max_hp_loss":5.0,"gold_gain":0.0,"event_name":"Golden Idol","player_choice":"Lose Max HP","floor":10.0,"gold_loss":0.0,"damage_taken":0.0,"relics_obtained":["Golden Idol"]},{"cards_removed":["Strike_G"],"damage_healed":0.0,"max_hp_gain":0.0,"max_hp_loss":0.0,"gold_gain":0.0,"event_name":"Bonfire Elementals","player_choice":"Offered Basic","floor":19.0,"gold_loss":0.0,"damage_taken":0.0},{"damage_healed":0.0,"max_hp_gain":0.0,"max_hp_loss":0.0,"gold_gain":0.0,"event_name":"Vampires","player_choice":"Ignored","floor":21.0,"gold_loss":0.0,"damage_taken":0.0},{"damage_healed":0.0,"max_hp_gain":0.0,"max_hp_loss":0.0,"gold_gain":0.0,"event_name":"Accursed Blacksmith","player_choice":"Rummage","floor":37.0,"gold_loss":0.0,"damage_taken":0.0,"relics_obtained":["WarpedTongs"],"cards_obtained":["Pain"]},{"damage_healed":0,"gold_gain":100,"player_choice":"Pray","damage_taken":0,"max_hp_gain":0,"max_hp_loss":0,"event_name":"Golden Shrine","floor":44,"gold_loss":0},{"damage_healed":0,"gold_gain":0,"player_choice":"Ignored","damage_taken":0,"max_hp_gain":0,"max_hp_loss":0,"event_name":"Tomb of Lord Red Mask","floor":47,"gold_loss":0},{"damage_healed":0,"gold_gain":0,"player_choice":"Fight","damage_taken":0,"max_hp_gain":0,"max_hp_loss":0,"event_name":"MindBloom","floor":48,"gold_loss":0}],"is_beta":false,"boss_relics":[{"not_picked":["Eternal Feather","WristBlade"],"picked":"Runic Pyramid"},{"not_picked":["Tiny House","White Beast Statue"],"picked":"Runic Dome"}],"items_purged_floors":[11,22,31,38],"is_endless":false,"potions_floor_spawned":[1,13,16,18,25,29,33,36,46],"ascension_level":3}