{"gold_per_floor":[113,113,113,127,147,147,166,4,4,4,20,35,61,76,76,150,150,163,163,78,78,91,91,120,134,157,157,172,207,207,227,227,227],"floor_reached":33,"playtime":1098,"items_purged":[],"score":628,"play_id":"e5c42eae-6446-4f85-bc1d-673912d5fbc5","local_time":"20190601203532","is_ascension_mode":true,"campfire_choices":[{"data":"Dagger Spray","floor":6.0,"key":"SMITH"},{"data":"Glass Knife","floor":10.0,"key":"SMITH"},{"data":"Bouncing Flask","floor":15.0,"key":"SMITH"},{"floor":23.0,"key":"REST"},{"floor":27.0,"key":"REST"},{"floor":32,"key":"REST"}],"neow_cost":"NONE","seed_source_timestamp":3053301901177754,"circlet_count":0,"master_deck":["AscendersBane","Defend_G+1","Defend_G+1","Defend_G+1","Defend_G+1","Defend_G+1","Strike_G+1","Strike_G+1","Strike_G+1","Strike_G+1","Survivor","Neutralize","Glass Knife+1","Deadly Poison","Flying Knee","Dagger Spray+1","Well Laid Plans","Dodge and Roll","Bouncing Flask+1","Dash","Terror","Infinite Blades","Bullet Time","Deadly Poison","Sucker Punch","Escape Plan","Accuracy","Caltrops","Blur","Corpse Explosion"],"special_seed":0,"relics":["Ring of the Snake","Oddly Smooth Stone","Ornamental Fan","Ninja Scroll","Fusion Hammer","Sundial","Ancient Tea Set","Bag of Preparation"],"potions_floor_usage":[29],"damage_taken":[{"damage":0.0,"enemies":"2 Louse","floor":1.0,"turns":4.0},{"damage":0.0,"enemies":"Small Slimes","floor":4.0,"turns":3.0},{"damage":0.0,"enemies":"Cultist","floor":5.0,"turns":3.0},{"damage":8.0,"enemies":"Exordium Thugs","floor":7.0,"turns":6.0},{"damage":0.0,"enemies":"Lots of Slimes","floor":11.0,"turns":2.0},{"damage":1.0,"enemies":"3 Louse","floor":12.0,"turns":3.0},{"damage":30.0,"enemies":"Gremlin Nob","floor":13.0,"turns":5.0},{"damage":0.0,"enemies":"2 Fungi Beasts","floor":14.0,"turns":1.0},{"damage":15.0,"enemies":"Hexaghost","floor":16.0,"turns":8.0},{"damage":9.0,"enemies":"Spheric Guardian","floor":18.0,"turns":4.0},{"damage":2.0,"enemies":"3 Byrds","floor":22.0,"turns":5.0},{"damage":0.0,"enemies":"Slavers","floor":24.0,"turns":3.0},{"damage":26.0,"enemies":"Snake Plant","floor":25.0,"turns":5.0},{"damage":15.0,"enemies":"Snecko","floor":28.0,"turns":4.0},{"damage":3,"enemies":"Gremlin Leader","floor":29,"turns":7},{"damage":9,"enemies":"Centurion and Healer","floor":31,"turns":5},{"damage":50,"enemies":"Automaton","floor":33,"turns":6}],"seed_played":"-2411833163971243963","potions_obtained":[{"floor":1.0,"key":"Poison Potion"},{"floor":11.0,"key":"Explosive Potion"},{"floor":12.0,"key":"Block Potion"},{"floor":13.0,"key":"Block Potion"},{"floor":25.0,"key":"FearPotion"},{"floor":31,"key":"SteroidPotion"}],"is_trial":false,"path_per_floor":["M","?","?","M","M","R","M","$","T","R","M","M","E","M","R","B",null,"M","?","$","?","M","R","E","M","T","R","M","E","?","M","R","B"],"character_chosen":"THE_SILENT","items_purchased":["Oddly Smooth Stone","Bullet Time"],"campfire_rested":3,"item_purchase_floors":[8,20],"current_hp_per_floor":[59,59,59,59,59,59,51,51,51,51,51,50,20,20,20,5,51,42,42,42,42,40,59,59,33,33,52,37,34,34,25,44,0],"gold":227,"neow_bonus":"ONE_RANDOM_RARE_CARD","is_prod":false,"is_daily":false,"chose_seed":false,"campfire_upgraded":3,"win_rate":0,"timestamp":1559435732,"path_taken":["M","?","?","?","M","R","M","$","T","R","?","?","E","M","R","BOSS","M","?","$","?","M","R","E","?","T","R","M","E","?","M","R","BOSS"],"build_version":"2019-01-23","purchased_purges":0,"victory":false,"max_hp_per_floor":[66,66,66,66,66,66,66,66,66,66,66,66,66,66,66,66,66,66,66,66,66,66,66,66,66,66,66,66,66,66,66,66,66],"card_choices":[{"not_picked":["Flechettes","Endless Agony"],"picked":"Deadly Poison","floor":1.0},{"not_picked":["Poisoned Stab","Eviscerate"],"picked":"Dagger Spray","floor":4.0},{"not_picked":["Underhanded Strike","Flechettes"],"picked":"Well Laid Plans","floor":5.0},{"not_picked":["Choke","Dagger Spray"],"picked":"Dodge and Roll","floor":7.0},{"not_picked":["Flying Knee","Quick Slash"],"picked":"Bouncing Flask","floor":11.0},{"not_picked":["Prepared","Bane","Underhanded Strike"],"picked":"SKIP","floor":12.0},{"not_picked":["Bane","Well Laid Plans"],"picked":"Dash","floor":13.0},{"not_picked":["Dagger Spray","Deadly Poison"],"picked":"Terror","floor":14.0},{"not_picked":["Cloak And Dagger","Deflect"],"picked":"Infinite Blades","floor":18.0},{"not_picked":["Dagger Throw","Tactician"],"picked":"Sucker Punch","floor":22.0},{"not_picked":["Dagger Spray","Choke"],"picked":"Escape Plan","floor":24.0},{"not_picked":["Dagger Throw+1","Heel Hook"],"picked":"Accuracy","floor":25.0},{"not_picked":["Slice","Outmaneuver"],"picked":"Caltrops","floor":28.0},{"not_picked":["Backstab","Heel Hook"],"picked":"Blur","floor":29},{"not_picked":["Deadly Poison","Accuracy"],"picked":"Corpse Explosion","floor":31}],"player_experience":724597,"relics_obtained":[{"floor":9.0,"key":"Ornamental Fan"},{"floor":13.0,"key":"Ninja Scroll"},{"floor":24.0,"key":"Sundial"},{"floor":26.0,"key":"Ancient Tea Set"},{"floor":29,"key":"Bag of Preparation"}],"event_choices":[{"damage_healed":0.0,"max_hp_gain":0.0,"max_hp_loss":0.0,"gold_gain":0.0,"event_name":"Golden Idol","player_choice":"Ignored","floor":2.0,"gold_loss":0.0,"damage_taken":0.0},{"damage_healed":0.0,"max_hp_gain":0.0,"max_hp_loss":0.0,"gold_gain":0.0,"event_name":"Match and Keep!","player_choice":"1 cards matched","floor":3.0,"gold_loss":0.0,"damage_taken":0.0,"cards_obtained":["Flying Knee"]},{"damage_healed":0.0,"max_hp_gain":0.0,"max_hp_loss":0.0,"gold_gain":0.0,"event_name":"Back to Basics","player_choice":"Simplicity","floor":19.0,"gold_loss":0.0,"damage_taken":0.0,"cards_upgraded":["Defend_G","Defend_G","Defend_G","Defend_G","Defend_G","Strike_G","Strike_G","Strike_G","Strike_G","Strike_G"]},{"damage_healed":0.0,"max_hp_gain":0.0,"max_hp_loss":0.0,"gold_gain":0.0,"cards_transformed":["Strike_G"],"event_name":"Transmorgrifier","player_choice":"Transformed","floor":21.0,"gold_loss":0.0,"damage_taken":0.0,"cards_obtained":["Deadly Poison"]},{"damage_healed":0,"gold_gain":0,"player_choice":"Ignored","damage_taken":0,"max_hp_gain":0,"max_hp_loss":0,"event_name":"Vampires","floor":30,"gold_loss":0}],"is_beta":false,"boss_relics":[{"not_picked":["Black Star","White Beast Statue"],"picked":"Fusion Hammer"}],"items_purged_floors":[],"is_endless":false,"potions_floor_spawned":[1,11,12,13,14,22,25,31],"killed_by":"Automaton","ascension_level":20}