{"gold_per_floor":[117,131,131,131,144,144,144,179,203,233,233,283,316,276,276,276],"floor_reached":16,"playtime":302,"items_purged":[],"score":232,"play_id":"7277bcf5-cd9c-40b4-b7fc-7757d703845b","local_time":"20190501154955","is_ascension_mode":true,"campfire_choices":[{"data":"Neutralize","floor":6.0,"key":"SMITH"},{"floor":11,"key":"REST"},{"data":"Noxious Fumes","floor":15,"key":"SMITH"}],"neow_cost":"NONE","seed_source_timestamp":359170918654430,"circlet_count":0,"master_deck":["AscendersBane","Defend_G","Defend_G","Defend_G","Defend_G","Defend_G","Strike_G","Strike_G","Strike_G","Strike_G","Survivor","Neutralize+1","Dagger Spray+1","Setup","Flying Knee","Sucker Punch","Dash","Noxious Fumes+1","Flying Knee","Predator"],"special_seed":0,"relics":["Ring of the Snake","NeowsBlessing","Dream Catcher","Smiling Mask","Matryoshka","Dodecahedron"],"potions_floor_usage":[10,10],"damage_taken":[{"damage":0.0,"enemies":"Jaw Worm","floor":1.0,"turns":1.0},{"damage":0.0,"enemies":"Cultist","floor":2.0,"turns":1.0},{"damage":0.0,"enemies":"2 Louse","floor":5.0,"turns":1.0},{"damage":30.0,"enemies":"3 Sentries","floor":8.0,"turns":4.0},{"damage":8,"enemies":"Gremlin Nob","floor":10,"turns":3},{"damage":18,"enemies":"Lagavulin","floor":13,"turns":8},{"damage":3,"enemies":"Looter","floor":14,"turns":4},{"damage":26,"enemies":"The Guardian","floor":16,"turns":2}],"seed_played":"1795298905718881523","potions_obtained":[{"floor":2.0,"key":"PowerPotion"},{"floor":5.0,"key":"PowerPotion"},{"floor":8.0,"key":"AttackPotion"}],"is_trial":false,"path_per_floor":["M","M","?","$","M","R","?","E","T","E","R","?","E","M","R","B"],"character_chosen":"THE_SILENT","items_purchased":[],"campfire_rested":1,"item_purchase_floors":[],"current_hp_per_floor":[59,59,59,59,59,59,59,29,29,21,40,40,22,19,19,0],"gold":276,"neow_bonus":"THREE_ENEMY_KILL","is_prod":false,"is_daily":false,"chose_seed":false,"campfire_upgraded":2,"win_rate":0,"timestamp":1556740195,"path_taken":["M","M","?","$","?","R","?","E","T","E","R","?","E","M","R","BOSS"],"build_version":"2019-01-23","purchased_purges":0,"victory":false,"max_hp_per_floor":[66,66,66,66,66,66,66,66,66,66,66,66,66,66,66,66],"card_choices":[{"not_picked":["Poisoned Stab","Concentrate"],"picked":"Dagger Spray","floor":1.0},{"not_picked":["Dagger Throw","PiercingWail","Acrobatics"],"picked":"SKIP","floor":2.0},{"not_picked":["Slice","Outmaneuver"],"picked":"Flying Knee","floor":5.0},{"not_picked":["Backflip","Deflect"],"picked":"Sucker Punch","floor":8.0},{"not_picked":["Adrenaline","Backflip"],"picked":"Dash","floor":10},{"not_picked":["Slice","Blade Dance"],"picked":"Noxious Fumes","floor":11},{"not_picked":["Acrobatics","Choke"],"picked":"Flying Knee","floor":13},{"not_picked":["Deflect","Outmaneuver"],"picked":"Predator","floor":14}],"player_experience":668867,"relics_obtained":[{"floor":8.0,"key":"Dream Catcher"},{"floor":9.0,"key":"Smiling Mask"},{"floor":10,"key":"Matryoshka"},{"floor":13,"key":"Dodecahedron"}],"event_choices":[{"damage_healed":0.0,"max_hp_gain":0.0,"max_hp_loss":0.0,"gold_gain":0.0,"cards_transformed":["Strike_G"],"event_name":"Transmorgrifier","player_choice":"Transformed","floor":3.0,"gold_loss":0.0,"damage_taken":0.0,"cards_obtained":["Setup"]},{"damage_healed":0.0,"max_hp_gain":0.0,"max_hp_loss":0.0,"gold_gain":0.0,"event_name":"Living Wall","player_choice":"Grow","floor":7.0,"gold_loss":0.0,"damage_taken":0.0,"cards_upgraded":["Dagger Spray"]},{"damage_healed":0,"gold_gain":50,"player_choice":"Pray","damage_taken":0,"max_hp_gain":0,"max_hp_loss":0,"event_name":"Golden Shrine","floor":12,"gold_loss":0}],"is_beta":false,"boss_relics":[],"items_purged_floors":[],"is_endless":false,"potions_floor_spawned":[2,5,8],"killed_by":"The Guardian","ascension_level":20}