{"gold_per_floor":[110,90,109,109,70,70,103,103,103,103,123,143,143,143],"floor_reached":14,"playtime":364,"items_purged":[],"score":163,"play_id":"9037f756-d352-4a0c-a566-797b9a02278c","local_time":"20190216171716","is_ascension_mode":true,"campfire_choices":[{"data":"Bash","floor":6.0,"key":"SMITH"},{"floor":8.0,"key":"REST"},{"data":"Entrench","floor":10.0,"key":"SMITH"}],"neow_cost":"NONE","seed_source_timestamp":0,"circlet_count":0,"master_deck":["AscendersBane","Strike_R","Strike_R","Strike_R","Strike_R","Defend_R","Defend_R","Defend_R","Defend_R","Bash+1","Blind","Flex","Entrench+1","Inflame","Feel No Pain","Spot Weakness","Whirlwind"],"special_seed":0,"relics":["Burning Blood","Calipers","Dodecahedron"],"potions_floor_usage":[14],"damage_taken":[{"damage":4.0,"enemies":"Small Slimes","floor":1.0,"turns":4.0},{"damage":1.0,"enemies":"Cultist","floor":3.0,"turns":3.0},{"damage":61.0,"enemies":"3 Sentries","floor":7.0,"turns":10.0},{"damage":7.0,"enemies":"Jaw Worm","floor":11.0,"turns":4.0},{"damage":27,"enemies":"Exordium Thugs","floor":12,"turns":9},{"damage":21,"enemies":"Gremlin Gang","floor":14,"turns":2}],"seed_played":"2572360689636767305","potions_obtained":[{"floor":1.0,"key":"PowerPotion"},{"floor":2.0,"key":"Swift Potion"},{"floor":7.0,"key":"Swift Potion"}],"is_trial":false,"path_per_floor":["M","?","M","?","$","R","E","R","T","R","M","M","$","M"],"character_chosen":"IRONCLAD","items_purchased":["Inflame"],"campfire_rested":1,"item_purchase_floors":[5],"current_hp_per_floor":[70,70,75,75,75,75,20,42,42,42,41,20,20,0],"gold":143,"neow_bonus":"RANDOM_COLORLESS","is_prod":false,"is_daily":false,"chose_seed":false,"campfire_upgraded":2,"win_rate":0,"timestamp":1550355436,"path_taken":["M","?","?","?","?","R","E","R","T","R","M","M","$","?"],"build_version":"2019-01-23","purchased_purges":0,"victory":false,"max_hp_per_floor":[75,75,75,75,75,75,75,75,75,75,75,75,75,75],"card_choices":[{"not_picked":["Entrench","Heavy Blade"],"picked":"Flex","floor":1.0},{"not_picked":["Flex","Heavy Blade"],"picked":"Entrench","floor":3.0},{"not_picked":["Inflame","Heavy Blade"],"picked":"Feel No Pain","floor":7.0},{"not_picked":["Pummel","Body Slam"],"picked":"Spot Weakness","floor":11.0},{"not_picked":["Flex","Anger"],"picked":"Whirlwind","floor":12}],"player_experience":573566,"relics_obtained":[{"floor":7.0,"key":"Calipers"},{"floor":9.0,"key":"Dodecahedron"}],"event_choices":[{"damage_healed":0.0,"max_hp_gain":0.0,"max_hp_loss":0.0,"gold_gain":0.0,"event_name":"The Woman in Blue","player_choice":"Bought 1 Potion","floor":2.0,"gold_loss":0.0,"damage_taken":0.0},{"cards_removed":["Strike_R"],"damage_healed":0.0,"max_hp_gain":0.0,"max_hp_loss":0.0,"gold_gain":0.0,"event_name":"Bonfire Elementals","player_choice":"Offered Basic","floor":4.0,"gold_loss":0.0,"damage_taken":0.0}],"is_beta":false,"boss_relics":[],"items_purged_floors":[],"is_endless":false,"potions_floor_spawned":[1,7,12],"killed_by":"Gremlin Gang","ascension_level":17}