{"gold_per_floor":[112,92,92,109,52,81,138,138,164,164,193,209,124,159,159,232,282,296,18,28,0,16,16,28,28,28,28,28,44,62,62,62,136,136,151,151,23,23,43,43,62,62,88,106,106,106],"floor_reached":46,"playtime":1419,"items_purged":[],"score":947,"play_id":"22ca7a76-223e-4ce8-aa85-35f9fbf03e20","local_time":"20190526001603","is_ascension_mode":true,"campfire_choices":[{"floor":10.0,"key":"REST"},{"data":"Defragment","floor":15.0,"key":"SMITH"},{"floor":23.0,"key":"REST"},{"floor":28.0,"key":"REST"},{"floor":32.0,"key":"REST"},{"floor":40,"key":"REST"}],"neow_cost":"NONE","seed_source_timestamp":0,"circlet_count":0,"master_deck":["AscendersBane","Strike_B","Strike_B","Strike_B","Defend_B+1","Defend_B","Defend_B+1","Defend_B","Zap","Dualcast","FTL","Sweeping Beam","Ball Lightning","Core Surge","Ball Lightning","Sunder","Loop+1","Defragment+1","Seek","Lockon","Go for the Eyes","Conserve Battery","Glacier","Coolheaded","Core Surge","Conserve Battery","Decay","Biased Cognition+1","Conserve Battery+1","Go for the Eyes","Cold Snap","Loop+1","Ball Lightning","Doubt","Capacitor+1"],"special_seed":0,"relics":["Cracked Core","NeowsBlessing","Orichalcum","Art of War","Centennial Puzzle","Bronze Scales","Juzu Bracelet","War Paint","Tiny House","Frozen Egg 2","Kunai","Cursed Key"],"potions_floor_usage":[33,44],"damage_taken":[{"damage":0.0,"enemies":"Small Slimes","floor":1.0,"turns":1.0},{"damage":0.0,"enemies":"Cultist","floor":4.0,"turns":1.0},{"damage":0.0,"enemies":"3 Sentries","floor":6.0,"turns":1.0},{"damage":24.0,"enemies":"3 Sentries","floor":7.0,"turns":8.0},{"damage":26.0,"enemies":"Lagavulin","floor":11.0,"turns":6.0},{"damage":0.0,"enemies":"2 Louse","floor":12.0,"turns":2.0},{"damage":2.0,"enemies":"Gremlin Nob","floor":14.0,"turns":3.0},{"damage":20.0,"enemies":"Slime Boss","floor":16.0,"turns":8.0},{"damage":24.0,"enemies":"2 Thieves","floor":18.0,"turns":4.0},{"damage":11.0,"enemies":"Spheric Guardian","floor":20.0,"turns":4.0},{"damage":20.0,"enemies":"Snake Plant","floor":22.0,"turns":4.0},{"damage":18.0,"enemies":"Shelled Parasite and Fungi","floor":24.0,"turns":5.0},{"damage":7.0,"enemies":"Cultist and Chosen","floor":29.0,"turns":5.0},{"damage":1.0,"enemies":"Snecko","floor":30.0,"turns":4.0},{"damage":55,"enemies":"Collector","floor":33,"turns":14},{"damage":19,"enemies":"Orb Walker","floor":35,"turns":4},{"damage":29,"enemies":"3 Darklings","floor":39,"turns":6},{"damage":16,"enemies":"Spire Growth","floor":41,"turns":7},{"damage":10,"enemies":"Maw","floor":44,"turns":7},{"damage":11,"enemies":"Jaw Worm Horde","floor":46,"turns":1}],"seed_played":"-615242626788620316","potions_obtained":[{"floor":2.0,"key":"SkillPotion"},{"floor":6.0,"key":"Dexterity Potion"},{"floor":7.0,"key":"Block Potion"},{"floor":12.0,"key":"Explosive Potion"},{"floor":16.0,"key":"Swift Potion"},{"floor":17.0,"key":"FairyPotion"},{"floor":22.0,"key":"FocusPotion"},{"floor":41,"key":"EssenceOfSteel"},{"floor":44,"key":"Dexterity Potion"}],"is_trial":false,"path_per_floor":["M","?","$","M","$","E","?","T","T","R","E","M","$","E","R","B",null,"M","$","M","?","M","R","M","?","T","$","R","M","M","?","R","B",null,"M","?","$","$","M","R","M","?","T","M","?","M"],"character_chosen":"DEFECT","items_purchased":["Ball Lightning","Loop","Frozen Egg 2","Cold Snap","Loop+1"],"campfire_rested":5,"item_purchase_floors":[5,13,19,37,37],"current_hp_per_floor":[64,64,64,64,64,64,40,40,40,61,35,35,35,33,33,13,62,38,38,27,27,7,29,11,11,11,11,33,26,25,25,47,7,59,40,40,40,40,11,33,17,17,17,7,7,0],"gold":106,"neow_bonus":"THREE_ENEMY_KILL","is_prod":false,"is_daily":false,"chose_seed":false,"campfire_upgraded":1,"win_rate":0,"timestamp":1558844163,"path_taken":["M","?","$","?","$","E","?","?","T","R","E","M","$","E","R","BOSS","M","$","M","?","M","R","M","?","T","?","R","M","M","?","R","BOSS","M","?","?","$","M","R","M","?","T","M","?","M"],"build_version":"2019-01-23","purchased_purges":0,"victory":false,"max_hp_per_floor":[71,71,71,71,71,71,71,71,71,71,71,71,71,71,71,71,76,76,76,76,76,76,76,76,76,76,76,76,76,76,76,76,76,76,76,76,76,76,76,76,76,72,72,72,72,72],"card_choices":[{"not_picked":["Redo","Streamline"],"picked":"FTL","floor":1.0},{"not_picked":["Lockon","BootSequence"],"picked":"Sweeping Beam","floor":4.0},{"not_picked":["Compile Driver","Gash"],"picked":"Core Surge","floor":6.0},{"not_picked":["Barrage","Chaos"],"picked":"Ball Lightning","floor":7.0},{"not_picked":["Compile Driver","Reprogram","Doom and Gloom"],"picked":"SKIP","floor":11.0},{"not_picked":["Doom and Gloom","Coolheaded"],"picked":"Sunder","floor":12.0},{"not_picked":["Rebound","Barrage"],"picked":"Defragment","floor":14.0},{"not_picked":["Multi-Cast","Fission"],"picked":"Seek","floor":16.0},{"not_picked":["Heatsinks","Gash"],"picked":"Lockon","floor":17.0},{"not_picked":["Compile Driver","Storm"],"picked":"Go for the Eyes","floor":18.0},{"not_picked":["Streamline","Compile Driver"],"picked":"Conserve Battery","floor":20.0},{"not_picked":["Recycle","Conserve Battery"],"picked":"Glacier","floor":22.0},{"not_picked":["Steam","BootSequence"],"picked":"Coolheaded","floor":24.0},{"not_picked":["Rebound","Chill"],"picked":"Core Surge","floor":29.0},{"not_picked":["Glacier","Scrape"],"picked":"Conserve Battery","floor":30.0},{"not_picked":["Multi-Cast","All For One"],"picked":"Biased Cognition+1","floor":33},{"not_picked":["Ball Lightning+1","Recycle"],"picked":"Conserve Battery+1","floor":35},{"not_picked":["Streamline","Barrage+1"],"picked":"Ball Lightning","floor":39},{"not_picked":["Aggregate","Chaos","Sweeping Beam"],"picked":"SKIP","floor":41},{"not_picked":["Cold Snap","FTL"],"picked":"Capacitor+1","floor":44}],"player_experience":713363,"relics_obtained":[{"floor":6.0,"key":"Orichalcum"},{"floor":7.0,"key":"Art of War"},{"floor":8.0,"key":"Centennial Puzzle"},{"floor":9.0,"key":"Bronze Scales"},{"floor":11.0,"key":"Juzu Bracelet"},{"floor":14.0,"key":"War Paint"},{"floor":26.0,"key":"Kunai"}],"event_choices":[{"damage_healed":0.0,"max_hp_gain":0.0,"max_hp_loss":0.0,"gold_gain":0.0,"event_name":"The Woman in Blue","player_choice":"Bought 1 Potion","floor":2.0,"gold_loss":0.0,"damage_taken":0.0},{"damage_healed":0.0,"max_hp_gain":0.0,"max_hp_loss":0.0,"gold_gain":0.0,"event_name":"Dead Adventurer","player_choice":"Searched \u00271\u0027 times","floor":7.0,"gold_loss":0.0,"damage_taken":0.0},{"damage_healed":0.0,"max_hp_gain":0.0,"max_hp_loss":0.0,"gold_gain":0.0,"event_name":"Masked Bandits","player_choice":"Paid Fearfully","floor":21.0,"gold_loss":28.0,"damage_taken":0.0},{"damage_healed":0.0,"max_hp_gain":0.0,"max_hp_loss":0.0,"gold_gain":0.0,"event_name":"Ghosts","player_choice":"Ignored","floor":25.0,"gold_loss":0.0,"damage_taken":0.0},{"damage_healed":0.0,"max_hp_gain":0.0,"max_hp_loss":0.0,"gold_gain":0.0,"event_name":"Forgotten Altar","player_choice":"Smashed Altar","floor":31.0,"gold_loss":0.0,"damage_taken":0.0,"cards_obtained":["Decay"]},{"damage_healed":0,"gold_gain":0,"cards_transformed":["Strike_B"],"player_choice":"Transformed","damage_taken":0,"max_hp_gain":0,"max_hp_loss":0,"event_name":"Transmorgrifier","floor":36,"gold_loss":0,"cards_obtained":["Go for the Eyes"]},{"damage_healed":0,"gold_gain":0,"player_choice":"Max HP","damage_taken":0,"max_hp_gain":0,"max_hp_loss":4,"event_name":"Winding Halls","floor":42,"gold_loss":0},{"damage_healed":0,"gold_gain":0,"player_choice":"Ignored","damage_taken":0,"max_hp_gain":0,"max_hp_loss":0,"event_name":"Mysterious Sphere","floor":45,"gold_loss":0}],"is_beta":false,"boss_relics":[{"not_picked":["FrozenCore","Coffee Dripper"],"picked":"Tiny House"},{"not_picked":["Velvet Choker","Orrery"],"picked":"Cursed Key"}],"items_purged_floors":[],"is_endless":false,"potions_floor_spawned":[6,7,12,16,20,22,30,41,44],"killed_by":"Jaw Worm Horde","ascension_level":20}