{"gold_per_floor":[119,44,44,70,86,116,116,132,132,163,163,191,191,208,208,285,285,297,309,326,341,34,34,34,34,34,34,52,70,105,105,105,176,176,190,127,77,95,0,33,33,33,58,58,74,74,85,101,101,101],"floor_reached":50,"playtime":2265,"items_purged":["Strike_G"],"score":1070,"play_id":"e485cce2-d5fd-46e7-b1df-b4a377d8b07c","local_time":"20190630192344","is_ascension_mode":true,"campfire_choices":[{"data":"Neutralize","floor":11.0,"key":"SMITH"},{"data":"Dagger Spray","floor":13.0,"key":"SMITH"},{"data":"Dagger Spray","floor":15.0,"key":"SMITH"},{"data":"Footwork","floor":23.0,"key":"SMITH"},{"floor":25.0,"key":"REST"},{"data":"Bullet Time","floor":32.0,"key":"SMITH"},{"floor":42,"key":"REST"},{"data":"Blur","floor":44,"key":"SMITH"},{"floor":46,"key":"REST"},{"floor":49,"key":"RECALL"}],"neow_cost":"NONE","seed_source_timestamp":5552845616521140,"circlet_count":0,"master_deck":["AscendersBane","Defend_G","Defend_G","Defend_G","Defend_G","Strike_G","Strike_G","Strike_G","Survivor","Neutralize+1","Dagger Spray+1","Dagger Throw","Quick Slash","Deadly Poison","Blur+1","Dagger Spray+1","Bullet Time+1","Dash+1","Crippling Poison","Escape Plan","Footwork+1","Backflip","Riddle With Holes","Envenom","Dagger Spray+1","Infinite Blades+1","Cloak And Dagger+1","Terror+1"],"special_seed":0,"relics":["Ring of the Serpent","NeowsBlessing","Bronze Scales","Smiling Mask","Pocketwatch","StoneCalendar","Incense Burner","Meat on the Bone","Sling","Pantograph","MutagenicStrength","Bottled Flame","Snecko Eye","Toxic Egg 2","Red Mask","Dodecahedron"],"potions_floor_usage":[33,33,50,50,50],"damage_taken":[{"damage":0.0,"enemies":"Small Slimes","floor":1.0,"turns":1.0},{"damage":0.0,"enemies":"2 Louse","floor":5.0,"turns":2.0},{"damage":0.0,"enemies":"3 Sentries","floor":6.0,"turns":1.0},{"damage":0.0,"enemies":"Jaw Worm","floor":8.0,"turns":4.0},{"damage":20.0,"enemies":"Lagavulin","floor":10.0,"turns":7.0},{"damage":25.0,"enemies":"Gremlin Nob","floor":12.0,"turns":4.0},{"damage":0.0,"enemies":"Large Slime","floor":14.0,"turns":5.0},{"damage":15.0,"enemies":"Slime Boss","floor":16.0,"turns":7.0},{"damage":0.0,"enemies":"3 Byrds","floor":18.0,"turns":3.0},{"damage":16.0,"enemies":"Spheric Guardian","floor":19.0,"turns":4.0},{"damage":0.0,"enemies":"Snake Plant","floor":20.0,"turns":4.0},{"damage":0.0,"enemies":"Chosen and Byrds","floor":21.0,"turns":7.0},{"damage":6.0,"enemies":"3 Cultists","floor":28.0,"turns":4.0},{"damage":6.0,"enemies":"Centurion and Healer","floor":29.0,"turns":5.0},{"damage":5.0,"enemies":"Book of Stabbing","floor":30.0,"turns":6.0},{"damage":60,"enemies":"Collector","floor":33,"turns":9},{"damage":4,"enemies":"3 Shapes","floor":35,"turns":2},{"damage":42,"enemies":"3 Darklings","floor":38,"turns":3},{"damage":20,"enemies":"Reptomancer","floor":40,"turns":5},{"damage":0,"enemies":"4 Shapes","floor":45,"turns":7},{"damage":8,"enemies":"Sphere and 2 Shapes","floor":47,"turns":4},{"damage":13,"enemies":"3 Darklings","floor":48,"turns":4},{"damage":61,"enemies":"Awakened One","floor":50,"turns":9}],"seed_played":"3727850497601710938","potions_obtained":[{"floor":5.0,"key":"SkillPotion"},{"floor":10.0,"key":"SkillPotion"},{"floor":12.0,"key":"SteroidPotion"},{"floor":40,"key":"EntropicBrew"},{"floor":45,"key":"Fire Potion"}],"is_trial":false,"path_per_floor":["M","?","?","T","M","E","?","M","T","E","R","E","R","M","R","B",null,"M","M","M","M","$","R","?","R","T","?","M","M","E","?","R","B",null,"M","?","$","M","?","E","?","R","T","R","M","R","M","M","R","B"],"character_chosen":"THE_SILENT","items_purchased":["Footwork","Sling"],"campfire_rested":3,"item_purchase_floors":[22,22],"current_hp_per_floor":[59,59,48,48,48,48,66,66,66,46,46,21,21,33,33,30,57,57,41,41,41,41,41,23,44,44,44,38,44,39,39,39,16,57,53,53,53,23,23,15,15,36,36,36,36,57,49,36,36,0],"gold":101,"neow_bonus":"THREE_ENEMY_KILL","is_prod":false,"is_daily":false,"chose_seed":false,"campfire_upgraded":6,"win_rate":0,"timestamp":1561937024,"path_taken":["M","?","?","?","M","E","?","M","T","E","R","E","R","M","R","BOSS","M","M","M","M","$","R","?","R","T","?","M","M","E","?","R","BOSS","M","?","?","M","?","E","?","R","T","R","M","R","M","M","R","BOSS"],"build_version":"2019-01-23","purchased_purges":1,"victory":false,"max_hp_per_floor":[66,66,66,66,66,66,66,66,66,66,66,66,66,66,66,66,66,66,66,66,66,66,66,71,71,71,71,71,71,71,71,71,71,71,71,71,71,71,71,71,71,71,71,71,71,71,71,71,71,71],"card_choices":[{"not_picked":["Sucker Punch","Terror"],"picked":"Dagger Spray","floor":1.0},{"not_picked":["Underhanded Strike","Bane"],"picked":"Dagger Throw","floor":5.0},{"not_picked":["Setup","Dodge and Roll"],"picked":"Quick Slash","floor":6.0},{"not_picked":["Escape Plan","Prepared"],"picked":"Deadly Poison","floor":8.0},{"not_picked":["Outmaneuver","Choke","Setup"],"picked":"SKIP","floor":10.0},{"not_picked":["Bouncing Flask","Acrobatics"],"picked":"Blur","floor":12.0},{"not_picked":["Deadly Poison","Calculated Gamble"],"picked":"Dagger Spray","floor":14.0},{"not_picked":["Wraith Form v2","Tools of the Trade"],"picked":"Bullet Time","floor":16.0},{"not_picked":["Blur","Prepared"],"picked":"Dash+1","floor":18.0},{"not_picked":["Distraction","Masterful Stab"],"picked":"Crippling Poison","floor":19.0},{"not_picked":["Deadly Poison","Dagger Throw","Distraction"],"picked":"SKIP","floor":20.0},{"not_picked":["Deflect","Quick Slash"],"picked":"Escape Plan","floor":21.0},{"not_picked":["Deadly Poison","Prepared"],"picked":"Backflip","floor":28.0},{"not_picked":["Acrobatics","Slice","Eviscerate"],"picked":"SKIP","floor":29.0},{"not_picked":["Crippling Poison","Bane","Skewer+1"],"picked":"SKIP","floor":30.0},{"not_picked":["Phantasmal Killer","Venomology"],"picked":"Envenom","floor":33},{"not_picked":["Slice","Prepared"],"picked":"Dagger Spray+1","floor":35},{"not_picked":["Dagger Throw","Crippling Poison+1"],"picked":"Infinite Blades+1","floor":38},{"not_picked":["Bane","Underhanded Strike+1"],"picked":"Cloak And Dagger+1","floor":40},{"not_picked":["Underhanded Strike","Masterful Stab+1"],"picked":"Terror+1","floor":45},{"not_picked":["Crippling Poison+1","Quick Slash","Infinite Blades+1"],"picked":"SKIP","floor":47},{"not_picked":["Tactician+1","Skewer","Deflect+1"],"picked":"SKIP","floor":48}],"player_experience":820551,"relics_obtained":[{"floor":4.0,"key":"Smiling Mask"},{"floor":6.0,"key":"Pocketwatch"},{"floor":9.0,"key":"StoneCalendar"},{"floor":10.0,"key":"Incense Burner"},{"floor":12.0,"key":"Meat on the Bone"},{"floor":26.0,"key":"Pantograph"},{"floor":30.0,"key":"Bottled Flame"},{"floor":40,"key":"Dodecahedron"}],"event_choices":[{"cards_removed":["Strike_G"],"damage_healed":0.0,"max_hp_gain":0.0,"max_hp_loss":0.0,"gold_gain":0.0,"event_name":"The Cleric","player_choice":"Card Removal","floor":2.0,"gold_loss":75.0,"damage_taken":0.0},{"damage_healed":0.0,"max_hp_gain":0.0,"max_hp_loss":0.0,"gold_gain":0.0,"event_name":"Scrap Ooze","player_choice":"Success","floor":3.0,"gold_loss":0.0,"damage_taken":11.0,"relics_obtained":["Bronze Scales"]},{"damage_healed":22.0,"max_hp_gain":0.0,"max_hp_loss":0.0,"gold_gain":0.0,"event_name":"Big Fish","player_choice":"Banana","floor":7.0,"gold_loss":0.0,"damage_taken":0.0},{"damage_healed":0.0,"max_hp_gain":5.0,"max_hp_loss":0.0,"gold_gain":0.0,"event_name":"Forgotten Altar","player_choice":"Shed Blood","floor":24.0,"gold_loss":0.0,"damage_taken":23.0},{"damage_healed":0.0,"max_hp_gain":0.0,"max_hp_loss":0.0,"gold_gain":0.0,"event_name":"Drug Dealer","player_choice":"Inject Mutagens","floor":27.0,"gold_loss":0.0,"damage_taken":0.0,"relics_obtained":["MutagenicStrength"]},{"damage_healed":0.0,"max_hp_gain":0.0,"max_hp_loss":0.0,"gold_gain":0.0,"event_name":"The Library","player_choice":"Read","floor":31.0,"gold_loss":0.0,"damage_taken":0.0,"cards_obtained":["Riddle With Holes"]},{"damage_healed":0,"gold_gain":0,"player_choice":"Paid Gold","damage_taken":0,"relics_obtained":["Toxic Egg 2"],"max_hp_gain":0,"max_hp_loss":0,"event_name":"WeMeetAgain","floor":36,"gold_loss":63},{"damage_healed":0,"gold_gain":0,"player_choice":"Paid","damage_taken":0,"relics_obtained":["Red Mask"],"max_hp_gain":0,"max_hp_loss":0,"event_name":"Tomb of Lord Red Mask","floor":39,"gold_loss":95},{"cards_removed":["Defend_G"],"damage_healed":0,"gold_gain":0,"player_choice":"Removed Skill","damage_taken":0,"max_hp_gain":0,"max_hp_loss":0,"event_name":"Falling","floor":41,"gold_loss":0}],"is_beta":false,"boss_relics":[{"not_picked":["WristBlade","Tiny House"],"picked":"Ring of the Serpent"},{"not_picked":["Calling Bell","Runic Dome"],"picked":"Snecko Eye"}],"items_purged_floors":[37],"is_endless":false,"potions_floor_spawned":[5,10,12,16,20,29,30,40,45,47,48],"killed_by":"Awakened One","ascension_level":20}