{"gold_per_floor":[214,229,229,240,251,251,262,262,287,33,33,50,50,82,82,82],"floor_reached":16,"playtime":441,"items_purged":[],"score":179,"play_id":"b286c7ff-a751-4e35-a666-01ee914d614e","local_time":"20180819163542","is_ascension_mode":true,"campfire_choices":[{"data":"Zap","floor":6,"key":"SMITH"},{"floor":8,"key":"REST"},{"floor":13,"key":"REST"},{"floor":15,"key":"REST"}],"neow_cost":"NONE","seed_source_timestamp":3700331841596038,"circlet_count":0,"master_deck":["Strike_B","Strike_B","Strike_B+1","Strike_B","Defend_B","Defend_B","Defend_B+1","Defend_B","Zap+1","Dualcast","AscendersBane","Sunder","Steam","Hologram","Leap","Leap"],"special_seed":0,"relics":["Cracked Core","Happy Flower","Cables","Oddly Smooth Stone","Ancient Tea Set"],"potions_floor_usage":[5,16,16],"damage_taken":[{"damage":13.0,"enemies":"2 Louse","floor":1.0,"turns":3.0},{"damage":7.0,"enemies":"Jaw Worm","floor":2.0,"turns":3.0},{"damage":0.0,"enemies":"Small Slimes","floor":4.0,"turns":3.0},{"damage":6,"enemies":"Exordium Wildlife","floor":5,"turns":3},{"damage":6,"enemies":"2 Fungi Beasts","floor":7,"turns":3},{"damage":0,"enemies":"Lots of Slimes","floor":12,"turns":3},{"damage":35,"enemies":"3 Sentries","floor":14,"turns":9},{"damage":38,"enemies":"Slime Boss","floor":16,"turns":7}],"seed_played":"5138761254677487266","potions_obtained":[{"floor":2.0,"key":"AttackPotion"},{"floor":7,"key":"Energy Potion"},{"floor":14,"key":"SkillPotion"}],"is_trial":false,"path_per_floor":["M","M","?","M","M","R","M","R","T","$","?","M","R","E","R"],"character_chosen":"DEFECT","items_purchased":["Cables"],"campfire_rested":3,"item_purchase_floors":[10],"current_hp_per_floor":[51,44,23,23,17,17,11,32,32,32,27,27,48,13,34,0],"gold":82,"neow_bonus":"HUNDRED_GOLD","is_prod":false,"is_daily":false,"chose_seed":false,"campfire_upgraded":1,"win_rate":0,"timestamp":1534710942,"path_taken":["M","M","?","M","M","R","M","R","T","$","?","?","R","E","R","BOSS"],"build_version":"2018-08-16","purchased_purges":0,"victory":false,"max_hp_per_floor":[71,71,71,71,71,71,71,71,71,71,71,71,71,71,71,71],"card_choices":[{"not_picked":["Steam","Hologram"],"picked":"Sunder","floor":1.0},{"not_picked":["Hello World","Doom and Gloom"],"picked":"Steam","floor":2.0},{"not_picked":["Steam","Gash"],"picked":"Hologram","floor":4.0},{"not_picked":["Barrage","Redo","Reprogram"],"picked":"SKIP","floor":5},{"not_picked":["Turbo","Cold Snap"],"picked":"Leap","floor":7},{"not_picked":["Beam Cell","Sweeping Beam"],"picked":"Leap","floor":12},{"not_picked":["Reprogram","Streamline","Barrage"],"picked":"SKIP","floor":14}],"player_experience":271597,"relics_obtained":[{"floor":9,"key":"Happy Flower"},{"floor":14,"key":"Ancient Tea Set"}],"event_choices":[{"event_name":"Shining Light","player_choice":"Entered Light","floor":3.0,"damage_taken":0.0},{"event_name":"Scrap Ooze","player_choice":"success","floor":11,"damage_taken":5}],"is_beta":false,"boss_relics":[],"items_purged_floors":[],"is_endless":false,"potions_floor_spawned":[2,7,14],"killed_by":"Slime Boss","ascension_level":15}