{"gold_per_floor":[112,82,100,100,100,140,140,184,230,249,293,317,317,6,6,130,130,155,155,175,175,275,309,320,383,383,418,418,468,445,69,69,166,166,184,204,204,215,315,315,349,349,349,382,196,196,231,231,231,231],"floor_reached":51,"playtime":1595,"items_purged":["Strike_B"],"score":1073,"play_id":"f5bcef06-5960-4006-9f06-768452fe0fe8","local_time":"20190710012521","is_ascension_mode":true,"campfire_choices":[{"data":"Zap","floor":7.0,"key":"SMITH"},{"data":"Gash","floor":13.0,"key":"SMITH"},{"data":"Sweeping Beam","floor":15.0,"key":"SMITH"},{"data":"Hologram","floor":28.0,"key":"SMITH"},{"data":"Go for the Eyes","floor":32.0,"key":"SMITH"},{"data":"Streamline","floor":40.0,"key":"SMITH"},{"data":"Gash","floor":42,"key":"SMITH"},{"data":"Coolheaded","floor":46,"key":"SMITH"},{"data":"Cold Snap","floor":49,"key":"SMITH"}],"neow_cost":"NONE","seed_source_timestamp":6352820022390011,"circlet_count":0,"master_deck":["Strike_B+1","Strike_B+1","Strike_B","Defend_B+1","Defend_B+1","Defend_B+1","Defend_B","Zap+1","Dualcast+1","Gash+1","Sweeping Beam+1","Ball Lightning","Conserve Battery","Conserve Battery","Cold Snap+1","Cold Snap","Compile Driver","Coolheaded+1","Hologram+1","Ball Lightning","Streamline+1","Go for the Eyes+1","Gash+1","Coolheaded+1","Go for the Eyes+1","Ball Lightning+1","Beam Cell+1"],"special_seed":0,"relics":["Cracked Core","NeowsBlessing","Bloody Idol","Anchor","Bag of Marbles","Whetstone","Regal Pillow","Membership Card","Bag of Preparation","Black Star","Omamori","Kunai","Tiny Chest","Prayer Wheel","Frozen Egg 2","Shuriken","Pantograph","Mercury Hourglass","Toxic Egg 2","Frozen Eye","Cursed Key","WarpedTongs","Ice Cream","Ancient Tea Set","Singing Bowl","Art of War","Gambling Chip","Strawberry","FossilizedHelix","War Paint","Lantern","FaceOfCleric"],"potions_floor_usage":[50,50],"damage_taken":[{"damage":0.0,"enemies":"Small Slimes","floor":1.0,"turns":1.0},{"damage":0.0,"enemies":"Cultist","floor":3.0,"turns":1.0},{"damage":0.0,"enemies":"3 Sentries","floor":6.0,"turns":1.0},{"damage":14.0,"enemies":"Gremlin Nob","floor":8.0,"turns":3.0},{"damage":0.0,"enemies":"Jaw Worm","floor":10.0,"turns":2.0},{"damage":3.0,"enemies":"Lagavulin","floor":11.0,"turns":4.0},{"damage":0.0,"enemies":"Looter","floor":12.0,"turns":2.0},{"damage":32.0,"enemies":"Hexaghost","floor":16.0,"turns":10.0},{"damage":3.0,"enemies":"2 Thieves","floor":18.0,"turns":4.0},{"damage":0.0,"enemies":"Chosen","floor":20.0,"turns":3.0},{"damage":33.0,"enemies":"Gremlin Leader","floor":23.0,"turns":8.0},{"damage":0.0,"enemies":"Shelled Parasite and Fungi","floor":24.0,"turns":8.0},{"damage":13.0,"enemies":"Book of Stabbing","floor":25.0,"turns":7.0},{"damage":10.0,"enemies":"Slavers","floor":27.0,"turns":4.0},{"damage":53.0,"enemies":"Champ","floor":33.0,"turns":9.0},{"damage":0.0,"enemies":"Orb Walker","floor":35.0,"turns":3.0},{"damage":13.0,"enemies":"3 Darklings","floor":36.0,"turns":3.0},{"damage":3.0,"enemies":"Jaw Worm Horde","floor":38.0,"turns":4.0},{"damage":3.0,"enemies":"Mind Bloom Boss Battle","floor":39.0,"turns":6.0},{"damage":0,"enemies":"Reptomancer","floor":41,"turns":6},{"damage":0,"enemies":"Nemesis","floor":44,"turns":5},{"damage":0,"enemies":"Giant Head","floor":47,"turns":6},{"damage":29,"enemies":"Donu and Deca","floor":50,"turns":9}],"seed_played":"6857173914747625397","potions_obtained":[{"floor":2.0,"key":"Regen Potion"},{"floor":2.0,"key":"AttackPotion"},{"floor":6.0,"key":"Fire Potion"},{"floor":8.0,"key":"SteroidPotion"},{"floor":23.0,"key":"Poison Potion"},{"floor":24.0,"key":"SpeedPotion"},{"floor":33.0,"key":"Poison Potion"},{"floor":41,"key":"LiquidBronze"}],"is_trial":false,"path_per_floor":["M","?","M","?","?","E","R","E","T","M","E","M","R","$","R","B",null,"M","?","M","$","?","E","M","E","T","E","R","?","$","$","R","B",null,"M","M","?","M","?","R","E","R","T","E","$","R","E","?","R","B",null],"character_chosen":"DEFECT","items_purchased":["Membership Card","Bag of Preparation","Cold Snap","Go for the Eyes","Mercury Hourglass","Gash","Toxic Egg 2","Frozen Eye","FossilizedHelix"],"campfire_rested":0,"item_purchase_floors":[14,14,14,30,31,31,31,31,45],"current_hp_per_floor":[75,75,75,60,60,60,60,46,46,46,43,43,43,43,43,11,69,66,66,69,69,69,41,61,58,58,53,53,58,58,58,58,21,69,69,61,61,63,69,69,69,69,69,78,78,78,78,78,78,50],"gold":231,"neow_bonus":"THREE_ENEMY_KILL","is_prod":false,"is_daily":false,"chose_seed":false,"campfire_upgraded":9,"win_rate":0,"timestamp":1562736321,"path_taken":["M","?","?","?","?","E","R","E","T","M","E","M","R","$","R","BOSS","M","?","M","$","?","E","?","E","T","E","R","?","?","$","R","BOSS","M","M","?","?","?","R","E","R","T","E","$","R","E","?","R","BOSS"],"build_version":"2019-07-05","purchased_purges":1,"victory":true,"max_hp_per_floor":[75,75,75,75,69,69,69,69,69,69,69,69,69,69,69,69,69,69,69,69,69,69,69,69,69,69,69,69,69,69,69,69,69,69,69,69,69,69,69,69,69,69,69,78,78,78,78,78,78,79],"card_choices":[{"not_picked":["Conserve Battery","Go for the Eyes"],"picked":"Gash","floor":1.0},{"not_picked":["Conserve Battery","Redo"],"picked":"Sweeping Beam","floor":3.0},{"not_picked":["Chill","Compile Driver","Steam Power"],"picked":"SKIP","floor":6.0},{"not_picked":["White Noise","Streamline"],"picked":"Ball Lightning","floor":8.0},{"not_picked":["Defragment","Rip and Tear"],"picked":"Conserve Battery","floor":10.0},{"not_picked":["BootSequence","Compile Driver"],"picked":"Conserve Battery","floor":11.0},{"not_picked":["Conserve Battery","Turbo"],"picked":"Cold Snap","floor":12.0},{"not_picked":["Chill+1","Barrage"],"picked":"Compile Driver","floor":18.0},{"not_picked":["Conserve Battery","Rebound"],"picked":"Coolheaded","floor":20.0},{"not_picked":["Cold Snap+1","Auto Shields"],"picked":"Hologram","floor":23.0},{"not_picked":["Rip and Tear+1","Compile Driver+1","Redo"],"picked":"SKIP","floor":24.0},{"not_picked":["Turbo","Glacier"],"picked":"Ball Lightning","floor":25.0},{"not_picked":["Self Repair+1","Reprogram"],"picked":"Streamline","floor":27.0},{"not_picked":["Chill+1","Defragment+1"],"picked":"Coolheaded+1","floor":35.0},{"not_picked":["Chill+1","Turbo+1"],"picked":"Go for the Eyes+1","floor":35.0},{"not_picked":["BootSequence+1","Leap+1","Seek+1"],"picked":"SKIP","floor":36.0},{"not_picked":["Heatsinks+1","Rebound","Sweeping Beam"],"picked":"SKIP","floor":36.0},{"not_picked":["Leap+1","Barrage+1","Redo+1"],"picked":"SKIP","floor":38.0},{"not_picked":["Steam+1","Rebound+1","Turbo+1"],"picked":"SKIP","floor":38.0},{"not_picked":["Steam+1","Go for the Eyes+1"],"picked":"Ball Lightning+1","floor":41},{"not_picked":["Hello World+1","Reboot+1","Undo+1"],"picked":"Singing Bowl","floor":44},{"not_picked":["BootSequence+1","Redo+1"],"picked":"Beam Cell+1","floor":47}],"player_experience":938947,"relics_obtained":[{"floor":6.0,"key":"Anchor"},{"floor":8.0,"key":"Bag of Marbles"},{"floor":9.0,"key":"Whetstone"},{"floor":11.0,"key":"Regal Pillow"},{"floor":23.0,"key":"Omamori"},{"floor":23.0,"key":"Kunai"},{"floor":25.0,"key":"Tiny Chest"},{"floor":25.0,"key":"Prayer Wheel"},{"floor":26.0,"key":"Frozen Egg 2"},{"floor":27.0,"key":"Shuriken"},{"floor":27.0,"key":"Pantograph"},{"floor":39.0,"key":"Ice Cream"},{"floor":41,"key":"Ancient Tea Set"},{"floor":41,"key":"Singing Bowl"},{"floor":43,"key":"Art of War"},{"floor":44,"key":"Gambling Chip"},{"floor":44,"key":"Strawberry"},{"floor":47,"key":"War Paint"},{"floor":47,"key":"Lantern"}],"event_choices":[{"damage_healed":0.0,"max_hp_gain":0.0,"max_hp_loss":0.0,"gold_gain":0.0,"event_name":"The Woman in Blue","player_choice":"Bought 2 Potions","floor":2.0,"gold_loss":0.0,"damage_taken":0.0},{"damage_healed":0.0,"max_hp_gain":0.0,"max_hp_loss":0.0,"gold_gain":0.0,"event_name":"Shining Light","player_choice":"Entered Light","floor":4.0,"gold_loss":0.0,"damage_taken":15.0,"cards_upgraded":["Defend_B","Defend_B"]},{"damage_healed":0.0,"max_hp_gain":0.0,"max_hp_loss":6.0,"gold_gain":0.0,"event_name":"Golden Idol","player_choice":"Lose Max HP","floor":5.0,"gold_loss":0.0,"damage_taken":0.0,"relics_obtained":["Golden Idol"]},{"damage_healed":0.0,"max_hp_gain":0.0,"max_hp_loss":0.0,"gold_gain":0.0,"event_name":"Forgotten Altar","player_choice":"Gave Idol","floor":19.0,"relics_lost":["Golden Idol"],"gold_loss":0.0,"damage_taken":0.0,"relics_obtained":["Bloody Idol"]},{"damage_healed":0.0,"max_hp_gain":0.0,"max_hp_loss":0.0,"gold_gain":100.0,"event_name":"Golden Shrine","player_choice":"Pray","floor":22.0,"gold_loss":0.0,"damage_taken":0.0},{"damage_healed":0.0,"max_hp_gain":0.0,"max_hp_loss":0.0,"gold_gain":100.0,"event_name":"The Joust","player_choice":"Bet on Murderer","floor":29.0,"gold_loss":50.0,"damage_taken":0.0},{"damage_healed":0.0,"max_hp_gain":0.0,"max_hp_loss":0.0,"gold_gain":0.0,"event_name":"Accursed Blacksmith","player_choice":"Rummage","floor":37.0,"gold_loss":0.0,"damage_taken":0.0,"relics_obtained":["WarpedTongs"],"cards_obtained":["Pain"]},{"damage_healed":0.0,"max_hp_gain":0.0,"max_hp_loss":0.0,"gold_gain":0.0,"event_name":"MindBloom","player_choice":"Fight","floor":39.0,"gold_loss":0.0,"damage_taken":0.0},{"damage_healed":0,"gold_gain":0,"player_choice":"Trade","damage_taken":0,"relics_obtained":["FaceOfCleric"],"max_hp_gain":0,"max_hp_loss":0,"event_name":"FaceTrader","floor":48,"gold_loss":0}],"is_beta":false,"boss_relics":[{"not_picked":["Philosopher\u0027s Stone","Nuclear Battery"],"picked":"Black Star"},{"not_picked":["Astrolabe","Snecko Eye"],"picked":"Cursed Key"}],"items_purged_floors":[45],"is_endless":false,"potions_floor_spawned":[6,8,10,11,18,23,24,33,41,47],"ascension_level":1}