{"gold_per_floor":[113,188,32,46,46,79,79,104,153,153,171,171,190,225,225,322,322,342,357,385,385,397,425,425,425,425,456,195,195,195,222,222,322,322,335,335,260,275,286,316,316,343,343,343,99,114,141,154,154,154],"floor_reached":51,"playtime":2651,"items_purged":["Decay"],"score":1357,"play_id":"19899ed9-7e14-436f-b88d-40cadf270447","local_time":"20181221184126","is_ascension_mode":true,"campfire_choices":[{"floor":7.0,"key":"REST"},{"data":"Armaments","floor":10.0,"key":"SMITH"},{"data":"Bash","floor":12.0,"key":"SMITH"},{"data":"Flame Barrier","floor":15.0,"key":"SMITH"},{"data":"Whirlwind","floor":24.0,"key":"SMITH"},{"data":"Clothesline","floor":25.0,"key":"SMITH"},{"data":"Perfected Strike","floor":29.0,"key":"SMITH"},{"data":"Shrug It Off","floor":32.0,"key":"SMITH"},{"data":"Disarm","floor":41.0,"key":"SMITH"},{"data":"Offering","floor":44.0,"key":"SMITH"},{"data":"Demon Form","floor":49,"key":"SMITH"}],"neow_cost":"NONE","seed_source_timestamp":0,"circlet_count":0,"master_deck":["Strike_R+1","Strike_R+1","Strike_R+1","Strike_R+1","Strike_R+1","Defend_R+1","Defend_R+1","Defend_R+1","Defend_R+1","Bash+1","Juggernaut+1","Thunderclap","Blood for Blood","Armaments+1","Whirlwind+1","Flame Barrier+1","Blood for Blood","Clothesline+1","Feed","Disarm+1","Shrug It Off+1","Perfected Strike+1","Barricade","Offering+1","Rage+1","Perfected Strike","Demon Form+1","Entrench+1"],"special_seed":0,"relics":["Burning Blood","Happy Flower","Bronze Scales","Bird Faced Urn","Anchor","WingedGreaves","Snecko Eye","Red Mask","Dream Catcher","Red Skull","Bottled Lightning","Gremlin Horn","Bag of Preparation","Tiny Chest","Sundial","Eternal Feather","The Courier","Potion Belt","Mummified Hand","Lee\u0027s Waffle","Dodecahedron"],"potions_floor_usage":[50,50,50,50],"damage_taken":[{"damage":6.0,"enemies":"Jaw Worm","floor":1.0,"turns":5.0},{"damage":3.0,"enemies":"2 Louse","floor":4.0,"turns":3.0},{"damage":32.0,"enemies":"Gremlin Nob","floor":6.0,"turns":4.0},{"damage":30.0,"enemies":"3 Sentries","floor":8.0,"turns":7.0},{"damage":0.0,"enemies":"Small Slimes","floor":11.0,"turns":2.0},{"damage":0.0,"enemies":"Blue Slaver","floor":13.0,"turns":3.0},{"damage":18.0,"enemies":"Gremlin Nob","floor":14.0,"turns":3.0},{"damage":13.0,"enemies":"The Guardian","floor":16.0,"turns":10.0},{"damage":0.0,"enemies":"3 Byrds","floor":18.0,"turns":3.0},{"damage":0.0,"enemies":"Chosen","floor":19.0,"turns":3.0},{"damage":6.0,"enemies":"Masked Bandits","floor":20.0,"turns":3.0},{"damage":0.0,"enemies":"Centurion and Healer","floor":22.0,"turns":3.0},{"damage":0.0,"enemies":"Slavers","floor":23.0,"turns":4.0},{"damage":7.0,"enemies":"Book of Stabbing","floor":27.0,"turns":4.0},{"damage":7.0,"enemies":"Gremlin Leader","floor":31.0,"turns":5.0},{"damage":0.0,"enemies":"Collector","floor":33.0,"turns":11.0},{"damage":6.0,"enemies":"Orb Walker","floor":35.0,"turns":2.0},{"damage":7.0,"enemies":"3 Shapes","floor":38.0,"turns":6.0},{"damage":6.0,"enemies":"Sphere and 2 Shapes","floor":39.0,"turns":2.0},{"damage":19.0,"enemies":"Reptomancer","floor":40.0,"turns":6.0},{"damage":39.0,"enemies":"Nemesis","floor":42.0,"turns":9.0},{"damage":6.0,"enemies":"Transient","floor":46.0,"turns":5.0},{"damage":13.0,"enemies":"Reptomancer","floor":47.0,"turns":6.0},{"damage":14,"enemies":"3 Darklings","floor":48,"turns":3},{"damage":0,"enemies":"Awakened One","floor":50,"turns":10}],"seed_played":"7051610986578036030","potions_obtained":[{"floor":8.0,"key":"Weak Potion"},{"floor":11.0,"key":"BloodPotion"},{"floor":13.0,"key":"Fire Potion"},{"floor":14.0,"key":"Strength Potion"},{"floor":16.0,"key":"PowerPotion"},{"floor":20.0,"key":"Fire Potion"},{"floor":27.0,"key":"PowerPotion"},{"floor":35.0,"key":"LiquidBronze"},{"floor":40.0,"key":"Fire Potion"},{"floor":42.0,"key":"Dexterity Potion"},{"floor":48,"key":"PowerPotion"}],"is_trial":false,"path_per_floor":["M","?","$","M","?","E","R","E","T","R","M","R","M","E","R","B",null,"M","M","?","?","T","M","E","R","R","T","E","$","R","?","E","R","B",null,"M","?","$","M","M","E","R","E","T","R","$","M","E","E","M","R","B",null],"character_chosen":"IRONCLAD","items_purchased":["Happy Flower","Bag of Preparation","Tiny Chest","Lee\u0027s Waffle","AttackPotion","Perfected Strike"],"campfire_rested":1,"item_purchase_floors":[3,28,28,45,45,45],"current_hp_per_floor":[72,61,61,64,64,38,62,38,38,38,44,44,50,46,46,41,70,78,80,83,83,87,87,87,87,87,86,86,86,86,86,86,90,90,90,90,90,90,93,84,93,62,62,77,100,100,93,89,100,100],"gold":154,"neow_bonus":"ONE_RANDOM_RARE_CARD","is_prod":false,"is_daily":false,"chose_seed":false,"campfire_upgraded":10,"win_rate":0,"timestamp":1545435686,"path_taken":["M","?","$","M","?","E","R","E","T","R","M","R","M","E","R","BOSS","M","M","?","?","?","E","R","R","T","E","$","R","?","E","R","BOSS","M","?","$","?","M","E","R","E","T","R","$","M","E","M","R","BOSS"],"build_version":"2018-12-20","purchased_purges":1,"victory":true,"max_hp_per_floor":[80,80,80,80,80,80,80,80,80,80,80,80,80,80,80,80,80,80,80,83,83,87,87,87,87,87,87,87,87,87,87,87,90,90,90,90,90,90,93,93,93,93,93,93,100,100,100,100,100,100],"card_choices":[{"not_picked":["Shrug It Off","Cleave"],"picked":"Thunderclap","floor":1.0},{"not_picked":["Sentinel","Intimidate"],"picked":"Blood for Blood","floor":4.0},{"not_picked":["Reckless Charge","Rampage"],"picked":"Armaments","floor":6.0},{"not_picked":["Headbutt","Blood for Blood"],"picked":"Whirlwind","floor":8.0},{"not_picked":["Searing Blow","Entrench"],"picked":"Flame Barrier","floor":11.0},{"not_picked":["Evolve","Clash"],"picked":"Blood for Blood","floor":13.0},{"not_picked":["Body Slam","True Grit"],"picked":"Clothesline","floor":14.0},{"not_picked":["Double Tap","Offering"],"picked":"Feed","floor":16.0},{"not_picked":["Wild Strike","Twin Strike"],"picked":"Disarm","floor":18.0},{"not_picked":["Clothesline+1","Thunderclap"],"picked":"Shrug It Off","floor":19.0},{"not_picked":["Shockwave+1","Body Slam"],"picked":"Perfected Strike","floor":22.0},{"not_picked":["Dual Wield","Power Through+1","Pommel Strike"],"picked":"SKIP","floor":23.0},{"not_picked":["Infernal Blade","Evolve","Pommel Strike"],"picked":"SKIP","floor":27.0},{"not_picked":["Carnage","Twin Strike"],"picked":"Barricade","floor":31.0},{"not_picked":["Feed","Berserk"],"picked":"Offering","floor":33.0},{"not_picked":["Twin Strike","Pommel Strike+1","Shrug It Off"],"picked":"SKIP","floor":35.0},{"not_picked":["Second Wind+1","Havoc","Shrug It Off"],"picked":"SKIP","floor":38.0},{"not_picked":["Anger+1","Corruption+1","Cleave+1"],"picked":"SKIP","floor":39.0},{"not_picked":["Disarm+1","Entrench","Anger+1"],"picked":"SKIP","floor":40.0},{"not_picked":["Pummel+1","Havoc"],"picked":"Rage+1","floor":42.0},{"not_picked":["Sword Boomerang+1","Hemokinesis+1","True Grit"],"picked":"SKIP","floor":46.0},{"not_picked":["Second Wind","Wild Strike+1"],"picked":"Demon Form","floor":47},{"not_picked":["Body Slam+1","Sword Boomerang"],"picked":"Entrench+1","floor":48}],"player_experience":528385,"relics_obtained":[{"floor":6.0,"key":"Bronze Scales"},{"floor":8.0,"key":"Bird Faced Urn"},{"floor":9.0,"key":"Anchor"},{"floor":14.0,"key":"WingedGreaves"},{"floor":20.0,"key":"Red Mask"},{"floor":21.0,"key":"Dream Catcher"},{"floor":23.0,"key":"Red Skull"},{"floor":26.0,"key":"Bottled Lightning"},{"floor":27.0,"key":"Gremlin Horn"},{"floor":31.0,"key":"Sundial"},{"floor":40.0,"key":"The Courier"},{"floor":42.0,"key":"Potion Belt"},{"floor":43.0,"key":"Mummified Hand"},{"floor":47,"key":"Dodecahedron"}],"event_choices":[{"damage_healed":0.0,"max_hp_gain":0.0,"max_hp_loss":0.0,"gold_gain":75.0,"event_name":"World of Goop","player_choice":"Gather Gold","floor":2.0,"gold_loss":0.0,"damage_taken":11.0},{"damage_healed":0.0,"max_hp_gain":0.0,"max_hp_loss":0.0,"gold_gain":0.0,"event_name":"Living Wall","player_choice":"Grow","floor":5.0,"gold_loss":0.0,"damage_taken":0.0,"cards_upgraded":["Juggernaut"]},{"damage_healed":0.0,"max_hp_gain":0.0,"max_hp_loss":0.0,"gold_gain":0.0,"event_name":"Masked Bandits","player_choice":"Fought Bandits","floor":20.0,"gold_loss":0.0,"damage_taken":0.0},{"damage_healed":0.0,"max_hp_gain":0.0,"max_hp_loss":0.0,"gold_gain":0.0,"event_name":"Back to Basics","player_choice":"Simplicity","floor":20.0,"gold_loss":0.0,"damage_taken":0.0,"cards_upgraded":["Strike_R","Strike_R","Strike_R","Strike_R","Strike_R","Defend_R","Defend_R","Defend_R","Defend_R"]},{"damage_healed":0.0,"max_hp_gain":0.0,"max_hp_loss":0.0,"gold_gain":0.0,"event_name":"The Mausoleum","player_choice":"Ignored","floor":30.0,"gold_loss":0.0,"damage_taken":0.0},{"damage_healed":0.0,"max_hp_gain":0.0,"max_hp_loss":0.0,"gold_gain":0.0,"event_name":"Wheel of Change","player_choice":"Cursed","floor":36.0,"gold_loss":0.0,"damage_taken":0.0,"cards_obtained":["Decay"]}],"is_beta":false,"boss_relics":[{"not_picked":["Runic Pyramid","Busted Crown"],"picked":"Snecko Eye"},{"not_picked":["Philosopher\u0027s Stone","Astrolabe"],"picked":"Eternal Feather"}],"items_purged_floors":[37],"is_endless":false,"potions_floor_spawned":[8,11,13,14,16,20,23,27,35,40,42,48],"ascension_level":9}