{"gold_per_floor":[111,126,146,165,165,165,205,205,205,219,219],"floor_reached":11,"playtime":482,"items_purged":[],"score":150,"play_id":"69af451f-ba69-4617-9402-2a0db9fd6dfc","local_time":"20190520171135","is_ascension_mode":true,"campfire_choices":[{"data":"Defragment","floor":6,"key":"SMITH"},{"data":"Zap","floor":8,"key":"SMITH"}],"neow_cost":"NONE","seed_source_timestamp":2005226499750562,"circlet_count":0,"master_deck":["AscendersBane","Strike_B","Strike_B","Strike_B","Strike_B","Defend_B","Defend_B","Defend_B","Defend_B","Zap+1","Dualcast","Defragment+1","Cold Snap","Steam","Coolheaded","Loop"],"relics":["Cracked Core","Strawberry","Golden Idol","Shuriken","Pear"],"potions_floor_usage":[4,11],"damage_taken":[{"damage":1,"enemies":"Cultist","floor":1,"turns":4},{"damage":2,"enemies":"2 Louse","floor":2,"turns":3},{"damage":9,"enemies":"Jaw Worm","floor":3,"turns":4},{"damage":1,"enemies":"Large Slime","floor":4,"turns":5},{"damage":18,"enemies":"3 Sentries","floor":7,"turns":10},{"damage":14,"enemies":"3 Louse","floor":10,"turns":5},{"damage":36,"enemies":"Gremlin Nob","floor":11,"turns":4}],"seed_played":"5268773434041733717","potions_obtained":[{"floor":2,"key":"Fire Potion"},{"floor":3,"key":"GamblersBrew"},{"floor":7,"key":"LiquidBronze"}],"is_trial":false,"path_per_floor":["M","M","M","M","?","R","E","R","T","M","E"],"character_chosen":"DEFECT","items_purchased":[],"campfire_rested":0,"item_purchase_floors":[],"current_hp_per_floor":[70,68,59,58,58,58,40,40,50,36,0],"gold":219,"neow_bonus":"RANDOM_COMMON_RELIC","is_prod":false,"is_daily":false,"chose_seed":false,"campfire_upgraded":2,"win_rate":0,"timestamp":1558386695,"path_taken":["M","M","?","M","?","R","E","R","T","M","E"],"build_version":"2019-01-23","purchased_purges":0,"victory":false,"max_hp_per_floor":[78,78,78,78,71,71,71,71,81,81,81],"card_choices":[{"not_picked":["Barrage","Sweeping Beam"],"picked":"Defragment","floor":1},{"not_picked":["Leap","Hologram"],"picked":"Cold Snap","floor":2},{"not_picked":["Darkness","Genetic Algorithm"],"picked":"Steam","floor":3},{"not_picked":["Beam Cell","Steam Power"],"picked":"Coolheaded","floor":4},{"not_picked":["Skim","All For One","Steam"],"picked":"SKIP","floor":7},{"not_picked":["Hologram","Sweeping Beam"],"picked":"Loop","floor":10}],"player_experience":698271,"relics_obtained":[{"floor":7,"key":"Shuriken"},{"floor":9,"key":"Pear"}],"event_choices":[{"damage_healed":0,"gold_gain":0,"player_choice":"Lose Max HP","damage_taken":0,"relics_obtained":["Golden Idol"],"max_hp_gain":0,"max_hp_loss":7,"event_name":"Golden Idol","floor":5,"gold_loss":0}],"is_beta":false,"boss_relics":[],"items_purged_floors":[],"is_endless":false,"potions_floor_spawned":[2,3,7],"killed_by":"Gremlin Nob","ascension_level":20}