{"gold_per_floor":[117,117,129,147,5,5,40,40,40,64,77,92,103,119,119,221,221,241,67,67,13,31,31,43,43,43,57,73,73,88,88,88,189,189,207,227,227,227,575,575,575,595,620,634,634,649,649],"floor_reached":47,"playtime":5202,"items_purged":["Doubt"],"score":506,"play_id":"49c476b0-823b-406f-a56a-3c900916b4fa","local_time":"20190701141749","is_ascension_mode":false,"campfire_choices":[{"data":"Body Slam","floor":6.0,"key":"SMITH"},{"floor":15.0,"key":"REST"},{"data":"Rage","floor":23.0,"key":"SMITH"},{"floor":25.0,"key":"REST"},{"data":"True Grit","floor":29.0,"key":"SMITH"},{"floor":32.0,"key":"REST"},{"floor":40.0,"key":"REST"},{"floor":45.0,"key":"REST"}],"neow_cost":"NONE","seed_source_timestamp":0,"circlet_count":0,"master_deck":["Strike_R","Strike_R","Defend_R","Defend_R","Defend_R+1","Defend_R","Searing Blow","Flame Barrier","Body Slam+1","Flash of Steel","True Grit+1","Body Slam","Rage+1","Pommel Strike+1","Body Slam+1","Iron Wave+1","Double Tap+1","Clumsy","Parasite","Warcry+1","Warcry+1","Twin Strike+1","Shrug It Off+1","Armaments+1","Iron Wave+1","Pommel Strike+1","Reaper+1","Headbutt+1","Necronomicurse","Fiend Fire+1","Searing Blow+1","Entrench+1","Hemokinesis+1","Shrug It Off+1","Twin Strike+1","Panacea+1","Burning Pact+1","Carnage+1","Parasite","Burning Pact+1"],"special_seed":0,"relics":["Velvet Choker","Gambling Chip","Molten Egg 2","Bag of Preparation","Calling Bell","War Paint","Toxic Egg 2","Nunchaku","Letter Opener","Necronomicon","Astrolabe","Old Coin","Regal Pillow"],"potions_floor_usage":[47],"damage_taken":[{"damage":0.0,"enemies":"Small Slimes","floor":1.0,"turns":3.0},{"damage":11.0,"enemies":"Jaw Worm","floor":3.0,"turns":2.0},{"damage":0.0,"enemies":"Cultist","floor":4.0,"turns":3.0},{"damage":20.0,"enemies":"Gremlin Nob","floor":7.0,"turns":5.0},{"damage":0.0,"enemies":"Lots of Slimes","floor":11.0,"turns":3.0},{"damage":0.0,"enemies":"Large Slime","floor":12.0,"turns":6.0},{"damage":0.0,"enemies":"Exordium Thugs","floor":13.0,"turns":2.0},{"damage":0.0,"enemies":"3 Louse","floor":14.0,"turns":2.0},{"damage":0.0,"enemies":"Slime Boss","floor":16.0,"turns":7.0},{"damage":5.0,"enemies":"Spheric Guardian","floor":18.0,"turns":3.0},{"damage":0.0,"enemies":"Chosen","floor":22.0,"turns":2.0},{"damage":35.0,"enemies":"Snake Plant","floor":24.0,"turns":6.0},{"damage":5.0,"enemies":"Centurion and Healer","floor":27.0,"turns":6.0},{"damage":9.0,"enemies":"Chosen and Byrds","floor":28.0,"turns":5.0},{"damage":3.0,"enemies":"Snecko","floor":30.0,"turns":4.0},{"damage":59.0,"enemies":"Automaton","floor":33.0,"turns":10.0},{"damage":0.0,"enemies":"Orb Walker","floor":35.0,"turns":3.0},{"damage":14.0,"enemies":"3 Shapes","floor":36.0,"turns":3.0},{"damage":75.0,"enemies":"2 Orb Walkers","floor":39.0,"turns":7.0},{"damage":34.0,"enemies":"Maw","floor":42.0,"turns":7.0},{"damage":15.0,"enemies":"Spire Growth","floor":44.0,"turns":5.0},{"damage":19.0,"enemies":"Writhing Mass","floor":46.0,"turns":8.0},{"damage":26,"enemies":"Giant Head","floor":47,"turns":5}],"seed_played":"3544640421610415518","potions_obtained":[{"floor":1.0,"key":"PowerPotion"},{"floor":3.0,"key":"SkillPotion"},{"floor":4.0,"key":"PowerPotion"},{"floor":14.0,"key":"SpeedPotion"},{"floor":18.0,"key":"SpeedPotion"},{"floor":22.0,"key":"PowerPotion"},{"floor":27.0,"key":"PowerPotion"},{"floor":30.0,"key":"Explosive Potion"},{"floor":39.0,"key":"AttackPotion"},{"floor":41.0,"key":"BloodPotion"},{"floor":41.0,"key":"PowerPotion"},{"floor":42.0,"key":"BloodPotion"},{"floor":46.0,"key":"FearPotion"}],"is_trial":false,"path_per_floor":["M","?","M","M","$","R","E","?","T","T","M","M","M","M","R","B",null,"M","$","?","$","M","R","M","R","T","M","M","R","M","?","R","B",null,"M","M","?","?","?","R","?","M","T","M","R","M","E"],"character_chosen":"IRONCLAD","items_purchased":["Flash of Steel","True Grit","Warcry+1","Twin Strike+1","Shrug It Off+1"],"campfire_rested":5,"item_purchase_floors":[5,5,19,19,21],"current_hp_per_floor":[80,80,69,69,69,69,49,42,42,42,42,42,42,42,66,66,80,75,75,75,75,75,75,40,64,64,59,50,50,47,31,55,6,80,80,66,66,66,8,30,30,13,13,5,42,23,0],"gold":649,"neow_bonus":"BOSS_RELIC","is_prod":false,"is_daily":false,"chose_seed":false,"campfire_upgraded":3,"win_rate":0.0,"timestamp":1561958269,"path_taken":["M","?","M","M","$","R","E","?","T","?","M","M","?","M","R","BOSS","M","?","?","$","M","R","M","R","T","?","M","R","M","?","R","BOSS","M","M","?","?","?","R","?","M","T","M","R","?","E"],"build_version":"2019-01-23","purchased_purges":1,"victory":false,"max_hp_per_floor":[80,80,80,80,80,80,80,80,80,80,80,80,80,80,80,80,80,80,80,80,80,80,80,80,80,80,80,80,80,80,80,80,80,80,80,80,76,76,76,76,76,76,76,76,76,76,76],"card_choices":[{"not_picked":["Cleave","Uppercut"],"picked":"Searing Blow","floor":1.0},{"not_picked":["Hemokinesis","Sword Boomerang"],"picked":"Flame Barrier","floor":3.0},{"not_picked":["Pommel Strike","Cleave"],"picked":"Body Slam","floor":4.0},{"not_picked":["Feel No Pain","Dropkick"],"picked":"Body Slam","floor":7.0},{"not_picked":["Blood for Blood+1","Uppercut+1"],"picked":"Rage","floor":11.0},{"not_picked":["Disarm","Shockwave"],"picked":"Pommel Strike+1","floor":12.0},{"not_picked":["Flame Barrier","Perfected Strike+1"],"picked":"Body Slam+1","floor":13.0},{"not_picked":["Body Slam+1","Clothesline+1"],"picked":"Iron Wave+1","floor":14.0},{"not_picked":["Demon Form","Reaper+1"],"picked":"Double Tap","floor":16.0},{"not_picked":["Carnage+1","Seeing Red+1"],"picked":"Warcry+1","floor":18.0},{"not_picked":["Warcry+1","Cleave+1"],"picked":"Armaments+1","floor":22.0},{"not_picked":["Twin Strike+1","Body Slam+1"],"picked":"Iron Wave+1","floor":24.0},{"not_picked":["Rampage+1","Blood for Blood+1"],"picked":"Pommel Strike+1","floor":27.0},{"not_picked":["Clash+1","Sword Boomerang+1"],"picked":"Reaper+1","floor":28.0},{"not_picked":["Sword Boomerang+1","Rage+1"],"picked":"Headbutt+1","floor":30.0},{"not_picked":["Brutality","Offering+1"],"picked":"Fiend Fire+1","floor":33.0},{"not_picked":["Body Slam+1","Twin Strike+1"],"picked":"Shrug It Off+1","floor":35.0},{"not_picked":["Thunderclap+1","Cleave+1"],"picked":"Twin Strike+1","floor":36.0},{"not_picked":["Enlightenment+1","Blind+1"],"picked":"Panacea+1","floor":38.0},{"not_picked":["Twin Strike+1","True Grit+1"],"picked":"Burning Pact+1","floor":39.0},{"not_picked":["Anger+1","Thunderclap+1"],"picked":"Carnage+1","floor":42.0},{"not_picked":["Hemokinesis+1","Warcry+1","Anger+1"],"picked":"SKIP","floor":44.0},{"not_picked":["Disarm+1","Clothesline+1"],"picked":"Burning Pact+1","floor":46.0}],"player_experience":6359,"relics_obtained":[{"floor":7.0,"key":"Gambling Chip"},{"floor":9.0,"key":"Molten Egg 2"},{"floor":10.0,"key":"Bag of Preparation"},{"floor":17.0,"key":"War Paint"},{"floor":17.0,"key":"Toxic Egg 2"},{"floor":17.0,"key":"Nunchaku"},{"floor":26.0,"key":"Letter Opener"},{"floor":31.0,"key":"Necronomicon"},{"floor":39.0,"key":"Old Coin"},{"floor":43.0,"key":"Regal Pillow"}],"event_choices":[{"damage_healed":0.0,"max_hp_gain":0.0,"max_hp_loss":0.0,"gold_gain":0.0,"event_name":"Liars Game","player_choice":"Ignored","floor":2.0,"gold_loss":0.0,"damage_taken":0.0},{"cards_removed":["Bash"],"damage_healed":0.0,"max_hp_gain":0.0,"max_hp_loss":0.0,"gold_gain":0.0,"event_name":"Golden Wing","player_choice":"Card Removal","floor":8.0,"gold_loss":0.0,"damage_taken":7.0},{"damage_healed":0.0,"max_hp_gain":0.0,"max_hp_loss":0.0,"gold_gain":0.0,"event_name":"Beggar","player_choice":"Ignored","floor":20.0,"gold_loss":0.0,"damage_taken":0.0},{"damage_healed":0.0,"max_hp_gain":0.0,"max_hp_loss":0.0,"gold_gain":0.0,"event_name":"Cursed Tome","player_choice":"Obtained Book","floor":31.0,"gold_loss":0.0,"damage_taken":16.0},{"damage_healed":0.0,"max_hp_gain":0.0,"max_hp_loss":4.0,"gold_gain":0.0,"event_name":"Winding Halls","player_choice":"Max HP","floor":37.0,"gold_loss":0.0,"damage_taken":0.0},{"damage_healed":0.0,"max_hp_gain":0.0,"max_hp_loss":0.0,"gold_gain":0.0,"event_name":"SensoryStone","player_choice":"Memory 1","floor":38.0,"gold_loss":0.0,"damage_taken":0.0},{"damage_healed":0.0,"max_hp_gain":0.0,"max_hp_loss":0.0,"gold_gain":0.0,"event_name":"Mysterious Sphere","player_choice":"Fight","floor":39.0,"gold_loss":0.0,"damage_taken":0.0},{"damage_healed":0.0,"max_hp_gain":0.0,"max_hp_loss":0.0,"gold_gain":0.0,"event_name":"Lab","player_choice":"Got Potions","floor":41.0,"gold_loss":0.0,"damage_taken":0.0}],"is_beta":false,"boss_relics":[{"not_picked":["White Beast Statue","Ectoplasm"],"picked":"Calling Bell"},{"not_picked":["Runic Cube","Busted Crown"],"picked":"Astrolabe"}],"items_purged_floors":[19],"is_endless":false,"potions_floor_spawned":[1,3,4,14,18,22,27,30,39,42,46],"killed_by":"Giant Head","ascension_level":0}