{"gold_per_floor":[116,116,128,128,143,143,156,156,182,201,215,215,390,404,404,504,554,567,667,229,144,157,157,176,82,155,155,155],"floor_reached":28,"playtime":792,"items_purged":["Strike_R"],"score":313,"play_id":"79cc25ba-8f73-4484-a756-b26269f3bca4","local_time":"20190209120546","is_ascension_mode":true,"campfire_choices":[{"data":"Berserk","floor":6,"key":"SMITH"},{"floor":8,"key":"REST"},{"floor":12,"key":"REST"},{"floor":15,"key":"REST"},{"floor":23,"key":"REST"},{"floor":27,"key":"REST"}],"neow_cost":"NONE","seed_source_timestamp":1013237397445492,"circlet_count":0,"master_deck":["Strike_R","Strike_R","Strike_R","Defend_R+1","Defend_R","Defend_R","Defend_R","Bash","Berserk+1","Battle Trance","Thunderclap","Entrench","Feed","Evolve","Shrug It Off","Impervious","Iron Wave","Immolate","Spot Weakness","Bandage Up"],"relics":["Burning Blood","Omamori","Tiny House","Lee\u0027s Waffle","Red Skull","Paper Frog"],"potions_floor_usage":[16,16,16],"damage_taken":[{"damage":2,"enemies":"Jaw Worm","floor":1,"turns":3},{"damage":0,"enemies":"Small Slimes","floor":3,"turns":3},{"damage":10,"enemies":"Cultist","floor":5,"turns":4},{"damage":24,"enemies":"3 Louse","floor":7,"turns":4},{"damage":21,"enemies":"Large Slime","floor":10,"turns":5},{"damage":27,"enemies":"Blue Slaver","floor":11,"turns":6},{"damage":18,"enemies":"3 Louse","floor":14,"turns":3},{"damage":29,"enemies":"Slime Boss","floor":16,"turns":7},{"damage":94,"enemies":"Shell Parasite","floor":18,"turns":12},{"damage":54,"enemies":"3 Byrds","floor":22,"turns":6},{"damage":64,"enemies":"Centurion and Healer","floor":24,"turns":9},{"damage":87,"enemies":"Book of Stabbing","floor":28,"turns":5}],"seed_played":"-5387623624350707568","potions_obtained":[{"floor":1,"key":"Weak Potion"},{"floor":5,"key":"PowerPotion"},{"floor":7,"key":"Explosive Potion"},{"floor":17,"key":"FearPotion"},{"floor":24,"key":"Energy Potion"}],"is_trial":false,"path_per_floor":["M","?","M","?","M","R","M","R","T","M","M","R","?","M","R","B",null,"M","?","$","?","M","R","M","$","T","R","E"],"character_chosen":"IRONCLAD","items_purchased":["Lee\u0027s Waffle","Immolate","Bandage Up"],"campfire_rested":5,"item_purchase_floors":[20,20,25],"current_hp_per_floor":[80,85,85,85,81,81,66,88,88,76,58,86,86,77,97,77,99,14,14,115,115,67,101,46,46,46,81,0],"gold":155,"neow_bonus":"ONE_RANDOM_RARE_CARD","is_prod":false,"is_daily":false,"chose_seed":false,"campfire_upgraded":1,"win_rate":0,"timestamp":1549742746,"path_taken":["M","?","M","?","?","R","M","R","T","M","M","R","?","M","R","BOSS","M","?","?","?","M","R","M","$","T","R","E"],"build_version":"2019-01-23","purchased_purges":1,"victory":false,"max_hp_per_floor":[80,85,85,85,85,85,88,88,88,91,94,94,94,97,97,100,105,108,108,115,115,115,115,118,118,118,118,118],"card_choices":[{"not_picked":["Flame Barrier","Entrench"],"picked":"Battle Trance","floor":1},{"not_picked":["Anger","Cleave"],"picked":"Thunderclap","floor":3},{"not_picked":["Flex","Blood for Blood"],"picked":"Feed","floor":5},{"not_picked":["Second Wind","Havoc","Headbutt"],"picked":"SKIP","floor":7},{"not_picked":["Clothesline","Carnage"],"picked":"Evolve","floor":10},{"not_picked":["Dual Wield","Wild Strike","Hemokinesis"],"picked":"SKIP","floor":11},{"not_picked":["Wild Strike","Metallicize"],"picked":"Shrug It Off","floor":14},{"not_picked":["Fiend Fire","Brutality"],"picked":"Impervious","floor":16},{"not_picked":["Blood for Blood","True Grit"],"picked":"Iron Wave","floor":17},{"not_picked":["Ghostly Armor","Iron Wave","Rage"],"picked":"SKIP","floor":18},{"not_picked":["Thunderclap","Rupture+1","True Grit"],"picked":"SKIP","floor":22},{"not_picked":["Twin Strike","Evolve"],"picked":"Spot Weakness","floor":24}],"player_experience":200345,"relics_obtained":[{"floor":9,"key":"Omamori"},{"floor":26,"key":"Paper Frog"}],"event_choices":[{"damage_healed":0,"gold_gain":0,"player_choice":"Donut","damage_taken":0,"max_hp_gain":5,"max_hp_loss":0,"event_name":"Big Fish","floor":2,"gold_loss":0},{"damage_healed":0,"gold_gain":0,"cards_transformed":["Strike_R"],"player_choice":"Change","damage_taken":0,"max_hp_gain":0,"max_hp_loss":0,"event_name":"Living Wall","floor":4,"gold_loss":0,"cards_obtained":["Entrench"]},{"damage_healed":0,"gold_gain":175,"player_choice":"AGREE","damage_taken":0,"max_hp_gain":0,"max_hp_loss":0,"event_name":"Liars Game","floor":13,"gold_loss":0,"cards_obtained":["Doubt"]},{"damage_healed":0,"gold_gain":100,"player_choice":"Pray","damage_taken":0,"max_hp_gain":0,"max_hp_loss":0,"event_name":"Golden Shrine","floor":19,"gold_loss":0},{"damage_healed":0,"gold_gain":0,"player_choice":"Obtained Relic","damage_taken":0,"relics_obtained":["Red Skull"],"max_hp_gain":0,"max_hp_loss":0,"event_name":"Addict","floor":21,"gold_loss":85}],"is_beta":false,"boss_relics":[{"not_picked":["Eternal Feather","Fusion Hammer"],"picked":"Tiny House"}],"items_purged_floors":[20],"is_endless":false,"potions_floor_spawned":[1,5,7,14,24],"killed_by":"Book of Stabbing","ascension_level":5}