{"gold_per_floor":[112,187,187,187,197,231,231,244,268,193,226,239,303,321,321,395,395,295],"floor_reached":18,"playtime":366,"items_purged":[],"score":390,"play_id":"ac94a025-f14e-4e34-b28b-270a96007e1c","local_time":"20190611203432","is_ascension_mode":true,"campfire_choices":[{"data":"Beam Cell","floor":7.0,"key":"SMITH"},{"floor":15.0,"key":"REST"}],"neow_cost":"NONE","seed_source_timestamp":181419941725300,"circlet_count":0,"master_deck":["AscendersBane","Strike_B","Strike_B","Strike_B","Defend_B","Defend_B","Defend_B","Defend_B","Zap+1","Dualcast+1","Sweeping Beam","Beam Cell+1","Capacitor","Leap","Redo","Undo","Ball Lightning","Static Discharge","Multi-Cast","Decay","Normality","Injury"],"special_seed":0,"relics":["Cracked Core","NeowsBlessing","PreservedInsect","Ancient Tea Set","Symbiotic Virus","Ornamental Fan","Calling Bell","Oddly Smooth Stone","Gremlin Horn","Turnip"],"potions_floor_usage":[],"damage_taken":[{"damage":0.0,"enemies":"Small Slimes","floor":1.0,"turns":1.0},{"damage":0.0,"enemies":"Cultist","floor":5.0,"turns":1.0},{"damage":0.0,"enemies":"Lagavulin","floor":6.0,"turns":1.0},{"damage":5.0,"enemies":"2 Louse","floor":8.0,"turns":3.0},{"damage":2.0,"enemies":"Gremlin Nob","floor":11.0,"turns":3.0},{"damage":3.0,"enemies":"Looter","floor":12.0,"turns":3.0},{"damage":0.0,"enemies":"Gremlin Nob","floor":13.0,"turns":3.0},{"damage":10.0,"enemies":"Exordium Wildlife","floor":14.0,"turns":3.0},{"damage":48.0,"enemies":"Slime Boss","floor":16.0,"turns":9.0}],"seed_played":"-2176108589009716510","potions_obtained":[{"floor":6.0,"key":"Strength Potion"},{"floor":8.0,"key":"Dexterity Potion"}],"is_trial":false,"path_per_floor":["M","?","?","?","M","E","R","M","T","?","E","M","?","M","R","B",null,"M"],"character_chosen":"DEFECT","items_purchased":[],"campfire_rested":1,"item_purchase_floors":[],"current_hp_per_floor":[64,53,53,53,53,53,53,48,48,48,46,43,43,33,54,6,55,9],"gold":295,"neow_bonus":"THREE_ENEMY_KILL","is_prod":false,"is_daily":false,"chose_seed":false,"campfire_upgraded":1,"win_rate":0,"timestamp":1560281672,"path_taken":["M","?","?","?","?","E","R","M","T","?","E","M","?","M","R","BOSS","M"],"build_version":"2019-01-23","purchased_purges":0,"victory":false,"max_hp_per_floor":[71,71,71,71,71,71,71,71,71,71,71,71,71,71,71,71,71,71],"card_choices":[{"not_picked":["Stack","FTL"],"picked":"Sweeping Beam","floor":1.0},{"not_picked":["Steam","Turbo"],"picked":"Beam Cell","floor":5.0},{"not_picked":["Go for the Eyes","Reboot"],"picked":"Capacitor","floor":6.0},{"not_picked":["Barrage","Double Energy"],"picked":"Leap","floor":8.0},{"not_picked":["Hologram","Sweeping Beam"],"picked":"Redo","floor":11.0},{"not_picked":["Creative AI","Skim"],"picked":"Undo","floor":12.0},{"not_picked":["Compile Driver","Static Discharge"],"picked":"Ball Lightning","floor":13.0},{"not_picked":["Coolheaded","Conserve Battery"],"picked":"Static Discharge","floor":14.0},{"not_picked":["Biased Cognition","Reboot"],"picked":"Multi-Cast","floor":16.0}],"player_experience":1449363,"relics_obtained":[{"floor":6.0,"key":"PreservedInsect"},{"floor":9.0,"key":"Ancient Tea Set"},{"floor":11.0,"key":"Symbiotic Virus"},{"floor":13.0,"key":"Ornamental Fan"},{"floor":17,"key":"Oddly Smooth Stone"},{"floor":17,"key":"Gremlin Horn"},{"floor":17,"key":"Turnip"}],"event_choices":[{"damage_healed":0.0,"max_hp_gain":0.0,"max_hp_loss":0.0,"gold_gain":75.0,"event_name":"World of Goop","player_choice":"Gather Gold","floor":2.0,"gold_loss":0.0,"damage_taken":11.0},{"damage_healed":0.0,"max_hp_gain":0.0,"max_hp_loss":0.0,"gold_gain":0.0,"event_name":"Living Wall","player_choice":"Grow","floor":3.0,"gold_loss":0.0,"damage_taken":0.0,"cards_upgraded":["Zap"]},{"damage_healed":0.0,"max_hp_gain":0.0,"max_hp_loss":0.0,"gold_gain":0.0,"event_name":"Upgrade Shrine","player_choice":"Upgraded","floor":4.0,"gold_loss":0.0,"damage_taken":0.0,"cards_upgraded":["Dualcast"]},{"cards_removed":["Strike_B"],"damage_healed":0.0,"max_hp_gain":0.0,"max_hp_loss":0.0,"gold_gain":0.0,"event_name":"The Cleric","player_choice":"Card Removal","floor":10.0,"gold_loss":75.0,"damage_taken":0.0},{"damage_healed":0.0,"max_hp_gain":0.0,"max_hp_loss":0.0,"gold_gain":0.0,"event_name":"Dead Adventurer","player_choice":"Searched \u00272\u0027 times","floor":13.0,"gold_loss":0.0,"damage_taken":0.0}],"is_beta":false,"boss_relics":[{"not_picked":["Orrery","Ectoplasm"],"picked":"Calling Bell"}],"items_purged_floors":[],"is_endless":false,"potions_floor_spawned":[6,8,11,13],"killed_by":"2 Thieves","ascension_level":20}