{"gold_per_floor":[119,119,119,5,16,16,42,52,52,127,11,11,11,36,36,107,107,125,125,125,136,156,156,167,167,167,167,193,193,224,149,149,228,228,247,266,72,85,85,113,113],"floor_reached":41,"playtime":1828,"items_purged":["Strike_G"],"score":980,"play_id":"2a99e45d-fa9c-4d51-bf1d-aa389dbf7f30","local_time":"20190404214332","is_ascension_mode":true,"campfire_choices":[{"data":"Neutralize","floor":6.0,"key":"SMITH"},{"data":"Dodge and Roll","floor":13.0,"key":"SMITH"},{"data":"Cloak And Dagger","floor":15.0,"key":"SMITH"},{"floor":23.0,"key":"REST"},{"data":"A Thousand Cuts","floor":25.0,"key":"SMITH"},{"data":"Infinite Blades","floor":27.0,"key":"SMITH"},{"floor":29.0,"key":"REST"},{"data":"Infinite Blades","floor":32.0,"key":"SMITH"}],"neow_cost":"NONE","seed_source_timestamp":0,"circlet_count":0,"master_deck":["AscendersBane","Defend_G","Defend_G","Survivor","Neutralize+1","Crippling Poison","Infinite Blades+1","Cloak And Dagger+1","Blade Dance","Dodge and Roll+1","Poisoned Stab","Footwork+1","Quick Slash","A Thousand Cuts+1","Bouncing Flask+1","Blade Dance+1","Deadly Poison+1","Flying Knee","Infinite Blades+1","Backstab","Blur+1","Backflip","Malaise","Flying Knee","Phantasmal Killer","Noxious Fumes","PiercingWail+1","Apotheosis","Caltrops"],"special_seed":0,"relics":["Ring of the Snake","NeowsBlessing","Regal Pillow","Ornamental Fan","Kunai","Astrolabe","Nunchaku","Ninja Scroll","Dream Catcher","WristBlade","Blue Candle"],"potions_floor_usage":[],"damage_taken":[{"damage":0.0,"enemies":"Jaw Worm","floor":1.0,"turns":1.0},{"damage":0.0,"enemies":"Cultist","floor":5.0,"turns":1.0},{"damage":0.0,"enemies":"3 Sentries","floor":7.0,"turns":2.0},{"damage":0.0,"enemies":"Small Slimes","floor":8.0,"turns":4.0},{"damage":16.0,"enemies":"Gremlin Nob","floor":14.0,"turns":6.0},{"damage":2.0,"enemies":"The Guardian","floor":16.0,"turns":15.0},{"damage":6.0,"enemies":"Shell Parasite","floor":18.0,"turns":5.0},{"damage":11.0,"enemies":"Spheric Guardian","floor":21.0,"turns":6.0},{"damage":0.0,"enemies":"Centurion and Healer","floor":22.0,"turns":10.0},{"damage":11.0,"enemies":"Shelled Parasite and Fungi","floor":24.0,"turns":9.0},{"damage":36.0,"enemies":"Slavers","floor":28.0,"turns":8.0},{"damage":6.0,"enemies":"Book of Stabbing","floor":30.0,"turns":7.0},{"damage":5.0,"enemies":"Champ","floor":33.0,"turns":12.0},{"damage":1.0,"enemies":"3 Shapes","floor":35.0,"turns":5.0},{"damage":6.0,"enemies":"Orb Walker","floor":36.0,"turns":3.0},{"damage":12.0,"enemies":"Transient","floor":38.0,"turns":6.0},{"damage":32.0,"enemies":"Giant Head","floor":40.0,"turns":9.0},{"damage":14,"enemies":"3 Darklings","floor":41,"turns":4}],"seed_played":"4889309447744797813","potions_obtained":[{"floor":7.0,"key":"SpeedPotion"},{"floor":16.0,"key":"Energy Potion"},{"floor":22.0,"key":"Ancient Potion"},{"floor":30.0,"key":"Poison Potion"}],"is_trial":false,"path_per_floor":["M","?","?","$","M","R","E","M","T","?","$","?","R","E","R","B",null,"M","?","?","M","M","R","M","R","T","R","E","R","E","?","R","B",null,"M","M","$","M","?","E","M"],"character_chosen":"THE_SILENT","items_purchased":["Infinite Blades","Cloak And Dagger","Footwork","Apotheosis"],"campfire_rested":2,"item_purchase_floors":[4,4,11,37],"current_hp_per_floor":[59,52,52,52,52,52,52,52,52,41,41,41,41,25,25,23,55,49,49,49,38,38,66,55,55,55,55,19,53,47,47,47,42,60,59,53,53,41,41,9,0],"gold":113,"neow_bonus":"THREE_ENEMY_KILL","is_prod":false,"is_daily":false,"chose_seed":false,"campfire_upgraded":6,"win_rate":0,"timestamp":1554428612,"path_taken":["M","?","?","$","?","R","E","M","T","?","$","?","R","E","R","BOSS","M","?","?","M","?","R","M","R","T","R","E","R","E","?","R","BOSS","M","M","$","M","?","E","M"],"build_version":"2019-01-23","purchased_purges":1,"victory":false,"max_hp_per_floor":[66,66,66,66,66,66,66,66,66,66,66,66,66,66,66,66,66,66,66,66,66,66,66,66,66,66,66,66,66,66,66,66,66,66,66,66,66,66,66,66,66],"card_choices":[{"not_picked":["Deadly Poison","Dagger Throw"],"picked":"Crippling Poison","floor":1.0},{"not_picked":["Dagger Throw","Riddle With Holes"],"picked":"Blade Dance","floor":5.0},{"not_picked":["Blade Dance","Prepared"],"picked":"Dodge and Roll","floor":7.0},{"not_picked":["Tactician","Storm of Steel"],"picked":"Poisoned Stab","floor":8.0},{"not_picked":["Skewer","Underhanded Strike"],"picked":"Quick Slash","floor":14.0},{"not_picked":["Glass Knife","Malaise"],"picked":"A Thousand Cuts","floor":16.0},{"not_picked":["Dagger Throw","Well Laid Plans"],"picked":"Flying Knee","floor":18.0},{"not_picked":["Backflip","Slice"],"picked":"Backstab","floor":21.0},{"not_picked":["Deadly Poison","Bane"],"picked":"Blur+1","floor":22.0},{"not_picked":["Flechettes","Slice"],"picked":"Backflip","floor":24.0},{"not_picked":["PiercingWail","Bane"],"picked":"Malaise","floor":28.0},{"not_picked":["Distraction","Grand Finale"],"picked":"Flying Knee","floor":30.0},{"not_picked":["Grand Finale","Night Terror"],"picked":"Phantasmal Killer","floor":33.0},{"not_picked":["Quick Slash","Riddle With Holes"],"picked":"Noxious Fumes","floor":35.0},{"not_picked":["Slice","Prepared"],"picked":"PiercingWail+1","floor":36.0},{"not_picked":["Bane","Terror","All Out Attack"],"picked":"SKIP","floor":38.0},{"not_picked":["Dagger Spray","Acrobatics+1"],"picked":"Caltrops","floor":40.0}],"player_experience":609844,"relics_obtained":[{"floor":7.0,"key":"Regal Pillow"},{"floor":9.0,"key":"Ornamental Fan"},{"floor":14.0,"key":"Kunai"},{"floor":26.0,"key":"Nunchaku"},{"floor":28.0,"key":"Ninja Scroll"},{"floor":30.0,"key":"Dream Catcher"},{"floor":40.0,"key":"Blue Candle"}],"event_choices":[{"cards_removed":["Strike_G"],"damage_healed":0.0,"max_hp_gain":0.0,"max_hp_loss":0.0,"gold_gain":0.0,"event_name":"Golden Wing","player_choice":"Card Removal","floor":2.0,"gold_loss":0.0,"damage_taken":7.0},{"cards_removed":["Strike_G"],"damage_healed":0.0,"max_hp_gain":0.0,"max_hp_loss":0.0,"gold_gain":0.0,"event_name":"Purifier","player_choice":"Purged","floor":3.0,"gold_loss":0.0,"damage_taken":0.0},{"damage_healed":0.0,"max_hp_gain":0.0,"max_hp_loss":0.0,"gold_gain":75.0,"event_name":"World of Goop","player_choice":"Gather Gold","floor":10.0,"gold_loss":0.0,"damage_taken":11.0},{"damage_healed":0.0,"max_hp_gain":0.0,"max_hp_loss":0.0,"gold_gain":0.0,"event_name":"Living Wall","player_choice":"Grow","floor":12.0,"gold_loss":0.0,"damage_taken":0.0,"cards_upgraded":["Footwork"]},{"damage_healed":0.0,"max_hp_gain":0.0,"max_hp_loss":0.0,"gold_gain":0.0,"event_name":"Vampires","player_choice":"Ignored","floor":19.0,"gold_loss":0.0,"damage_taken":0.0},{"damage_healed":0.0,"max_hp_gain":0.0,"max_hp_loss":0.0,"gold_gain":0.0,"event_name":"Duplicator","player_choice":"Copied","floor":20.0,"gold_loss":0.0,"damage_taken":0.0,"cards_obtained":["Infinite Blades"]},{"cards_removed":["Defend_G"],"damage_healed":0.0,"max_hp_gain":0.0,"max_hp_loss":0.0,"gold_gain":0.0,"event_name":"Beggar","player_choice":"Gave Gold","floor":31.0,"gold_loss":75.0,"damage_taken":0.0},{"cards_removed":["Defend_G"],"damage_healed":0.0,"max_hp_gain":0.0,"max_hp_loss":0.0,"gold_gain":0.0,"event_name":"Bonfire Elementals","player_choice":"Offered Basic","floor":39.0,"gold_loss":0.0,"damage_taken":0.0}],"is_beta":false,"boss_relics":[{"not_picked":["Velvet Choker","Calling Bell"],"picked":"Astrolabe"},{"not_picked":["Runic Dome","Eternal Feather"],"picked":"WristBlade"}],"items_purged_floors":[11],"is_endless":false,"potions_floor_spawned":[7,16,22,24,28,30,35],"killed_by":"3 Darklings","ascension_level":20}