{"gold_per_floor":[109,109,109,119,135,135,162,178,227,245,263,32,51,51,51,51],"floor_reached":16,"playtime":566,"items_purged":["Defend_B"],"score":208,"play_id":"fe904c54-eab7-4015-ab72-3bde6d18d855","local_time":"20181005201513","is_ascension_mode":true,"campfire_choices":[{"floor":6.0,"key":"REST"},{"floor":15,"key":"REST"}],"neow_cost":"NONE","seed_source_timestamp":767040784772254,"circlet_count":0,"master_deck":["Strike_B","Strike_B","Strike_B","Strike_B","Defend_B","Defend_B","Defend_B","Zap","Dualcast","AscendersBane","Steam","Conserve Battery","Gash","Auto Shields","Leap","Defragment","Conserve Battery","Leap","Echo Form","Parasite"],"special_seed":0,"relics":["Cracked Core","Matryoshka","Centennial Puzzle","DataDisk"],"potions_floor_usage":[],"damage_taken":[{"damage":4.0,"enemies":"2 Louse","floor":1.0,"turns":2.0},{"damage":9.0,"enemies":"Jaw Worm","floor":4.0,"turns":5.0},{"damage":0.0,"enemies":"Small Slimes","floor":5.0,"turns":3.0},{"damage":47.0,"enemies":"3 Sentries","floor":7.0,"turns":11.0},{"damage":3.0,"enemies":"Blue Slaver","floor":8.0,"turns":3.0},{"damage":0.0,"enemies":"Looter","floor":10.0,"turns":3.0},{"damage":14.0,"enemies":"Exordium Thugs","floor":11.0,"turns":5.0},{"damage":0.0,"enemies":"Blue Slaver","floor":13.0,"turns":4.0},{"damage":44,"enemies":"Hexaghost","floor":16,"turns":9}],"seed_played":"-4140991033133166062","potions_obtained":[{"floor":1.0,"key":"Block Potion"},{"floor":5.0,"key":"SteroidPotion"},{"floor":7.0,"key":"FearPotion"}],"is_trial":false,"path_per_floor":["M","?","?","M","M","R","E","M","T","M","M","$","M","?","R"],"character_chosen":"DEFECT","items_purchased":["Defragment","Conserve Battery","Leap"],"campfire_rested":2,"item_purchase_floors":[12,12,12],"current_hp_per_floor":[60,60,53,44,44,65,18,15,15,15,1,1,1,18,39,0],"gold":51,"neow_bonus":"ONE_RANDOM_RARE_CARD","is_prod":false,"is_daily":false,"chose_seed":false,"campfire_upgraded":0,"win_rate":0,"timestamp":1538784913,"path_taken":["M","?","?","M","M","R","E","M","T","?","M","$","M","?","R","BOSS"],"build_version":"2018-10-04","purchased_purges":1,"victory":false,"max_hp_per_floor":[71,71,71,71,71,71,71,71,71,71,71,71,71,71,71,71],"card_choices":[{"not_picked":["Static Discharge","Chaos"],"picked":"Steam","floor":1.0},{"not_picked":["BootSequence","Leap"],"picked":"Conserve Battery","floor":4.0},{"not_picked":["Redo","Hello World"],"picked":"Gash","floor":5.0},{"not_picked":["Tempest","Steam Power","Streamline"],"picked":"SKIP","floor":7.0},{"not_picked":["Redo","Hello World","Skim"],"picked":"SKIP","floor":8.0},{"not_picked":["Recycle","Barrage"],"picked":"Auto Shields","floor":10.0},{"not_picked":["Sweeping Beam","Chaos"],"picked":"Leap","floor":11.0},{"not_picked":["Ball Lightning","Barrage"],"picked":"Echo Form","floor":13.0}],"player_experience":360771,"relics_obtained":[{"floor":7.0,"key":"Matryoshka"},{"floor":9.0,"key":"Centennial Puzzle"},{"floor":9.0,"key":"DataDisk"}],"event_choices":[{"event_name":"Golden Idol","player_choice":"Ignored","floor":2.0,"damage_taken":0.0},{"event_name":"Golden Wing","player_choice":"Card Removal","floor":3.0,"damage_taken":0.0},{"event_name":"Mushrooms","player_choice":"Healed and dodged fight","floor":14,"damage_taken":0}],"is_beta":false,"boss_relics":[],"items_purged_floors":[12],"is_endless":false,"potions_floor_spawned":[1,5,7],"killed_by":"Hexaghost","ascension_level":20}