{"gold_per_floor":[113,163,177,187,198,198,198,198,224,255,266,266,266,282,282,357,357,370,295,295,295,312,312,312],"floor_reached":24,"playtime":479,"items_purged":[],"score":392,"play_id":"bf597363-4b0f-4882-8758-91d5eaecc4f3","local_time":"20190611204251","is_ascension_mode":true,"campfire_choices":[{"data":"Zap","floor":6,"key":"SMITH"},{"floor":8,"key":"REST"},{"floor":13,"key":"REST"},{"floor":15,"key":"REST"},{"floor":23,"key":"REST"}],"neow_cost":"NONE","seed_source_timestamp":181820482210900,"circlet_count":0,"master_deck":["AscendersBane","Strike_B+1","Strike_B+1","Strike_B+1","Defend_B+1","Defend_B+1","Defend_B+1","Defend_B+1","Zap+1","Dualcast","Barrage","Ball Lightning","Ball Lightning","Glacier","Rebound","All For One","Coolheaded","All For One","Redo","Beam Cell"],"special_seed":0,"relics":["Cracked Core","Happy Flower","Bronze Scales","PreservedInsect","Philosopher\u0027s Stone"],"potions_floor_usage":[22,22,22],"damage_taken":[{"damage":1.0,"enemies":"Cultist","floor":1.0,"turns":3.0},{"damage":9,"enemies":"Small Slimes","floor":3,"turns":3},{"damage":3,"enemies":"2 Louse","floor":4,"turns":2},{"damage":6,"enemies":"Exordium Wildlife","floor":5,"turns":2},{"damage":24,"enemies":"Lagavulin","floor":10,"turns":5},{"damage":2,"enemies":"Large Slime","floor":11,"turns":4},{"damage":2,"enemies":"Blue Slaver","floor":14,"turns":3},{"damage":23,"enemies":"Slime Boss","floor":16,"turns":7},{"damage":13,"enemies":"Shell Parasite","floor":18,"turns":4},{"damage":27,"enemies":"Colosseum Slavers","floor":21,"turns":4},{"damage":14,"enemies":"3 Byrds","floor":22,"turns":2},{"damage":30,"enemies":"Snake Plant","floor":24,"turns":2}],"seed_played":"-9176425923750751068","potions_obtained":[{"floor":3,"key":"Ancient Potion"},{"floor":10,"key":"GamblersBrew"},{"floor":11,"key":"EntropicBrew"}],"is_trial":false,"path_per_floor":["M","?","M","M","M","R","?","R","T","E","M","?","R","M","R","B",null,"M","?","?","?","M","R","M"],"character_chosen":"DEFECT","items_purchased":[],"campfire_rested":4,"item_purchase_floors":[],"current_hp_per_floor":[63,56,47,44,38,38,38,59,59,35,33,12,33,31,52,29,61,48,48,48,21,7,28,0],"gold":312,"neow_bonus":"RANDOM_COMMON_RELIC","is_prod":false,"is_daily":false,"chose_seed":false,"campfire_upgraded":1,"win_rate":0,"timestamp":1560282171,"path_taken":["M","?","?","M","M","R","?","R","T","E","M","?","R","M","R","BOSS","M","?","?","?","M","R","M"],"build_version":"2019-01-23","purchased_purges":0,"victory":false,"max_hp_per_floor":[71,71,71,71,71,71,71,71,71,71,71,71,71,71,71,71,71,71,71,71,71,71,71,71],"card_choices":[{"not_picked":["Redo","Steam"],"picked":"Barrage","floor":1.0},{"not_picked":["Lockon","Compile Driver"],"picked":"Ball Lightning","floor":3},{"not_picked":["Compile Driver","Hologram"],"picked":"Ball Lightning","floor":4},{"not_picked":["Steam Power","Sunder"],"picked":"Glacier","floor":5},{"not_picked":["Redo","Auto Shields"],"picked":"Rebound","floor":10},{"not_picked":["Loop","Go for the Eyes"],"picked":"All For One","floor":11},{"not_picked":["Streamline","Fusion"],"picked":"Coolheaded","floor":14},{"not_picked":["Buffer","Core Surge"],"picked":"All For One","floor":16},{"not_picked":["Blizzard","Aggregate+1"],"picked":"Redo","floor":18},{"not_picked":["Melter","Compile Driver"],"picked":"Beam Cell","floor":22}],"player_experience":1449729,"relics_obtained":[{"floor":9,"key":"Bronze Scales"},{"floor":10,"key":"PreservedInsect"}],"event_choices":[{"damage_healed":0,"gold_gain":50,"player_choice":"Touch","damage_taken":7,"max_hp_gain":0,"max_hp_loss":0,"event_name":"FaceTrader","floor":2,"gold_loss":0},{"damage_healed":0,"gold_gain":0,"player_choice":"Ignored","damage_taken":0,"max_hp_gain":0,"max_hp_loss":0,"event_name":"Liars Game","floor":7,"gold_loss":0},{"damage_healed":0,"gold_gain":0,"player_choice":"Entered Light","damage_taken":21,"max_hp_gain":0,"max_hp_loss":0,"event_name":"Shining Light","floor":12,"gold_loss":0,"cards_upgraded":["Defend_B","Strike_B"]},{"cards_removed":["Strike_B"],"damage_healed":0,"gold_gain":0,"player_choice":"Gave Gold","damage_taken":0,"max_hp_gain":0,"max_hp_loss":0,"event_name":"Beggar","floor":19,"gold_loss":75},{"damage_healed":0,"gold_gain":0,"player_choice":"Simplicity","damage_taken":0,"max_hp_gain":0,"max_hp_loss":0,"event_name":"Back to Basics","floor":20,"gold_loss":0,"cards_upgraded":["Strike_B","Strike_B","Defend_B","Defend_B","Defend_B"]},{"damage_healed":0,"gold_gain":0,"player_choice":"Fight","damage_taken":0,"max_hp_gain":0,"max_hp_loss":0,"event_name":"Colosseum","floor":21,"gold_loss":0},{"damage_healed":0,"gold_gain":0,"player_choice":"Fled From Nobs","damage_taken":0,"max_hp_gain":0,"max_hp_loss":0,"event_name":"Colosseum","floor":21,"gold_loss":0}],"is_beta":false,"boss_relics":[{"not_picked":["Black Star","Calling Bell"],"picked":"Philosopher\u0027s Stone"}],"items_purged_floors":[],"is_endless":false,"potions_floor_spawned":[3,10,11,16,21],"killed_by":"Snake Plant","ascension_level":20}