{"gold_per_floor":[117,117,117,117,130,166,180,180,180,215,235,235,235,275,275,368,368,349,349,387,43,61,61,109,173,173,242,10,10,73,114,114,213,213,251,264,308,133,156,156],"floor_reached":40,"playtime":1947,"items_purged":["Strike_G+1","Parasite"],"score":1053,"play_id":"771089a6-82b5-4f1d-b7b2-f7d1b7387b18","local_time":"20190705223303","is_ascension_mode":true,"campfire_choices":[{"data":"Poisoned Stab","floor":8.0,"key":"SMITH"},{"data":"Well Laid Plans","floor":12.0,"key":"SMITH"},{"data":"Neutralize","floor":15.0,"key":"SMITH"},{"floor":23.0,"key":"REST"},{"data":"After Image","floor":29.0,"key":"SMITH"},{"data":"Bouncing Flask","floor":32.0,"key":"SMITH"}],"neow_cost":"NONE","seed_source_timestamp":5996285492167936,"circlet_count":0,"master_deck":["AscendersBane","Strike_G+1","Strike_G+1","Strike_G+1","Strike_G+1","Defend_G+1","Defend_G+1","Defend_G+1","Defend_G+1","Defend_G+1","Survivor","Neutralize+1","Backstab","Flechettes","Poisoned Stab+1","Bouncing Flask+1","All Out Attack+1","Well Laid Plans+1","After Image","PiercingWail+1","Sucker Punch+1","Dodge and Roll","HandOfGreed+1","Sucker Punch+1","Dagger Spray+1","Cloak And Dagger","Heel Hook+1","After Image+1","Backstab+1","PiercingWail","Terror","Glass Knife+1","Cloak And Dagger","Leg Sweep","Dash+1","Footwork","Choke+1"],"special_seed":0,"relics":["Ring of the Snake","NeowsBlessing","Golden Idol","Paper Crane","Mummified Hand","Molten Egg 2","Boot","Cursed Key","Red Mask","Bottled Tornado","Pantograph","Blood Vial","Dream Catcher","Eternal Feather"],"potions_floor_usage":[],"damage_taken":[{"damage":0.0,"enemies":"2 Louse","floor":1.0,"turns":1.0},{"damage":0.0,"enemies":"Jaw Worm","floor":5.0,"turns":1.0},{"damage":0.0,"enemies":"Lagavulin","floor":6.0,"turns":1.0},{"damage":1.0,"enemies":"Cultist","floor":7.0,"turns":3.0},{"damage":22.0,"enemies":"Gremlin Nob","floor":10.0,"turns":4.0},{"damage":3.0,"enemies":"Blue Slaver","floor":11.0,"turns":3.0},{"damage":21.0,"enemies":"Lagavulin","floor":14.0,"turns":7.0},{"damage":15.0,"enemies":"Hexaghost","floor":16.0,"turns":8.0},{"damage":13.0,"enemies":"2 Thieves","floor":18.0,"turns":4.0},{"damage":3.0,"enemies":"Masked Bandits","floor":20.0,"turns":5.0},{"damage":0.0,"enemies":"Chosen","floor":22.0,"turns":4.0},{"damage":2.0,"enemies":"3 Cultists","floor":24.0,"turns":6.0},{"damage":12.0,"enemies":"Slavers","floor":25.0,"turns":5.0},{"damage":0.0,"enemies":"Gremlin Leader","floor":27.0,"turns":8.0},{"damage":3.0,"enemies":"Slavers","floor":30.0,"turns":2.0},{"damage":0.0,"enemies":"Snecko","floor":31.0,"turns":6.0},{"damage":14.0,"enemies":"Champ","floor":33.0,"turns":16.0},{"damage":0.0,"enemies":"3 Shapes","floor":35.0,"turns":5.0},{"damage":0.0,"enemies":"Orb Walker","floor":36.0,"turns":3.0},{"damage":13,"enemies":"4 Shapes","floor":37,"turns":20},{"damage":0,"enemies":"3 Darklings","floor":39,"turns":9},{"damage":59,"enemies":"Giant Head","floor":40,"turns":10}],"seed_played":"-488915212074398604","potions_obtained":[{"floor":1.0,"key":"SkillPotion"},{"floor":7.0,"key":"Energy Potion"},{"floor":11.0,"key":"Regen Potion"},{"floor":14.0,"key":"PowerPotion"},{"floor":18.0,"key":"SkillPotion"},{"floor":25.0,"key":"SkillPotion"},{"floor":31.0,"key":"Poison Potion"},{"floor":35.0,"key":"Ancient Potion"},{"floor":36.0,"key":"Explosive Potion"}],"is_trial":false,"path_per_floor":["M","?","?","$","M","E","M","R","T","E","M","R","$","E","R","B",null,"M","?","?","$","M","R","M","E","T","E","$","R","E","M","R","B",null,"M","M","M","$","M","E"],"character_chosen":"THE_SILENT","items_purchased":["Dodge and Roll","HandOfGreed+1","After Image","Backstab+1","Footwork"],"campfire_rested":1,"item_purchase_floors":[21,21,28,28,38],"current_hp_per_floor":[59,64,64,64,64,64,63,63,63,41,38,38,38,17,17,17,52,39,39,36,36,36,55,53,41,41,41,41,41,40,42,42,50,61,63,64,51,51,53,0],"gold":156,"neow_bonus":"THREE_ENEMY_KILL","is_prod":false,"is_daily":false,"chose_seed":false,"campfire_upgraded":5,"win_rate":0,"timestamp":1562380383,"path_taken":["M","?","?","?","M","E","M","R","T","E","?","R","$","E","R","BOSS","M","?","?","$","M","R","M","E","T","E","$","R","E","M","R","BOSS","M","M","M","$","M","E"],"build_version":"2019-07-05","purchased_purges":2,"victory":false,"max_hp_per_floor":[66,71,64,64,64,64,64,64,64,64,64,64,64,64,64,64,64,64,64,64,64,64,64,64,64,64,64,64,64,64,64,64,64,64,64,64,64,61,61,61],"card_choices":[{"not_picked":["Skewer","Outmaneuver"],"picked":"Backstab","floor":1.0},{"not_picked":["Acrobatics","Dodge and Roll"],"picked":"Flechettes","floor":5.0},{"not_picked":["Prepared","Setup"],"picked":"Poisoned Stab","floor":6.0},{"not_picked":["Calculated Gamble","Bane"],"picked":"Bouncing Flask","floor":7.0},{"not_picked":["Deflect","Dodge and Roll"],"picked":"All Out Attack","floor":10.0},{"not_picked":["Slice+1","Poisoned Stab+1"],"picked":"Well Laid Plans","floor":11.0},{"not_picked":["Bouncing Flask","Dagger Throw+1","All Out Attack+1"],"picked":"SKIP","floor":14.0},{"not_picked":["Bouncing Flask","Dagger Throw+1","All Out Attack+1"],"picked":"SKIP","floor":14.0},{"not_picked":["Night Terror","Bullet Time"],"picked":"After Image","floor":16.0},{"not_picked":["Cloak And Dagger","Deflect"],"picked":"PiercingWail+1","floor":18.0},{"not_picked":["Prepared","All Out Attack+1"],"picked":"Sucker Punch+1","floor":20.0},{"not_picked":["Deflect","Dagger Throw+1"],"picked":"Sucker Punch+1","floor":22.0},{"not_picked":["Slice+1","Expertise+1"],"picked":"Dagger Spray+1","floor":24.0},{"not_picked":["Terror","Infinite Blades"],"picked":"Cloak And Dagger","floor":25.0},{"not_picked":["Dash+1","Quick Slash+1"],"picked":"Heel Hook+1","floor":27.0},{"not_picked":["Finisher+1","Catalyst"],"picked":"PiercingWail","floor":30.0},{"not_picked":["Sucker Punch+1","Reflex"],"picked":"Terror","floor":31.0},{"not_picked":["Night Terror","Storm of Steel"],"picked":"Glass Knife+1","floor":33.0},{"not_picked":["Backstab+1","Prepared"],"picked":"Cloak And Dagger","floor":35.0},{"not_picked":["Bane+1","Dodge and Roll+1"],"picked":"Leg Sweep","floor":36.0},{"not_picked":["Deflect+1","Acrobatics+1"],"picked":"Dash+1","floor":37},{"not_picked":["Deadly Poison+1","Dagger Spray+1"],"picked":"Choke+1","floor":39}],"player_experience":887559,"relics_obtained":[{"floor":6.0,"key":"Paper Crane"},{"floor":9.0,"key":"Mummified Hand"},{"floor":10.0,"key":"Molten Egg 2"},{"floor":14.0,"key":"Boot"},{"floor":20.0,"key":"Red Mask"},{"floor":25.0,"key":"Bottled Tornado"},{"floor":26.0,"key":"Pantograph"},{"floor":27.0,"key":"Blood Vial"},{"floor":30.0,"key":"Dream Catcher"}],"event_choices":[{"damage_healed":0.0,"max_hp_gain":5.0,"max_hp_loss":0.0,"gold_gain":0.0,"event_name":"Big Fish","player_choice":"Donut","floor":2.0,"gold_loss":0.0,"damage_taken":0.0},{"damage_healed":0.0,"max_hp_gain":0.0,"max_hp_loss":7.0,"gold_gain":0.0,"event_name":"Golden Idol","player_choice":"Lose Max HP","floor":3.0,"gold_loss":0.0,"damage_taken":0.0,"relics_obtained":["Golden Idol"]},{"damage_healed":0.0,"max_hp_gain":0.0,"max_hp_loss":0.0,"gold_gain":0.0,"event_name":"Back to Basics","player_choice":"Simplicity","floor":19.0,"gold_loss":0.0,"damage_taken":0.0,"cards_upgraded":["Strike_G","Strike_G","Strike_G","Strike_G","Strike_G","Defend_G","Defend_G","Defend_G","Defend_G","Defend_G"]},{"damage_healed":0.0,"max_hp_gain":0.0,"max_hp_loss":0.0,"gold_gain":0.0,"event_name":"Masked Bandits","player_choice":"Fought Bandits","floor":20.0,"gold_loss":0.0,"damage_taken":0.0}],"is_beta":false,"boss_relics":[{"not_picked":["Coffee Dripper","WristBlade"],"picked":"Cursed Key"},{"not_picked":["Sozu","Velvet Choker"],"picked":"Eternal Feather"}],"items_purged_floors":[21,38],"is_endless":false,"potions_floor_spawned":[1,7,11,14,18,25,31,35,36,37],"killed_by":"Giant Head","ascension_level":20}