{"gold_per_floor":[117,42,42,67,142,142,165,180,180,180,201,225,78,112,112,231,231,252,252],"floor_reached":19,"playtime":516,"items_purged":["Strike_R"],"score":167,"play_id":"79c647e7-f48c-49f2-8913-eb2f9c28d050","local_time":"20190209111111","is_ascension_mode":true,"campfire_choices":[{"floor":6,"key":"REST"},{"data":"Bash","floor":10,"key":"SMITH"},{"floor":15,"key":"REST"}],"neow_cost":"NONE","seed_source_timestamp":1010238802640250,"circlet_count":0,"master_deck":["Strike_R","Strike_R","Strike_R","Strike_R","Defend_R","Defend_R","Defend_R","Defend_R","Bash+1","Shrug It Off","Uppercut","Dropkick","Shrug It Off","Double Tap"],"relics":["Burning Blood","Blood Vial","Golden Idol","Ornamental Fan","PreservedInsect","Odd Mushroom","Runic Pyramid"],"potions_floor_usage":[14,16,19],"damage_taken":[{"damage":10,"enemies":"Cultist","floor":1,"turns":4},{"damage":2,"enemies":"Small Slimes","floor":4,"turns":3},{"damage":8,"enemies":"Jaw Worm","floor":7,"turns":4},{"damage":0,"enemies":"Large Slime","floor":8,"turns":4},{"damage":9,"enemies":"2 Fungi Beasts","floor":11,"turns":5},{"damage":10,"enemies":"Exordium Wildlife","floor":12,"turns":5},{"damage":21,"enemies":"The Mushroom Lair","floor":14,"turns":4},{"damage":50,"enemies":"Slime Boss","floor":16,"turns":10},{"damage":4,"enemies":"Chosen","floor":18,"turns":4},{"damage":42,"enemies":"Colosseum Slavers","floor":19,"turns":6},{"damage":62,"enemies":"Colosseum Nobs","floor":19,"turns":5}],"seed_played":"3264944707793426150","potions_obtained":[{"floor":1,"key":"Regen Potion"},{"floor":7,"key":"Explosive Potion"},{"floor":8,"key":"PowerPotion"}],"is_trial":false,"path_per_floor":["M","$","?","M","?","R","M","M","T","R","M","M","$","?","R","B",null,"M","?"],"character_chosen":"IRONCLAD","items_purchased":["PreservedInsect"],"campfire_rested":2,"item_purchase_floors":[13],"current_hp_per_floor":[76,76,56,62,51,75,75,80,80,80,77,75,75,62,80,36,80,80,0],"gold":252,"neow_bonus":"RANDOM_COMMON_RELIC","is_prod":false,"is_daily":false,"chose_seed":false,"campfire_upgraded":1,"win_rate":0,"timestamp":1549739471,"path_taken":["M","$","?","M","?","R","M","M","T","R","M","M","$","?","R","BOSS","M","?"],"build_version":"2019-01-23","purchased_purges":1,"victory":false,"max_hp_per_floor":[80,80,80,80,80,80,80,80,80,80,80,80,80,80,80,80,80,80,80],"card_choices":[{"not_picked":["Evolve","Armaments"],"picked":"Shrug It Off","floor":1},{"not_picked":["Flame Barrier","Twin Strike"],"picked":"Uppercut","floor":4},{"not_picked":["Dual Wield","Perfected Strike"],"picked":"Dropkick","floor":7},{"not_picked":["Clash","Uppercut","Heavy Blade"],"picked":"SKIP","floor":8},{"not_picked":["Wild Strike","Cleave"],"picked":"Shrug It Off","floor":11},{"not_picked":["Uppercut","Reckless Charge","Seeing Red"],"picked":"SKIP","floor":12},{"not_picked":["Exhume","Dark Embrace"],"picked":"Double Tap","floor":16},{"not_picked":["Hemokinesis","Headbutt+1","Burning Pact"],"picked":"SKIP","floor":18}],"player_experience":199829,"relics_obtained":[{"floor":9,"key":"Ornamental Fan"},{"floor":14,"key":"Odd Mushroom"}],"event_choices":[{"damage_healed":0,"gold_gain":0,"player_choice":"Take Damage","damage_taken":20,"relics_obtained":["Golden Idol"],"max_hp_gain":0,"max_hp_loss":0,"event_name":"Golden Idol","floor":3,"gold_loss":0},{"damage_healed":0,"gold_gain":75,"player_choice":"Gather Gold","damage_taken":11,"max_hp_gain":0,"max_hp_loss":0,"event_name":"World of Goop","floor":5,"gold_loss":0},{"damage_healed":0,"gold_gain":0,"player_choice":"Fought Mushrooms","damage_taken":0,"max_hp_gain":0,"max_hp_loss":0,"event_name":"Mushrooms","floor":14,"gold_loss":0},{"damage_healed":0,"gold_gain":0,"player_choice":"Fight","damage_taken":0,"max_hp_gain":0,"max_hp_loss":0,"event_name":"Colosseum","floor":19,"gold_loss":0},{"damage_healed":0,"gold_gain":0,"player_choice":"Fought Nobs","damage_taken":0,"max_hp_gain":0,"max_hp_loss":0,"event_name":"Colosseum","floor":19,"gold_loss":0}],"is_beta":false,"boss_relics":[{"not_picked":["Eternal Feather","Astrolabe"],"picked":"Runic Pyramid"}],"items_purged_floors":[2],"is_endless":false,"potions_floor_spawned":[1,7,8],"killed_by":"Colosseum Nobs","ascension_level":1}