{"gold_per_floor":[117,163,194,206,218,259,271,314,326,356,368,393,340,371,383,395],"floor_reached":16,"playtime":589,"items_purged":[],"score":220,"play_id":"1f24c467-fd55-4730-8bff-01f5002b9842","local_time":"20190124173039","is_ascension_mode":true,"campfire_choices":[{"floor":7.0,"key":"REST"},{"floor":11.0,"key":"REST"},{"data":"Buffer","floor":15.0,"key":"SMITH"}],"neow_cost":"NONE","seed_source_timestamp":28284465579116,"circlet_count":0,"master_deck":["AscendersBane","Strike_B","Strike_B","Defend_B","Defend_B","Defend_B","Defend_B","Zap","Dualcast","Cold Snap","Ball Lightning","Doom and Gloom","Buffer+1","Stack","Go for the Eyes","Coolheaded","Gash","Ball Lightning"],"special_seed":0,"relics":["Cracked Core","MawBank","Frozen Egg 2","Centennial Puzzle","Mercury Hourglass"],"potions_floor_usage":[16,16],"damage_taken":[{"damage":0.0,"enemies":"Cultist","floor":1.0,"turns":4.0},{"damage":7.0,"enemies":"Jaw Worm","floor":3.0,"turns":2.0},{"damage":6.0,"enemies":"Gremlin Nob","floor":6.0,"turns":4.0},{"damage":32.0,"enemies":"3 Sentries","floor":8.0,"turns":6.0},{"damage":0.0,"enemies":"Small Slimes","floor":10.0,"turns":3.0},{"damage":9.0,"enemies":"Gremlin Gang","floor":12.0,"turns":4.0},{"damage":3.0,"enemies":"Large Slime","floor":14.0,"turns":4.0},{"damage":43,"enemies":"Hexaghost","floor":16,"turns":10}],"seed_played":"-6380790408234443126","potions_obtained":[{"floor":1.0,"key":"Weak Potion"},{"floor":3.0,"key":"GamblersBrew"},{"floor":10.0,"key":"Fire Potion"}],"is_trial":false,"path_per_floor":["M","T","M","?","?","E","R","E","T","M","R","M","?","M","R","B"],"character_chosen":"DEFECT","items_purchased":[],"campfire_rested":2,"item_purchase_floors":[],"current_hp_per_floor":[64,64,57,50,50,44,65,33,33,33,54,45,45,42,42,0],"gold":395,"neow_bonus":"THREE_CARDS","is_prod":false,"is_daily":false,"chose_seed":false,"campfire_upgraded":1,"win_rate":0,"timestamp":1548351039,"path_taken":["M","?","M","?","?","E","R","E","T","M","R","?","?","M","R","BOSS"],"build_version":"2019-01-23","purchased_purges":0,"victory":false,"max_hp_per_floor":[71,71,71,71,71,71,71,71,71,71,71,71,71,71,71,71],"card_choices":[{"not_picked":["Undo","Redo"],"picked":"Cold Snap","floor":0.0},{"not_picked":["Doom and Gloom","Hello World"],"picked":"Ball Lightning","floor":1.0},{"not_picked":["Redo","Leap"],"picked":"Doom and Gloom","floor":3.0},{"not_picked":["Steam","Doom and Gloom"],"picked":"Stack","floor":6.0},{"not_picked":["Force Field","Beam Cell"],"picked":"Go for the Eyes","floor":8.0},{"not_picked":["Sweeping Beam","Ball Lightning"],"picked":"Coolheaded","floor":10.0},{"not_picked":["Tempest","Beam Cell"],"picked":"Gash","floor":12.0},{"not_picked":["Consume","Beam Cell"],"picked":"Ball Lightning","floor":14.0}],"player_experience":1166069,"relics_obtained":[{"floor":2.0,"key":"MawBank"},{"floor":6.0,"key":"Frozen Egg 2"},{"floor":8.0,"key":"Centennial Puzzle"},{"floor":9.0,"key":"Mercury Hourglass"}],"event_choices":[{"cards_removed":["Strike_B"],"damage_healed":0.0,"max_hp_gain":0.0,"max_hp_loss":0.0,"gold_gain":0.0,"event_name":"Golden Wing","player_choice":"Card Removal","floor":4.0,"gold_loss":0.0,"damage_taken":7.0},{"damage_healed":0.0,"max_hp_gain":0.0,"max_hp_loss":0.0,"gold_gain":0.0,"cards_transformed":["Strike_B"],"event_name":"Transmorgrifier","player_choice":"Transformed","floor":5.0,"gold_loss":0.0,"damage_taken":0.0,"cards_obtained":["Buffer"]},{"damage_healed":0.0,"max_hp_gain":0.0,"max_hp_loss":0.0,"gold_gain":0.0,"event_name":"World of Goop","player_choice":"Left Gold","floor":13.0,"gold_loss":65.0,"damage_taken":0.0}],"is_beta":false,"boss_relics":[],"items_purged_floors":[],"is_endless":false,"potions_floor_spawned":[1,3,10],"killed_by":"Hexaghost","ascension_level":20}