{"gold_per_floor":[216,233,252,86,106,106,136,136,136,156,166,195,27,59,59,138,138,158,73,73,89,14,14,44,44,44,44,63,63,121,136,136,214,214,233,333,347,373,398,398,398,398,467,467,467,492,22,40,40,40,40,40,40,40,66,66],"floor_reached":57,"playtime":3065,"items_purged":["Strike_B","Strike_B"],"score":2822,"play_id":"89690c3f-b614-4c75-a580-413f0ec7dda4","local_time":"20190531210954","is_ascension_mode":true,"campfire_choices":[{"data":"Zap","floor":6.0,"key":"SMITH"},{"floor":8.0,"key":"REST"},{"data":"Echo Form","floor":15.0,"key":"SMITH"},{"floor":23.0,"key":"REST"},{"floor":25.0,"key":"REST"},{"floor":27.0,"key":"RECALL"},{"floor":32.0,"key":"REST"},{"data":"Echo Form","floor":40.0,"key":"SMITH"},{"data":"Buffer","floor":41.0,"key":"SMITH"},{"data":"Doom and Gloom","floor":44.0,"key":"SMITH"},{"data":"Biased Cognition","floor":45.0,"key":"SMITH"},{"floor":49.0,"key":"REST"},{"floor":53.0,"key":"REST"}],"neow_cost":"NONE","seed_source_timestamp":2966884324040938,"circlet_count":0,"master_deck":["AscendersBane","Strike_B+1","Strike_B","Defend_B","Defend_B","Defend_B","Defend_B","Zap+1","Dualcast","Doom and Gloom+1","Conserve Battery","Cold Snap+1","Compile Driver","Auto Shields","Ball Lightning","Echo Form+1","Electrodynamics","Stack","Biased Cognition+1","Conserve Battery","Echo Form+1","Buffer+1","All For One","Echo Form+1","Sweeping Beam","All For One","Leap","Barrage","Glacier+1","Hologram","Defragment+1"],"special_seed":0,"relics":["Cracked Core","DataDisk","Boot","Meat on the Bone","Blue Candle","Bird Faced Urn","Snecko Eye","Omamori","Pen Nib","Singing Bowl","Tiny Chest","Inserter","WingedGreaves","Bronze Scales","WarpedTongs","Sundial","Dream Catcher","Whetstone","Orichalcum"],"potions_floor_usage":[],"damage_taken":[{"damage":2.0,"enemies":"2 Louse","floor":1.0,"turns":4.0},{"damage":4.0,"enemies":"Jaw Worm","floor":2.0,"turns":4.0},{"damage":1.0,"enemies":"Cultist","floor":3.0,"turns":4.0},{"damage":7.0,"enemies":"3 Louse","floor":5.0,"turns":3.0},{"damage":18.0,"enemies":"Lagavulin","floor":7.0,"turns":5.0},{"damage":1.0,"enemies":"Looter","floor":10.0,"turns":3.0},{"damage":7.0,"enemies":"Exordium Wildlife","floor":11.0,"turns":3.0},{"damage":23.0,"enemies":"3 Sentries","floor":12.0,"turns":8.0},{"damage":14.0,"enemies":"Lagavulin","floor":14.0,"turns":6.0},{"damage":16.0,"enemies":"Hexaghost","floor":16.0,"turns":7.0},{"damage":5.0,"enemies":"3 Byrds","floor":18.0,"turns":2.0},{"damage":12.0,"enemies":"2 Thieves","floor":21.0,"turns":4.0},{"damage":29.0,"enemies":"Slavers","floor":24.0,"turns":2.0},{"damage":30.0,"enemies":"Cultist and Chosen","floor":28.0,"turns":5.0},{"damage":17.0,"enemies":"Gremlin Leader","floor":30.0,"turns":4.0},{"damage":0.0,"enemies":"Snecko","floor":31.0,"turns":4.0},{"damage":0.0,"enemies":"Automaton","floor":33.0,"turns":9.0},{"damage":48.0,"enemies":"3 Darklings","floor":35.0,"turns":4.0},{"damage":29.0,"enemies":"Mind Bloom Boss Battle","floor":36.0,"turns":7.0},{"damage":6.0,"enemies":"3 Shapes","floor":37.0,"turns":3.0},{"damage":4.0,"enemies":"Giant Head","floor":46.0,"turns":8.0},{"damage":27.0,"enemies":"Jaw Worm Horde","floor":48.0,"turns":2.0},{"damage":74.0,"enemies":"Awakened One","floor":50.0,"turns":17.0},{"damage":16.0,"enemies":"Donu and Deca","floor":51.0,"turns":12.0},{"damage":0.0,"enemies":"Shield and Spear","floor":55.0,"turns":5.0},{"damage":47,"enemies":"The Heart","floor":56,"turns":9}],"seed_played":"1928821156331240103","potions_obtained":[{"floor":3.0,"key":"SteroidPotion"},{"floor":5.0,"key":"Swift Potion"},{"floor":14.0,"key":"PowerPotion"},{"floor":16.0,"key":"Dexterity Potion"},{"floor":33.0,"key":"SpeedPotion"}],"is_trial":false,"path_per_floor":["M","M","M","$","M","R","E","R","T","M","M","E","$","E","R","B",null,"M","?","?","M","$","R","E","R","T","R","M","?","E","M","R","B",null,"M","?","M","T","T","R","R","?","T","R","R","E","$","M","R","B","B",null,"R","$","E","B",null],"character_chosen":"DEFECT","items_purchased":["DataDisk","Electrodynamics","All For One","Whetstone","Leap"],"campfire_rested":6,"item_purchase_floors":[4,13,47,47,47],"current_hp_per_floor":[62,58,57,57,50,50,32,53,53,52,45,34,34,32,32,32,61,60,60,60,56,56,71,42,63,63,63,49,49,42,54,75,75,75,45,46,62,62,62,62,62,62,62,62,62,78,78,58,81,37,41,71,81,81,81,56],"gold":66,"neow_bonus":"HUNDRED_GOLD","is_prod":false,"is_daily":false,"chose_seed":false,"campfire_upgraded":6,"win_rate":0,"timestamp":1559351394,"path_taken":["M","M","M","$","M","R","E","R","T","M","M","E","$","E","R","BOSS","M","?","?","M","$","R","E","R","T","R","?","?","E","M","R","BOSS","M","?","M","?","?","R","R","?","T","R","R","E","$","?","R","BOSS","BOSS","R","$","E","BOSS"],"build_version":"2019-01-23","purchased_purges":2,"victory":true,"max_hp_per_floor":[71,71,71,71,71,71,71,71,71,71,71,71,71,71,71,71,71,71,71,71,71,71,71,71,71,71,71,73,73,73,75,75,75,75,77,79,81,81,81,81,81,81,81,81,81,81,81,81,81,81,81,81,81,81,81,81],"card_choices":[{"not_picked":["Compile Driver","Force Field","Stack"],"picked":"SKIP","floor":1.0},{"not_picked":["Undo","Recycle"],"picked":"Doom and Gloom","floor":2.0},{"not_picked":["Auto Shields","Turbo"],"picked":"Conserve Battery","floor":3.0},{"not_picked":["Static Discharge","Recycle"],"picked":"Cold Snap","floor":5.0},{"not_picked":["Gash","Turbo"],"picked":"Compile Driver","floor":7.0},{"not_picked":["Stack","Rebound"],"picked":"Auto Shields","floor":10.0},{"not_picked":["Cold Snap","Conserve Battery"],"picked":"Ball Lightning","floor":11.0},{"not_picked":["Leap","Scrape"],"picked":"Echo Form","floor":12.0},{"not_picked":["Sweeping Beam","Amplify"],"picked":"Stack","floor":14.0},{"not_picked":["Fission","Multi-Cast"],"picked":"Biased Cognition","floor":16.0},{"not_picked":["Turbo","Blizzard+1"],"picked":"Conserve Battery","floor":18.0},{"not_picked":["Steam Power","Coolheaded+1","Auto Shields"],"picked":"SKIP","floor":21.0},{"not_picked":["Stack","Coolheaded"],"picked":"Buffer","floor":24.0},{"not_picked":["Capacitor","Cold Snap","Redo"],"picked":"Singing Bowl","floor":28.0},{"not_picked":["Cold Snap","Streamline"],"picked":"All For One","floor":30.0},{"not_picked":["Gash","Steam","Coolheaded"],"picked":"Singing Bowl","floor":31.0},{"not_picked":["Thunder Strike","Seek"],"picked":"Echo Form","floor":33.0},{"not_picked":["Conserve Battery","Turbo","Coolheaded"],"picked":"Singing Bowl","floor":35.0},{"not_picked":["Stack","Doom and Gloom","Compile Driver"],"picked":"Singing Bowl","floor":36.0},{"not_picked":["Capacitor","Steam","Scrape"],"picked":"Singing Bowl","floor":37.0},{"not_picked":["Beam Cell","Conserve Battery"],"picked":"Sweeping Beam","floor":46.0},{"not_picked":["Gash","Melter"],"picked":"Barrage","floor":48.0},{"not_picked":["Turbo","Fission"],"picked":"Glacier+1","floor":49.0},{"not_picked":["Beam Cell","Cold Snap+1"],"picked":"Hologram","floor":53.0},{"not_picked":["Thunder Strike","Compile Driver+1"],"picked":"Defragment+1","floor":55.0}],"player_experience":721254,"relics_obtained":[{"floor":7.0,"key":"Boot"},{"floor":9.0,"key":"Meat on the Bone"},{"floor":12.0,"key":"Blue Candle"},{"floor":14.0,"key":"Bird Faced Urn"},{"floor":24.0,"key":"Pen Nib"},{"floor":26.0,"key":"Singing Bowl"},{"floor":30.0,"key":"Tiny Chest"},{"floor":36.0,"key":"WingedGreaves"},{"floor":39.0,"key":"Bronze Scales"},{"floor":43.0,"key":"Sundial"},{"floor":46.0,"key":"Dream Catcher"},{"floor":55.0,"key":"Orichalcum"}],"event_choices":[{"damage_healed":0.0,"max_hp_gain":0.0,"max_hp_loss":0.0,"gold_gain":0.0,"event_name":"Addict","player_choice":"Obtained Relic","floor":19.0,"gold_loss":85.0,"damage_taken":0.0,"relics_obtained":["Omamori"]},{"damage_healed":0.0,"max_hp_gain":0.0,"max_hp_loss":0.0,"gold_gain":0.0,"event_name":"Duplicator","player_choice":"Copied","floor":20.0,"gold_loss":0.0,"damage_taken":0.0,"cards_obtained":["Echo Form"]},{"damage_healed":0.0,"max_hp_gain":0.0,"max_hp_loss":0.0,"gold_gain":0.0,"event_name":"Ghosts","player_choice":"Ignored","floor":29.0,"gold_loss":0.0,"damage_taken":0.0},{"damage_healed":0.0,"max_hp_gain":0.0,"max_hp_loss":0.0,"gold_gain":0.0,"event_name":"MindBloom","player_choice":"Fight","floor":36.0,"gold_loss":0.0,"damage_taken":0.0},{"damage_healed":0.0,"max_hp_gain":0.0,"max_hp_loss":0.0,"gold_gain":0.0,"event_name":"Accursed Blacksmith","player_choice":"Rummage","floor":42.0,"gold_loss":0.0,"damage_taken":0.0,"relics_obtained":["WarpedTongs"],"cards_obtained":["Pain"]}],"is_beta":false,"boss_relics":[{"not_picked":["Runic Dome","FrozenCore"],"picked":"Snecko Eye"},{"not_picked":["Sozu","Coffee Dripper"],"picked":"Inserter"}],"items_purged_floors":[22,47],"is_endless":false,"potions_floor_spawned":[3,5,7,10,14,16,21,24,33,46,48],"ascension_level":20}