{"gold_per_floor":[111,131,47,72,72,104,121,121,121,138,152,171,200,125,125,125],"floor_reached":16,"playtime":420,"items_purged":[],"score":218,"play_id":"a0a26229-de50-4782-a653-0fe209191607","local_time":"20190618144159","is_ascension_mode":true,"campfire_choices":[{"data":"Bash","floor":8.0,"key":"SMITH"},{"data":"Bludgeon","floor":15.0,"key":"SMITH"}],"neow_cost":"NONE","seed_source_timestamp":0,"circlet_count":0,"master_deck":["AscendersBane","Strike_R","Strike_R","Strike_R","Strike_R","Defend_R","Defend_R","Defend_R","Defend_R","Bash+1","Bludgeon+1","Battle Trance","Cleave","Metallicize","Corruption","Inflame","Reaper","Iron Wave"],"special_seed":0,"relics":["Burning Blood","Bag of Marbles","Paper Frog","Toxic Egg 2","Juzu Bracelet"],"potions_floor_usage":[16],"damage_taken":[{"damage":1.0,"enemies":"Cultist","floor":1.0,"turns":3.0},{"damage":6.0,"enemies":"Small Slimes","floor":2.0,"turns":2.0},{"damage":26.0,"enemies":"Gremlin Nob","floor":6.0,"turns":4.0},{"damage":24.0,"enemies":"Jaw Worm","floor":7.0,"turns":4.0},{"damage":0.0,"enemies":"Looter","floor":10.0,"turns":1.0},{"damage":3.0,"enemies":"3 Louse","floor":11.0,"turns":4.0},{"damage":12.0,"enemies":"Lots of Slimes","floor":12.0,"turns":2.0},{"damage":15.0,"enemies":"Lagavulin","floor":13.0,"turns":3.0},{"damage":75,"enemies":"Hexaghost","floor":16,"turns":11}],"seed_played":"8847019377637142995","potions_obtained":[{"floor":6.0,"key":"AttackPotion"},{"floor":7.0,"key":"SkillPotion"}],"is_trial":false,"path_per_floor":["M","M","$","T","?","E","M","R","T","M","M","M","E","?","R","B"],"character_chosen":"IRONCLAD","items_purchased":["Metallicize"],"campfire_rested":0,"item_purchase_floors":[3],"current_hp_per_floor":[73,73,73,73,78,58,40,40,40,46,49,74,65,65,65,0],"gold":125,"neow_bonus":"ONE_RANDOM_RARE_CARD","is_prod":false,"is_daily":false,"chose_seed":false,"campfire_upgraded":2,"win_rate":0,"timestamp":1560883319,"path_taken":["M","M","?","?","?","E","M","R","T","M","?","M","E","?","R","BOSS"],"build_version":"2019-01-23","purchased_purges":0,"victory":false,"max_hp_per_floor":[75,75,75,75,80,80,80,80,80,80,80,80,80,80,80,80],"card_choices":[{"not_picked":["Shrug It Off","Heavy Blade"],"picked":"Battle Trance","floor":1.0},{"not_picked":["Combust","Rampage"],"picked":"Cleave","floor":2.0},{"not_picked":["Havoc","Cleave"],"picked":"Corruption","floor":6.0},{"not_picked":["Bloodletting","Thunderclap"],"picked":"Inflame","floor":7.0},{"not_picked":["Cleave","Seeing Red+1","Heavy Blade"],"picked":"SKIP","floor":10.0},{"not_picked":["Iron Wave","Wild Strike"],"picked":"Reaper","floor":11.0},{"not_picked":["Battle Trance+1","Blood for Blood"],"picked":"Iron Wave","floor":12.0},{"not_picked":["Searing Blow","Armaments+1","Corruption"],"picked":"SKIP","floor":13.0}],"player_experience":753683,"relics_obtained":[{"floor":4.0,"key":"Bag of Marbles"},{"floor":6.0,"key":"Paper Frog"},{"floor":9.0,"key":"Toxic Egg 2"},{"floor":13.0,"key":"Juzu Bracelet"}],"event_choices":[{"damage_healed":0.0,"max_hp_gain":5.0,"max_hp_loss":0.0,"gold_gain":0.0,"event_name":"Big Fish","player_choice":"Donut","floor":5.0,"gold_loss":0.0,"damage_taken":0.0},{"cards_removed":["Strike_R"],"damage_healed":0.0,"max_hp_gain":0.0,"max_hp_loss":0.0,"gold_gain":0.0,"event_name":"The Cleric","player_choice":"Card Removal","floor":14.0,"gold_loss":75.0,"damage_taken":0.0}],"is_beta":false,"boss_relics":[],"items_purged_floors":[],"is_endless":false,"potions_floor_spawned":[6,7,12],"killed_by":"Hexaghost","ascension_level":19}