{"gold_per_floor":[118,68,68,78,90,90,124,124,124,153,153,170,187,216,216,316,316,329,254,272,272],"floor_reached":21,"playtime":1235,"items_purged":[],"score":251,"play_id":"5ceaa793-b022-486a-9e49-d4380e0cefe5","local_time":"20190710151303","is_ascension_mode":true,"campfire_choices":[{"data":"Zap","floor":6.0,"key":"SMITH"},{"data":"Streamline","floor":11.0,"key":"SMITH"},{"data":"White Noise","floor":15,"key":"SMITH"}],"neow_cost":"NONE","seed_source_timestamp":6402717905202664,"circlet_count":0,"master_deck":["Strike_B","Strike_B","Strike_B","Defend_B","Defend_B","Defend_B","Defend_B","Zap+1","Dualcast","Genetic Algorithm","Streamline+1","Coolheaded","Cold Snap","Hologram","White Noise+1","All For One","Loop","Conserve Battery"],"special_seed":0,"relics":["Cracked Core"],"potions_floor_usage":[21,21],"damage_taken":[{"damage":6.0,"enemies":"Jaw Worm","floor":1.0,"turns":4.0},{"damage":0.0,"enemies":"2 Louse","floor":4.0,"turns":4.0},{"damage":0.0,"enemies":"Cultist","floor":5.0,"turns":3.0},{"damage":22.0,"enemies":"Gremlin Nob","floor":7.0,"turns":4.0},{"damage":22.0,"enemies":"3 Sentries","floor":10.0,"turns":8.0},{"damage":2.0,"enemies":"2 Fungi Beasts","floor":12.0,"turns":3.0},{"damage":0.0,"enemies":"3 Louse","floor":13.0,"turns":3.0},{"damage":6.0,"enemies":"The Mushroom Lair","floor":14.0,"turns":4.0},{"damage":0,"enemies":"The Guardian","floor":16,"turns":12},{"damage":12,"enemies":"Spheric Guardian","floor":18,"turns":5},{"damage":25,"enemies":"2 Thieves","floor":19,"turns":5},{"damage":42,"enemies":"3 Cultists","floor":20,"turns":6},{"damage":8,"enemies":"Centurion and Healer","floor":21,"turns":1}],"seed_played":"-2316927298041425924","potions_obtained":[{"floor":1.0,"key":"Weak Potion"},{"floor":10.0,"key":"Swift Potion"},{"floor":13.0,"key":"SkillPotion"},{"floor":14,"key":"Strength Potion"}],"is_trial":false,"path_per_floor":["M","?","?","M","M","R","E","?","T","E","R","M","M","?","R","B",null,"M","M","M","M"],"character_chosen":"DEFECT","items_purchased":[],"campfire_rested":0,"item_purchase_floors":[],"current_hp_per_floor":[76,76,76,76,76,76,54,54,54,32,32,30,30,24,24,24,82,70,45,3,0],"gold":272,"neow_bonus":"TEN_PERCENT_HP_BONUS","is_prod":false,"is_daily":false,"chose_seed":false,"campfire_upgraded":3,"win_rate":0,"timestamp":1562785983,"path_taken":["M","?","?","M","M","R","E","?","T","E","R","?","M","?","R","BOSS","M","M","M","M"],"build_version":"2019-07-05","purchased_purges":0,"victory":false,"max_hp_per_floor":[82,82,82,82,82,82,82,82,82,82,82,82,82,82,82,82,82,82,82,82,82],"card_choices":[{"not_picked":["Streamline","Beam Cell"],"picked":"Genetic Algorithm","floor":1.0},{"not_picked":["Tempest","Glacier"],"picked":"Streamline","floor":4.0},{"not_picked":["Steam","Rebound","Fission"],"picked":"SKIP","floor":5.0},{"not_picked":["Compile Driver","Go for the Eyes"],"picked":"Coolheaded","floor":7.0},{"not_picked":["Chaos","Auto Shields","Double Energy"],"picked":"SKIP","floor":10.0},{"not_picked":["Compile Driver","Storm"],"picked":"Cold Snap","floor":12.0},{"not_picked":["Skim","Stack"],"picked":"Hologram","floor":13.0},{"not_picked":["Steam Power","Aggregate"],"picked":"White Noise","floor":14},{"not_picked":["Machine Learning","Buffer"],"picked":"All For One","floor":16},{"not_picked":["Conserve Battery","Genetic Algorithm"],"picked":"Loop","floor":18},{"not_picked":["Leap","Auto Shields+1","Rebound"],"picked":"SKIP","floor":19},{"not_picked":["Heatsinks","Steam Power"],"picked":"Conserve Battery","floor":20}],"player_experience":941537,"relics_obtained":[],"event_choices":[{"cards_removed":["Strike_B"],"damage_healed":0.0,"max_hp_gain":0.0,"max_hp_loss":0.0,"gold_gain":0.0,"event_name":"The Cleric","player_choice":"Card Removal","floor":2.0,"gold_loss":50.0,"damage_taken":0.0},{"damage_healed":0.0,"max_hp_gain":0.0,"max_hp_loss":0.0,"gold_gain":0.0,"event_name":"Liars Game","player_choice":"Ignored","floor":3.0,"gold_loss":0.0,"damage_taken":0.0},{"damage_healed":0.0,"max_hp_gain":0.0,"max_hp_loss":0.0,"gold_gain":0.0,"event_name":"WeMeetAgain","player_choice":"Ignored","floor":8.0,"gold_loss":0.0,"damage_taken":0.0},{"damage_healed":0.0,"max_hp_gain":0.0,"max_hp_loss":0.0,"gold_gain":0.0,"event_name":"Mushrooms","player_choice":"Fought Mushrooms","floor":14.0,"gold_loss":0.0,"damage_taken":0.0}],"is_beta":false,"boss_relics":[{"not_picked":["Astrolabe","Fusion Hammer","Runic Pyramid"]}],"items_purged_floors":[],"is_endless":false,"potions_floor_spawned":[1,10,13,14,16,20],"killed_by":"Centurion and Healer","ascension_level":1}