{"gold_per_floor":[149,164,164,164,190,222,222,238,306,324,23,23,23,36,36,133,133,153,168,168,181,208,208,228,240,240,165,179,196,295,324,324,426,426,443,443,30,30,44,44,44,73,100,100,116,132,158,158,158,158],"floor_reached":51,"playtime":2101,"items_purged":[],"score":1116,"play_id":"c5a92fbe-5964-43c0-8c61-20f0e30c55cb","local_time":"20180905223323","is_ascension_mode":true,"campfire_choices":[{"data":"Neutralize","floor":7.0,"key":"SMITH"},{"data":"Adrenaline","floor":15,"key":"SMITH"},{"floor":23,"key":"REST"},{"floor":32,"key":"REST"},{"floor":40,"key":"REST"},{"floor":44,"key":"REST"},{"floor":49,"key":"REST"}],"neow_cost":"NONE","seed_source_timestamp":5188553206227015,"circlet_count":0,"master_deck":["Defend_G","Defend_G","Defend_G","Defend_G","Strike_G","Strike_G","Strike_G","Survivor","Neutralize+1","AscendersBane","Terror","Adrenaline+1","Predator","Backstab","A Thousand Cuts+1","Caltrops+1","Dodge and Roll","Footwork+1","Blade Dance+1","Footwork+1","Quick Slash+1","Envenom+1","Well Laid Plans+1","Dagger Spray+1","Leg Sweep+1","Dodge and Roll","Madness","Madness","Cloak And Dagger+1","Accuracy+1","Noxious Fumes+1","Dodge and Roll+1","Riddle With Holes+1"],"special_seed":0,"relics":["Ring of the Snake","Tiny Chest","Matryoshka","Blood Vial","Lantern","Bag of Preparation","Frozen Egg 2","Pear","Ice Cream","Molten Egg 2","Fusion Hammer","MutagenicStrength","Vajra","Dodecahedron","Torii","Empty Cage","Strawberry","Bottled Tornado","Prayer Wheel","Calipers","Anchor","Centennial Puzzle"],"potions_floor_usage":[16,31,46,47,50],"damage_taken":[{"damage":8.0,"enemies":"Cultist","floor":1.0,"turns":5.0},{"damage":0.0,"enemies":"Jaw Worm","floor":2.0,"turns":4.0},{"damage":37.0,"enemies":"Lagavulin","floor":6.0,"turns":10.0},{"damage":0.0,"enemies":"2 Louse","floor":8.0,"turns":3.0},{"damage":0.0,"enemies":"Red Slaver","floor":10.0,"turns":4.0},{"damage":8,"enemies":"Blue Slaver","floor":14,"turns":2},{"damage":40,"enemies":"Hexaghost","floor":16,"turns":11},{"damage":1,"enemies":"2 Thieves","floor":18,"turns":3},{"damage":0,"enemies":"Chosen","floor":19,"turns":3},{"damage":16,"enemies":"Sentry and Sphere","floor":21,"turns":4},{"damage":2,"enemies":"Centurion and Healer","floor":24,"turns":4},{"damage":0,"enemies":"Snake Plant","floor":25,"turns":2},{"damage":5,"enemies":"Shelled Parasite and Fungi","floor":28,"turns":5},{"damage":1,"enemies":"Centurion and Healer","floor":29,"turns":4},{"damage":11,"enemies":"Book of Stabbing","floor":31,"turns":5},{"damage":61,"enemies":"Collector","floor":33,"turns":8},{"damage":17,"enemies":"3 Darklings","floor":35,"turns":5},{"damage":5,"enemies":"Mind Bloom Boss Battle","floor":38,"turns":4},{"damage":0,"enemies":"Orb Walker","floor":39,"turns":3},{"damage":30,"enemies":"Nemesis","floor":42,"turns":7},{"damage":14,"enemies":"Spire Growth","floor":45,"turns":5},{"damage":0,"enemies":"Transient","floor":46,"turns":5},{"damage":27,"enemies":"2 Orb Walkers","floor":47,"turns":5},{"damage":39,"enemies":"Time Eater","floor":50,"turns":10}],"seed_played":"1480307438915732666","potions_obtained":[{"floor":1.0,"key":"Regen Potion"},{"floor":10.0,"key":"LiquidBronze"},{"floor":16,"key":"PowerPotion"},{"floor":19,"key":"GamblersBrew"},{"floor":25,"key":"Energy Potion"},{"floor":35,"key":"AttackPotion"}],"is_trial":false,"path_per_floor":["M","M","T","$","T","E","R","M","T","M","$","T","?","M","R","B",null,"M","M","?","M","T","R","M","M","T","?","M","M","?","E","R","B",null,"M","?","$","?","M","R","?","E","T","R","M","M","E","?","R","B"],"character_chosen":"THE_SILENT","items_purchased":["Ice Cream","Strawberry","Bottled Tornado"],"campfire_rested":5,"item_purchase_floors":[11,37,37],"current_hp_per_floor":[55,55,55,55,55,34,34,36,46,48,48,48,48,42,42,4,61,62,64,64,50,50,74,74,76,76,76,73,74,74,65,80,19,65,50,50,57,54,56,82,71,43,43,69,57,59,34,34,60,23],"gold":158,"neow_bonus":"RANDOM_COMMON_RELIC","is_prod":false,"is_daily":false,"chose_seed":false,"campfire_upgraded":2,"win_rate":0,"timestamp":1536201203,"path_taken":["M","M","?","?","?","E","R","?","T","M","?","?","?","M","R","BOSS","M","M","?","M","?","R","M","M","T","?","?","M","?","E","R","BOSS","M","?","$","?","M","R","?","E","T","R","?","M","E","?","R","BOSS"],"build_version":"2018-08-30","purchased_purges":0,"victory":true,"max_hp_per_floor":[70,70,70,70,70,70,70,70,80,80,80,80,80,80,80,80,80,80,80,80,80,80,80,80,80,80,80,80,80,80,80,80,80,80,80,80,87,87,87,87,87,87,87,87,87,87,87,87,87,87],"card_choices":[{"not_picked":["Deflect","Choke"],"picked":"Terror","floor":1.0},{"not_picked":["Prepared","PiercingWail"],"picked":"Sucker Punch","floor":2.0},{"not_picked":["Accuracy","Outmaneuver"],"picked":"Adrenaline","floor":6.0},{"not_picked":["Acrobatics","Concentrate"],"picked":"Predator","floor":8.0},{"not_picked":["Bane","Bouncing Flask"],"picked":"Backstab","floor":10.0},{"not_picked":["Slice+1","Outmaneuver","Acrobatics"],"picked":"SKIP","floor":14},{"not_picked":["Wraith Form v2+1","Unload+1"],"picked":"A Thousand Cuts+1","floor":16},{"not_picked":["Concentrate","Distraction+1","Terror+1"],"picked":"SKIP","floor":18},{"not_picked":["Acrobatics+1","Calculated Gamble"],"picked":"Caltrops+1","floor":19},{"not_picked":["Dagger Throw+1","Quick Slash+1"],"picked":"Dodge and Roll","floor":21},{"not_picked":["Bane+1","Underhanded Strike+1"],"picked":"Footwork+1","floor":24},{"not_picked":["Masterful Stab+1","Predator+1"],"picked":"Blade Dance+1","floor":25},{"not_picked":["Flying Knee+1","Flechettes+1","Dagger Spray+1"],"picked":"SKIP","floor":28},{"not_picked":["Poisoned Stab+1","Dodge and Roll"],"picked":"Footwork+1","floor":29},{"not_picked":["Prepared+1","Concentrate"],"picked":"Quick Slash+1","floor":31},{"not_picked":["Tools of the Trade+1","Die Die Die+1"],"picked":"Envenom+1","floor":33},{"not_picked":["Bane+1","Dagger Throw+1"],"picked":"Well Laid Plans+1","floor":35},{"not_picked":["Acrobatics","Prepared+1"],"picked":"Dagger Spray+1","floor":38},{"not_picked":["Footwork+1","Dagger Throw+1"],"picked":"Leg Sweep+1","floor":39},{"not_picked":["Well Laid Plans+1","Dagger Spray+1"],"picked":"Dodge and Roll","floor":39},{"not_picked":["Bullet Time","Concentrate","Grand Finale+1"],"picked":"SKIP","floor":42},{"not_picked":["Sucker Punch+1","Flechettes+1"],"picked":"Cloak And Dagger+1","floor":45},{"not_picked":["Dash+1","Eviscerate+1"],"picked":"Accuracy+1","floor":45},{"not_picked":["Heel Hook+1","Cloak And Dagger"],"picked":"Noxious Fumes+1","floor":46},{"not_picked":["Slice+1","Backflip+1"],"picked":"Dodge and Roll+1","floor":46},{"not_picked":["Caltrops+1","Terror+1"],"picked":"Riddle With Holes+1","floor":47}],"player_experience":320488,"relics_obtained":[{"floor":3.0,"key":"Matryoshka"},{"floor":5.0,"key":"Blood Vial"},{"floor":5.0,"key":"Lantern"},{"floor":6.0,"key":"Bag of Preparation"},{"floor":9.0,"key":"Frozen Egg 2"},{"floor":9.0,"key":"Pear"},{"floor":12,"key":"Molten Egg 2"},{"floor":22,"key":"Vajra"},{"floor":26,"key":"Dodecahedron"},{"floor":31,"key":"Torii"},{"floor":38,"key":"Prayer Wheel"},{"floor":42,"key":"Calipers"},{"floor":43,"key":"Anchor"},{"floor":47,"key":"Centennial Puzzle"}],"event_choices":[{"event_name":"Liars Game","player_choice":"disagreed","floor":13,"damage_taken":0},{"event_name":"Drug Dealer","player_choice":"Inject Mutagens","floor":20,"damage_taken":0},{"event_name":"Beggar","player_choice":"Gave Gold","floor":27,"damage_taken":0},{"event_name":"Nest","player_choice":"Stole From Cult","floor":30,"damage_taken":0},{"event_name":"Mysterious Sphere","player_choice":"Ignore","floor":36,"damage_taken":0},{"event_name":"MindBloom","player_choice":"Fight","floor":38,"damage_taken":0},{"event_name":"Winding Halls","player_choice":"Embrace Madness","floor":41,"damage_taken":0},{"event_name":"Falling","player_choice":"Removed Attack","floor":48,"damage_taken":0}],"is_beta":false,"boss_relics":[{"not_picked":["HoveringKite","Black Star"],"picked":"Fusion Hammer"},{"not_picked":["Sozu","Busted Crown"],"picked":"Empty Cage"}],"items_purged_floors":[],"is_endless":false,"potions_floor_spawned":[1,10,16,19,25,28,29,35,42],"ascension_level":10}