{"gold_per_floor":[10,10,10,10,23,23,42,83,153,168,13,34,34,52,52,52],"floor_reached":16,"playtime":366,"items_purged":["Strike_R"],"score":204,"play_id":"c3cd15ed-4c23-457d-9601-81a4048d44b0","local_time":"20190628125409","is_ascension_mode":true,"campfire_choices":[{"data":"Whirlwind","floor":6.0,"key":"SMITH"},{"data":"Bash","floor":13,"key":"SMITH"},{"data":"Corruption","floor":15,"key":"SMITH"}],"neow_cost":"NO_GOLD","seed_source_timestamp":620371360592400,"circlet_count":0,"master_deck":["AscendersBane","Strike_R","Strike_R","Strike_R","Defend_R","Defend_R","Defend_R","Bash+1","Whirlwind+1","Corruption+1","Anger","Clothesline","Carnage","Rage","Sword Boomerang","Shrug It Off","Thunderclap"],"special_seed":0,"relics":["Burning Blood","Golden Idol","Self Forming Clay","Kunai","Pantograph"],"potions_floor_usage":[8,12],"damage_taken":[{"damage":26.0,"enemies":"Jaw Worm","floor":1.0,"turns":5.0},{"damage":3.0,"enemies":"2 Louse","floor":5.0,"turns":3.0},{"damage":6.0,"enemies":"Cultist","floor":7.0,"turns":3.0},{"damage":22,"enemies":"3 Sentries","floor":8,"turns":5},{"damage":3,"enemies":"Large Slime","floor":10,"turns":4},{"damage":3,"enemies":"3 Louse","floor":12,"turns":2},{"damage":2,"enemies":"2 Fungi Beasts","floor":14,"turns":3},{"damage":54,"enemies":"Hexaghost","floor":16,"turns":8}],"seed_played":"5644261279314422187","potions_obtained":[{"floor":1.0,"key":"GamblersBrew"},{"floor":8,"key":"Explosive Potion"},{"floor":12,"key":"LiquidBronze"}],"is_trial":false,"path_per_floor":["M","?","?","T","M","R","M","E","T","M","$","M","R","M","R","B"],"character_chosen":"IRONCLAD","items_purchased":["BloodPotion"],"campfire_rested":0,"item_purchase_floors":[11],"current_hp_per_floor":[48,22,22,22,25,25,25,9,9,12,12,22,22,26,26,0],"gold":52,"neow_bonus":"TRANSFORM_TWO_CARDS","is_prod":false,"is_daily":false,"chose_seed":false,"campfire_upgraded":3,"win_rate":0,"timestamp":1561722849,"path_taken":["M","?","?","?","M","R","M","E","T","M","$","?","R","M","R","BOSS"],"build_version":"2019-01-23","purchased_purges":1,"victory":false,"max_hp_per_floor":[75,75,75,75,75,75,75,75,75,75,75,75,75,75,75,75],"card_choices":[{"not_picked":["Intimidate","Twin Strike"],"picked":"Anger","floor":1.0},{"not_picked":["Body Slam","True Grit"],"picked":"Clothesline","floor":5.0},{"not_picked":["Sword Boomerang","Cleave"],"picked":"Carnage","floor":7.0},{"not_picked":["Barricade","Wild Strike"],"picked":"Rage","floor":8},{"not_picked":["Heavy Blade","Rage"],"picked":"Sword Boomerang","floor":10},{"not_picked":["Bloodletting","Pommel Strike"],"picked":"Shrug It Off","floor":12},{"not_picked":["Heavy Blade","Corruption"],"picked":"Thunderclap","floor":14}],"player_experience":1496281,"relics_obtained":[{"floor":4.0,"key":"Self Forming Clay"},{"floor":8,"key":"Kunai"},{"floor":9,"key":"Pantograph"}],"event_choices":[{"damage_healed":0.0,"max_hp_gain":0.0,"max_hp_loss":0.0,"gold_gain":0.0,"event_name":"Golden Idol","player_choice":"Take Damage","floor":2.0,"gold_loss":0.0,"damage_taken":26.0,"relics_obtained":["Golden Idol"]},{"damage_healed":0.0,"max_hp_gain":0.0,"max_hp_loss":0.0,"gold_gain":0.0,"event_name":"Liars Game","player_choice":"Ignored","floor":3.0,"gold_loss":0.0,"damage_taken":0.0}],"is_beta":false,"boss_relics":[],"items_purged_floors":[11],"is_endless":false,"potions_floor_spawned":[1,8,12],"killed_by":"Hexaghost","ascension_level":20}