{"gold_per_floor":[119,131,144,158,72,72,85,102,102,102,102,102,128,128],"floor_reached":14,"playtime":256,"items_purged":[],"score":184,"play_id":"1d395045-832e-43bf-8c9a-ce199e977646","local_time":"20190629235152","is_ascension_mode":true,"campfire_choices":[{"data":"Noxious Fumes","floor":6.0,"key":"SMITH"},{"floor":10.0,"key":"REST"}],"neow_cost":"NONE","seed_source_timestamp":5484753365758995,"circlet_count":0,"master_deck":["AscendersBane","Defend_G","Defend_G","Defend_G","Defend_G","Defend_G","Strike_G","Strike_G","Strike_G","Strike_G","Strike_G","Survivor","Neutralize+1","Noxious Fumes+1","Escape Plan","Heel Hook","Outmaneuver","Riddle With Holes","Dagger Spray","Flying Knee"],"special_seed":0,"relics":["Ring of the Snake","NeowsBlessing","Turnip","Toxic Egg 2","Bottled Tornado"],"potions_floor_usage":[13],"damage_taken":[{"damage":0.0,"enemies":"Cultist","floor":1.0,"turns":1.0},{"damage":0.0,"enemies":"Small Slimes","floor":2.0,"turns":1.0},{"damage":0.0,"enemies":"2 Louse","floor":3.0,"turns":1.0},{"damage":1.0,"enemies":"2 Fungi Beasts","floor":4.0,"turns":4.0},{"damage":33.0,"enemies":"Exordium Thugs","floor":7.0,"turns":5.0},{"damage":1.0,"enemies":"Blue Slaver","floor":8.0,"turns":5.0},{"damage":39,"enemies":"Gremlin Nob","floor":13,"turns":5},{"damage":6,"enemies":"3 Louse","floor":14,"turns":1}],"seed_played":"6158571604553426510","potions_obtained":[{"floor":3.0,"key":"EssenceOfSteel"},{"floor":8.0,"key":"Dexterity Potion"}],"is_trial":false,"path_per_floor":["M","M","M","M","?","R","M","M","T","R","?","?","E","M"],"character_chosen":"THE_SILENT","items_purchased":[],"campfire_rested":1,"item_purchase_floors":[],"current_hp_per_floor":[59,59,59,58,58,58,25,24,24,43,43,43,4,0],"gold":128,"neow_bonus":"THREE_ENEMY_KILL","is_prod":false,"is_daily":false,"chose_seed":false,"campfire_upgraded":1,"win_rate":0,"timestamp":1561866712,"path_taken":["M","?","M","M","?","R","?","M","T","R","?","?","E","M"],"build_version":"2019-01-23","purchased_purges":0,"victory":false,"max_hp_per_floor":[66,66,66,66,66,66,66,66,66,66,66,66,66,66],"card_choices":[{"not_picked":["Dagger Throw","Expertise"],"picked":"Noxious Fumes","floor":1.0},{"not_picked":["Slice","Flechettes"],"picked":"Escape Plan","floor":2.0},{"not_picked":["PiercingWail","Deadly Poison"],"picked":"Heel Hook","floor":3.0},{"not_picked":["Acrobatics","Underhanded Strike"],"picked":"Outmaneuver","floor":4.0},{"not_picked":["Prepared","Underhanded Strike"],"picked":"Riddle With Holes","floor":7.0},{"not_picked":["Backflip","Calculated Gamble"],"picked":"Dagger Spray","floor":8.0},{"not_picked":["Slice","Distraction+1"],"picked":"Flying Knee","floor":13}],"player_experience":812916,"relics_obtained":[{"floor":9.0,"key":"Toxic Egg 2"},{"floor":13,"key":"Bottled Tornado"}],"event_choices":[{"damage_healed":0.0,"max_hp_gain":0.0,"max_hp_loss":0.0,"gold_gain":0.0,"event_name":"WeMeetAgain","player_choice":"Paid Gold","floor":5.0,"gold_loss":86.0,"damage_taken":0.0,"relics_obtained":["Turnip"]},{"damage_healed":0.0,"max_hp_gain":0.0,"max_hp_loss":0.0,"gold_gain":0.0,"event_name":"Living Wall","player_choice":"Grow","floor":11.0,"gold_loss":0.0,"damage_taken":0.0,"cards_upgraded":["Neutralize"]},{"damage_healed":0.0,"max_hp_gain":0.0,"max_hp_loss":0.0,"gold_gain":0.0,"event_name":"Liars Game","player_choice":"Ignored","floor":12.0,"gold_loss":0.0,"damage_taken":0.0}],"is_beta":false,"boss_relics":[],"items_purged_floors":[],"is_endless":false,"potions_floor_spawned":[3,8],"killed_by":"3 Louse","ascension_level":20}