{"gold_per_floor":[111,111,121,71,86,114,114,141,166,192,192,117,117,129,129,228,278,293,309,224,31,49,82,82,82,82,82,99,110,123,123,123,225,225,240,240,292,309,80,80,108,108,160,160],"floor_reached":44,"playtime":1645,"items_purged":[],"score":691,"play_id":"a912a64b-77b0-41c1-b30b-9d92861821ce","local_time":"20180812132850","is_ascension_mode":true,"campfire_choices":[{"floor":7.0,"key":"REST"},{"floor":15.0,"key":"REST"},{"floor":24.0,"key":"REST"},{"floor":27.0,"key":"REST"},{"floor":32.0,"key":"REST"},{"floor":40.0,"key":"REST"},{"data":"Cloak And Dagger","floor":42,"key":"SMITH"}],"neow_cost":"NONE","seed_source_timestamp":3083082341410413,"circlet_count":0,"master_deck":["Defend_G","Defend_G","Defend_G","Defend_G","Defend_G","Strike_G","Strike_G","Survivor","Neutralize","Dash","Dash","Cloak And Dagger+1","Cloak And Dagger+1","Cloak And Dagger","Predator","Noxious Fumes","Dodge and Roll","Glass Knife","Noxious Fumes","Noxious Fumes","Cloak And Dagger","Quick Slash","Backstab","Sucker Punch","Noxious Fumes","Bullet Time","Backstab","Infinite Blades"],"special_seed":0,"relics":["Ring of the Snake","Bag of Preparation","Snake Skull","Boot","Torii","Tiny House","Lantern","TwistedFunnel","Regal Pillow","Gambling Chip","WristBlade","Ginger","Bronze Scales","Darkstone Periapt","Anchor"],"potions_floor_usage":[44],"damage_taken":[{"damage":0.0,"enemies":"2 Louse","floor":1.0,"turns":2.0},{"damage":0.0,"enemies":"Jaw Worm","floor":3.0,"turns":4.0},{"damage":0.0,"enemies":"Small Slimes","floor":5.0,"turns":4.0},{"damage":47.0,"enemies":"Lagavulin","floor":6.0,"turns":7.0},{"damage":12.0,"enemies":"3 Sentries","floor":8.0,"turns":7.0},{"damage":16.0,"enemies":"Lagavulin","floor":10.0,"turns":8.0},{"damage":1.0,"enemies":"2 Fungi Beasts","floor":14.0,"turns":4.0},{"damage":39.0,"enemies":"Slime Boss","floor":16.0,"turns":10.0},{"damage":7.0,"enemies":"Shell Parasite","floor":18.0,"turns":7.0},{"damage":13.0,"enemies":"Spheric Guardian","floor":19.0,"turns":5.0},{"damage":1.0,"enemies":"Cultist and Chosen","floor":22.0,"turns":5.0},{"damage":41.0,"enemies":"Book of Stabbing","floor":23.0,"turns":6.0},{"damage":15.0,"enemies":"Snake Plant","floor":28.0,"turns":4.0},{"damage":13.0,"enemies":"Sentry and Sphere","floor":29.0,"turns":5.0},{"damage":9.0,"enemies":"Cultist and Chosen","floor":30.0,"turns":5.0},{"damage":55.0,"enemies":"Collector","floor":33.0,"turns":7.0},{"damage":34.0,"enemies":"3 Darklings","floor":35.0,"turns":4.0},{"damage":7.0,"floor":37.0,"turns":5.0},{"damage":0.0,"enemies":"3 Shapes","floor":38.0,"turns":4.0},{"damage":22.0,"enemies":"2 Orb Walkers","floor":41.0,"turns":4.0},{"damage":55,"enemies":"Nemesis","floor":44,"turns":4}],"seed_played":"9066189323156095485","potions_obtained":[{"floor":3.0,"key":"FearPotion"},{"floor":6.0,"key":"Strength Potion"},{"floor":16.0,"key":"LiquidBronze"},{"floor":17.0,"key":"Fire Potion"},{"floor":19.0,"key":"Poison Potion"},{"floor":28.0,"key":"SkillPotion"},{"floor":30.0,"key":"Ancient Potion"},{"floor":33.0,"key":"Swift Potion"},{"floor":35.0,"key":"SpeedPotion"},{"floor":41.0,"key":"Ancient Potion"}],"is_trial":false,"path_per_floor":["M","$","M","?","M","E","R","E","T","E","?","$","?","M","R","B",null,"M","M","?","$","M","E","R","?","T","R","M","M","M","?","R","B",null,"M","?","?","M","$","R","E","R","T"],"character_chosen":"THE_SILENT","items_purchased":["Noxious Fumes","TwistedFunnel","Infinite Blades","Bronze Scales"],"campfire_rested":6,"item_purchase_floors":[12,21,39,39],"current_hp_per_floor":[70,70,70,70,70,23,46,34,34,18,18,18,23,22,46,7,68,61,48,48,48,47,6,47,30,30,72,57,44,35,35,77,22,75,41,41,34,34,34,76,54,54,54,0],"gold":160,"neow_bonus":"TEN_PERCENT_HP_BONUS","is_prod":false,"is_daily":false,"chose_seed":false,"campfire_upgraded":1,"win_rate":0,"timestamp":1534094930,"path_taken":["M","$","M","?","M","E","R","E","T","E","?","$","?","M","R","BOSS","M","M","?","$","?","E","R","?","T","R","M","?","?","?","R","BOSS","M","?","?","M","$","R","E","R","T","E"],"build_version":"2018-08-09","purchased_purges":0,"victory":false,"max_hp_per_floor":[77,77,77,77,77,77,77,77,77,77,77,77,82,82,82,82,87,87,87,87,87,87,87,87,92,92,92,92,92,92,92,92,92,92,92,92,92,92,92,92,92,92,92,92],"card_choices":[{"not_picked":["Slice","Concentrate"],"picked":"Dash","floor":1.0},{"not_picked":["PiercingWail","Choke"],"picked":"Dash","floor":3.0},{"not_picked":["Quick Slash","Blade Dance"],"picked":"Cloak And Dagger","floor":5.0},{"not_picked":["Outmaneuver","Glass Knife"],"picked":"Cloak And Dagger","floor":6.0},{"not_picked":["Blade Dance","Deflect"],"picked":"Cloak And Dagger","floor":8.0},{"not_picked":["Deflect","Escape Plan"],"picked":"Predator","floor":10.0},{"not_picked":["Blade Dance","Cloak And Dagger"],"picked":"Dodge and Roll","floor":14.0},{"not_picked":["Tools of the Trade","Storm of Steel"],"picked":"Glass Knife","floor":16.0},{"not_picked":["Leg Sweep","Accuracy"],"picked":"Noxious Fumes","floor":17.0},{"not_picked":["Sucker Punch+1","Underhanded Strike"],"picked":"Noxious Fumes","floor":18.0},{"not_picked":["Dodge and Roll","Choke"],"picked":"Cloak And Dagger","floor":19.0},{"not_picked":["Poisoned Stab","Underhanded Strike"],"picked":"Quick Slash","floor":22.0},{"not_picked":["Slice","Choke+1","Skewer+1"],"picked":"SKIP","floor":23.0},{"not_picked":["Heel Hook+1","Bane"],"picked":"Backstab","floor":28.0},{"not_picked":["Dagger Throw+1","Setup"],"picked":"Sucker Punch","floor":29.0},{"not_picked":["Reflex","Outmaneuver"],"picked":"Noxious Fumes","floor":30.0},{"not_picked":["A Thousand Cuts","Night Terror"],"picked":"Bullet Time","floor":33.0},{"not_picked":["Dagger Spray+1","Slice+1","Distraction"],"picked":"SKIP","floor":35.0},{"not_picked":["Slice","Concentrate+1"],"picked":"Backstab","floor":38.0},{"not_picked":["Escape Plan+1","Deadly Poison","Riddle With Holes"],"picked":"SKIP","floor":41.0}],"player_experience":253226,"relics_obtained":[{"floor":6.0,"key":"Bag of Preparation"},{"floor":8.0,"key":"Snake Skull"},{"floor":9.0,"key":"Boot"},{"floor":10.0,"key":"Torii"},{"floor":23.0,"key":"Regal Pillow"},{"floor":26.0,"key":"Gambling Chip"},{"floor":37.0,"key":"Ginger"},{"floor":41.0,"key":"Darkstone Periapt"},{"floor":43,"key":"Anchor"}],"event_choices":[{"event_name":"The Cleric","player_choice":"Card Removal","floor":4.0,"damage_taken":0.0},{"event_name":"Bonfire Elementals","player_choice":"BASIC","floor":11.0,"damage_taken":0.0},{"event_name":"Big Fish","player_choice":"Donut","floor":13.0,"damage_taken":0.0},{"event_name":"Addict","player_choice":"Obtained Relic","floor":20.0,"damage_taken":0.0},{"event_name":"Forgotten Altar","player_choice":"Shed Blood","floor":25.0,"damage_taken":0.0},{"event_name":"Cursed Tome","player_choice":"Ignored","floor":31.0,"damage_taken":0.0},{"event_name":"Falling","player_choice":"Removed Attack","floor":36.0,"damage_taken":0.0},{"event_name":"Mysterious Sphere","player_choice":"Fight","floor":37.0,"damage_taken":0.0}],"is_beta":false,"boss_relics":[{"not_picked":["HoveringKite","Velvet Choker"],"picked":"Tiny House"},{"not_picked":["Snecko Eye","Astrolabe"],"picked":"WristBlade"}],"items_purged_floors":[],"is_endless":false,"potions_floor_spawned":[3,6,16,19,22,28,30,33,35,41],"killed_by":"Nemesis","ascension_level":6}