{"gold_per_floor":[112,187,167,179,179,179,204,220,220,220,220,240,10,22,22,100,100,118,118],"floor_reached":19,"playtime":628,"items_purged":[],"score":334,"play_id":"1c9ea7f4-4d32-4f43-b181-397cb05be85f","local_time":"20190429171322","is_ascension_mode":true,"campfire_choices":[{"data":"White Noise","floor":6.0,"key":"SMITH"},{"floor":11,"key":"REST"},{"data":"Core Surge","floor":15,"key":"SMITH"}],"neow_cost":"NONE","seed_source_timestamp":514276664729400,"circlet_count":0,"master_deck":["AscendersBane","Strike_B","Strike_B","Strike_B","Strike_B","Defend_B","Defend_B","Defend_B","Defend_B","Zap","Dualcast","Core Surge+1","White Noise+1","Ball Lightning","Glacier","Leap","Ball Lightning","Rebound","Reboot","Steam"],"special_seed":0,"relics":["Cracked Core","Unceasing Top","Dodecahedron","Strange Spoon","Fusion Hammer"],"potions_floor_usage":[14,19,19,19,19],"damage_taken":[{"damage":0.0,"enemies":"Small Slimes","floor":1.0,"turns":2.0},{"damage":9.0,"enemies":"Jaw Worm","floor":4.0,"turns":4.0},{"damage":20.0,"enemies":"Lagavulin","floor":7.0,"turns":6.0},{"damage":2.0,"enemies":"Cultist","floor":8.0,"turns":3.0},{"damage":1,"enemies":"2 Fungi Beasts","floor":12,"turns":5},{"damage":0,"enemies":"3 Louse","floor":14,"turns":1},{"damage":20,"enemies":"The Guardian","floor":16,"turns":10},{"damage":9,"enemies":"Shell Parasite","floor":18,"turns":8},{"damage":13,"enemies":"Colosseum Slavers","floor":19,"turns":4},{"damage":75,"enemies":"Colosseum Nobs","floor":19,"turns":4}],"seed_played":"-4302208361755139987","potions_obtained":[{"floor":1.0,"key":"AttackPotion"},{"floor":3.0,"key":"EntropicBrew"},{"floor":14,"key":"Fruit Juice"},{"floor":18,"key":"LiquidBronze"}],"is_trial":false,"path_per_floor":["M","?","?","M","?","R","E","M","T","?","R","M","$","M","R","B",null,"M","?"],"character_chosen":"DEFECT","items_purchased":["Strange Spoon"],"campfire_rested":1,"item_purchase_floors":[13],"current_hp_per_floor":[64,53,53,44,44,44,24,22,22,22,43,42,42,47,47,27,64,55,0],"gold":118,"neow_bonus":"ONE_RANDOM_RARE_CARD","is_prod":false,"is_daily":false,"chose_seed":false,"campfire_upgraded":2,"win_rate":0,"timestamp":1556554402,"path_taken":["M","?","?","?","?","R","E","M","T","?","R","M","?","M","R","BOSS","M","?"],"build_version":"2019-01-23","purchased_purges":0,"victory":false,"max_hp_per_floor":[71,71,71,71,71,71,71,71,71,71,71,71,71,76,76,76,76,76,76],"card_choices":[{"not_picked":["Sweeping Beam","Auto Shields"],"picked":"White Noise","floor":1.0},{"not_picked":["Redo","Beam Cell"],"picked":"Ball Lightning","floor":4.0},{"not_picked":["Stack","Turbo"],"picked":"Glacier","floor":7.0},{"not_picked":["Reprogram","Barrage"],"picked":"Leap","floor":8.0},{"not_picked":["Storm","Streamline"],"picked":"Ball Lightning","floor":12},{"not_picked":["Blizzard","Beam Cell"],"picked":"Rebound","floor":14},{"not_picked":["Fission","Meteor Strike"],"picked":"Reboot","floor":16},{"not_picked":["Chaos","Conserve Battery"],"picked":"Steam","floor":18}],"player_experience":1321134,"relics_obtained":[{"floor":7.0,"key":"Unceasing Top"},{"floor":9.0,"key":"Dodecahedron"}],"event_choices":[{"damage_healed":0.0,"max_hp_gain":0.0,"max_hp_loss":0.0,"gold_gain":75.0,"event_name":"World of Goop","player_choice":"Gather Gold","floor":2.0,"gold_loss":0.0,"damage_taken":11.0},{"damage_healed":0.0,"max_hp_gain":0.0,"max_hp_loss":0.0,"gold_gain":0.0,"event_name":"The Woman in Blue","player_choice":"Bought 1 Potion","floor":3.0,"gold_loss":0.0,"damage_taken":0.0},{"damage_healed":0.0,"max_hp_gain":0.0,"max_hp_loss":0.0,"gold_gain":0.0,"event_name":"Scrap Ooze","player_choice":"Fled","floor":5.0,"gold_loss":0.0,"damage_taken":0.0},{"damage_healed":0,"gold_gain":0,"player_choice":"Searched \u00270\u0027 times","damage_taken":0,"max_hp_gain":0,"max_hp_loss":0,"event_name":"Dead Adventurer","floor":10,"gold_loss":0},{"damage_healed":0,"gold_gain":0,"player_choice":"Fight","damage_taken":0,"max_hp_gain":0,"max_hp_loss":0,"event_name":"Colosseum","floor":19,"gold_loss":0},{"damage_healed":0,"gold_gain":0,"player_choice":"Fought Nobs","damage_taken":0,"max_hp_gain":0,"max_hp_loss":0,"event_name":"Colosseum","floor":19,"gold_loss":0}],"is_beta":false,"boss_relics":[{"not_picked":["Empty Cage","Ectoplasm"],"picked":"Fusion Hammer"}],"items_purged_floors":[],"is_endless":false,"potions_floor_spawned":[1,14,18],"killed_by":"Colosseum Nobs","ascension_level":20}