{"gold_per_floor":[109,125,125,12,31,31,65,65,65,65,93,93,43,17,17,119,119,137,147,10,10,10,10,10,10,35,35,53,69,69,87,87,87],"floor_reached":33,"playtime":1099,"items_purged":["Strike_B","Defend_B"],"score":251,"play_id":"7b745018-86e4-4460-92e6-1a5b936ed0c3","local_time":"20190109231025","is_ascension_mode":false,"campfire_choices":[{"data":"Capacitor","floor":6,"key":"SMITH"},{"floor":8,"key":"REST"},{"data":"Dualcast","floor":10,"key":"SMITH"},{"floor":12,"key":"REST"},{"data":"Defragment","floor":15,"key":"SMITH"},{"floor":23,"key":"REST"},{"floor":25,"key":"REST"},{"floor":27,"key":"REST"},{"data":"Leap","floor":30,"key":"SMITH"},{"floor":32,"key":"REST"}],"neow_cost":"NONE","seed_source_timestamp":1719455828096392,"circlet_count":0,"master_deck":["Strike_B","Strike_B","Defend_B","Defend_B","Defend_B","Zap+1","Dualcast+1","Defragment+1","Capacitor+1","Doom and Gloom","Go for the Eyes","Conserve Battery","Sweeping Beam","Leap+1","Amplify+1","Skim+1","Cold Snap","Defragment","Writhe","Self Repair+1","Coolheaded"],"relics":["Cracked Core","NeowsBlessing","WingedGreaves","Gambling Chip","Mummified Hand","Busted Crown","Bag of Marbles","Regal Pillow"],"potions_floor_usage":[29],"damage_taken":[{"damage":0,"enemies":"2 Louse","floor":1,"turns":1},{"damage":0,"enemies":"Cultist","floor":2,"turns":1},{"damage":0,"enemies":"Jaw Worm","floor":5,"turns":1},{"damage":23,"enemies":"Gremlin Nob","floor":7,"turns":5},{"damage":19,"enemies":"Lagavulin","floor":11,"turns":6},{"damage":42,"enemies":"Hexaghost","floor":16,"turns":10},{"damage":17,"enemies":"Spheric Guardian","floor":18,"turns":4},{"damage":25,"enemies":"2 Thieves","floor":19,"turns":4},{"damage":11,"enemies":"Sentry and Sphere","floor":28,"turns":5},{"damage":17,"enemies":"3 Cultists","floor":29,"turns":5},{"damage":22,"enemies":"Shelled Parasite and Fungi","floor":31,"turns":6},{"damage":82,"enemies":"Automaton","floor":33,"turns":12}],"seed_played":"-6443761297821147395","potions_obtained":[{"floor":11,"key":"SteroidPotion"},{"floor":16,"key":"Explosive Potion"},{"floor":18,"key":"AttackPotion"},{"floor":29,"key":"Block Potion"}],"is_trial":false,"path_per_floor":["M","M","?","$","M","R","E","R","T","R","E","R","?","$","R","B",null,"M","M","$","?","?","R","?","R","T","R","M","M","R","M","R","B"],"character_chosen":"DEFECT","items_purchased":["Doom and Gloom","Leap","Defragment"],"campfire_rested":6,"item_purchase_floors":[4,14,20],"current_hp_per_floor":[75,75,75,75,75,75,52,74,74,74,55,75,75,75,75,33,75,58,33,33,33,19,43,43,67,67,80,69,62,62,50,80,0],"gold":87,"neow_bonus":"THREE_ENEMY_KILL","is_prod":false,"is_daily":false,"chose_seed":false,"campfire_upgraded":4,"win_rate":0.0,"timestamp":1547104225,"path_taken":["M","M","?","$","?","R","E","R","T","R","E","R","?","$","R","BOSS","M","M","$","?","?","R","?","R","T","R","M","M","R","M","R","BOSS"],"build_version":"2019-01-03v4","purchased_purges":2,"victory":false,"max_hp_per_floor":[75,75,75,75,75,75,75,75,75,75,75,75,75,75,75,75,75,75,75,75,75,80,80,80,80,80,80,80,80,80,80,80,80],"card_choices":[{"not_picked":["Sweeping Beam","Compile Driver"],"picked":"Defragment","floor":1},{"not_picked":["Capacitor","Steam","Coolheaded"],"picked":"SKIP","floor":2},{"not_picked":["Steam","Coolheaded"],"picked":"Capacitor","floor":2},{"not_picked":["Consume","Biased Cognition"],"picked":"Go for the Eyes","floor":5},{"not_picked":["Coolheaded","Compile Driver"],"picked":"Conserve Battery","floor":7},{"not_picked":["Steam","Cold Snap"],"picked":"Sweeping Beam","floor":11},{"not_picked":["Seek","Fission"],"picked":"Amplify","floor":16},{"not_picked":[],"picked":"Skim+1","floor":18},{"not_picked":[],"picked":"Cold Snap","floor":19},{"not_picked":[],"picked":"Self Repair+1","floor":28},{"not_picked":["Gash"],"picked":"SKIP","floor":29},{"not_picked":[],"picked":"Coolheaded","floor":31}],"player_experience":110892,"relics_obtained":[{"floor":7,"key":"WingedGreaves"},{"floor":9,"key":"Gambling Chip"},{"floor":11,"key":"Mummified Hand"},{"floor":26,"key":"Regal Pillow"}],"event_choices":[{"damage_healed":0,"gold_gain":0,"player_choice":"Upgraded","damage_taken":0,"max_hp_gain":0,"max_hp_loss":0,"event_name":"Upgrade Shrine","floor":3,"gold_loss":0,"cards_upgraded":["Zap"]},{"cards_removed":["Strike_B"],"damage_healed":0,"gold_gain":0,"player_choice":"Card Removal","damage_taken":0,"max_hp_gain":0,"max_hp_loss":0,"event_name":"The Cleric","floor":13,"gold_loss":50},{"damage_healed":0,"gold_gain":0,"player_choice":"Opened","damage_taken":0,"relics_obtained":["Bag of Marbles"],"max_hp_gain":0,"max_hp_loss":0,"event_name":"The Mausoleum","floor":21,"gold_loss":0,"cards_obtained":["Writhe"]},{"damage_healed":0,"gold_gain":0,"player_choice":"Shed Blood","damage_taken":19,"max_hp_gain":5,"max_hp_loss":0,"event_name":"Forgotten Altar","floor":22,"gold_loss":0},{"damage_healed":0,"gold_gain":0,"player_choice":"Upgraded","damage_taken":0,"max_hp_gain":0,"max_hp_loss":0,"event_name":"Upgrade Shrine","floor":24,"gold_loss":0,"cards_upgraded":["Amplify"]}],"is_beta":false,"boss_relics":[{"not_picked":["Empty Cage","Lizard Tail"],"picked":"Busted Crown"}],"items_purged_floors":[4,20],"is_endless":false,"potions_floor_spawned":[11,16,18,28,29],"killed_by":"Automaton","ascension_level":0}