{"gold_per_floor":[369,27,27,40,52,85,85,115,205,236,261,273,285,309,321,409,421,448,560,497,522,54,79,79,109,109,134,144,170,170,189,189,260,260,274,274,289,15,35,35,35,68,68,103,103,59,78,113,113,113,113],"floor_reached":52,"playtime":2595,"items_purged":["Strike_R"],"score":2306,"play_id":"9db84a0f-2819-41ab-8894-baf9e46a848c","local_time":"20190524214741","is_ascension_mode":true,"campfire_choices":[{"floor":7.0,"key":"REST"},{"floor":15.0,"key":"REST"},{"data":"Fiend Fire","floor":24.0,"key":"SMITH"},{"data":"Juggernaut","floor":32.0,"key":"SMITH"},{"data":"Fiend Fire","floor":40.0,"key":"SMITH"},{"data":"Impervious","floor":45.0,"key":"SMITH"},{"data":"Dual Wield","floor":49.0,"key":"SMITH"}],"neow_cost":"TEN_PERCENT_HP_LOSS","seed_source_timestamp":0,"circlet_count":0,"master_deck":["AscendersBane","Strike_R","Strike_R+1","Defend_R","Defend_R","Defend_R","Defend_R","Bash","Havoc","Seeing Red","Shrug It Off","Shrug It Off","Fiend Fire+1","Shrug It Off","Impervious+1","Second Wind+1","Second Wind","Juggernaut+1","Shrug It Off","Dual Wield+1","Fiend Fire+1","Fiend Fire+1","Entrench","Sever Soul+1","Corruption"],"special_seed":0,"relics":["Burning Blood","Dead Branch","WingedGreaves","MawBank","Pear","Snecko Eye","Champion Belt","Gremlin Horn","FossilizedHelix","Vajra","Matryoshka","Whetstone","Bottled Flame","Bottled Tornado","Coffee Dripper","Bottled Lightning","Pocketwatch","Boot","Molten Egg 2","Pen Nib","Juzu Bracelet"],"potions_floor_usage":[],"damage_taken":[{"damage":4.0,"enemies":"Small Slimes","floor":1.0,"turns":4.0},{"damage":7.0,"enemies":"Jaw Worm","floor":4.0,"turns":3.0},{"damage":0.0,"enemies":"2 Louse","floor":5.0,"turns":2.0},{"damage":36.0,"enemies":"Lagavulin","floor":6.0,"turns":7.0},{"damage":45.0,"enemies":"3 Sentries","floor":8.0,"turns":9.0},{"damage":1.0,"enemies":"2 Fungi Beasts","floor":10.0,"turns":3.0},{"damage":0.0,"enemies":"3 Louse","floor":11.0,"turns":5.0},{"damage":3.0,"enemies":"Blue Slaver","floor":14.0,"turns":4.0},{"damage":57.0,"enemies":"Slime Boss","floor":16.0,"turns":11.0},{"damage":14.0,"enemies":"3 Byrds","floor":18.0,"turns":5.0},{"damage":0.0,"enemies":"Colosseum Slavers","floor":19.0,"turns":2.0},{"damage":0.0,"enemies":"Colosseum Nobs","floor":19.0,"turns":3.0},{"damage":0.0,"enemies":"Chosen","floor":21.0,"turns":1.0},{"damage":6.0,"enemies":"Gremlin Leader","floor":23.0,"turns":6.0},{"damage":0.0,"enemies":"Slavers","floor":25.0,"turns":3.0},{"damage":0.0,"enemies":"Gremlin Leader","floor":27.0,"turns":3.0},{"damage":0.0,"enemies":"Centurion and Healer","floor":28.0,"turns":3.0},{"damage":6.0,"enemies":"Slavers","floor":29.0,"turns":3.0},{"damage":0.0,"enemies":"Snecko","floor":31.0,"turns":2.0},{"damage":15.0,"enemies":"Automaton","floor":33.0,"turns":5.0},{"damage":0.0,"enemies":"Orb Walker","floor":35.0,"turns":1.0},{"damage":27.0,"enemies":"3 Shapes","floor":37.0,"turns":2.0},{"damage":0.0,"enemies":"Jaw Worm Horde","floor":39.0,"turns":2.0},{"damage":0.0,"enemies":"Nemesis","floor":42.0,"turns":3.0},{"damage":38.0,"enemies":"Giant Head","floor":44.0,"turns":5.0},{"damage":0.0,"enemies":"Sphere and 2 Shapes","floor":47.0,"turns":2.0},{"damage":10.0,"enemies":"Reptomancer","floor":48.0,"turns":2.0},{"damage":9.0,"enemies":"Awakened One","floor":50.0,"turns":6.0},{"damage":17,"enemies":"Time Eater","floor":51,"turns":5}],"seed_played":"-1601392082706764821","potions_obtained":[{"floor":6.0,"key":"LiquidBronze"},{"floor":8.0,"key":"Strength Potion"},{"floor":10.0,"key":"PowerPotion"},{"floor":21.0,"key":"Ancient Potion"},{"floor":27.0,"key":"Swift Potion"},{"floor":44.0,"key":"Weak Potion"}],"is_trial":false,"path_per_floor":["M","$","?","M","M","E","R","E","T","M","M","?","?","M","R","B",null,"M","?","?","M","$","E","R","E","T","E","M","E","?","M","R","B",null,"M","?","M","$","M","R","$","E","T","E","R","$","M","E","R","B","B",null],"character_chosen":"IRONCLAD","items_purchased":["Dead Branch","Impervious","FossilizedHelix","Bottled Lightning","Sever Soul+1"],"campfire_rested":2,"item_purchase_floors":[2,22,22,38,46],"current_hp_per_floor":[68,68,68,67,68,38,58,19,29,34,40,40,33,36,59,8,61,53,65,65,71,71,71,71,77,77,78,78,78,78,78,78,69,76,78,78,57,57,63,63,63,69,69,37,37,37,43,39,39,36,25],"gold":113,"neow_bonus":"TWO_FIFTY_GOLD","is_prod":false,"is_daily":false,"chose_seed":false,"campfire_upgraded":5,"win_rate":0,"timestamp":1558730861,"path_taken":["M","$","?","M","M","E","R","E","T","M","M","?","?","M","R","BOSS","M","?","?","M","$","E","R","E","T","E","M","E","?","?","R","BOSS","M","?","?","$","M","R","?","E","T","E","R","$","M","E","R","BOSS","BOSS"],"build_version":"2019-01-23","purchased_purges":1,"victory":true,"max_hp_per_floor":[68,68,68,68,68,68,68,68,78,78,78,78,78,78,78,78,78,78,78,78,78,78,78,78,78,78,78,78,78,78,78,78,78,78,78,78,78,78,78,78,78,78,78,78,78,78,78,78,78,78,78],"card_choices":[{"not_picked":["True Grit","Shockwave"],"picked":"Anger","floor":1.0},{"not_picked":["Heavy Blade","Cleave"],"picked":"Havoc","floor":4.0},{"not_picked":["Wild Strike","Flex","Heavy Blade"],"picked":"SKIP","floor":5.0},{"not_picked":["Berserk","Perfected Strike","Evolve"],"picked":"SKIP","floor":6.0},{"not_picked":["Bloodletting","Whirlwind"],"picked":"Seeing Red","floor":8.0},{"not_picked":["Sentinel","Thunderclap"],"picked":"Shrug It Off","floor":10.0},{"not_picked":["Clothesline","Anger","Headbutt"],"picked":"SKIP","floor":11.0},{"not_picked":["Combust","Headbutt"],"picked":"Shrug It Off","floor":14.0},{"not_picked":["Offering","Reaper"],"picked":"Fiend Fire","floor":16.0},{"not_picked":["Sentinel","Sword Boomerang"],"picked":"Shrug It Off","floor":18.0},{"not_picked":["Iron Wave","Shrug It Off","Twin Strike"],"picked":"SKIP","floor":21.0},{"not_picked":["Dropkick+1","Shockwave"],"picked":"Second Wind+1","floor":23.0},{"not_picked":["Battle Trance","Armaments"],"picked":"Second Wind","floor":25.0},{"not_picked":["Pommel Strike","Offering"],"picked":"Juggernaut","floor":27.0},{"not_picked":["Pommel Strike","Warcry"],"picked":"Shrug It Off","floor":28.0},{"not_picked":["Intimidate","Metallicize"],"picked":"Dual Wield","floor":29.0},{"not_picked":["Ghostly Armor+1","Rage","Perfected Strike"],"picked":"SKIP","floor":31.0},{"not_picked":["Juggernaut","Berserk"],"picked":"Fiend Fire","floor":33.0},{"not_picked":["Flame Barrier","Dual Wield","Infernal Blade"],"picked":"SKIP","floor":35.0},{"not_picked":["Shrug It Off","Iron Wave","Anger"],"picked":"SKIP","floor":37.0},{"not_picked":["Perfected Strike","Pommel Strike+1","Reckless Charge+1"],"picked":"SKIP","floor":39.0},{"not_picked":["Burning Pact","Pummel+1"],"picked":"Entrench","floor":42.0},{"not_picked":["Second Wind+1","Wild Strike+1","Evolve"],"picked":"SKIP","floor":44.0},{"not_picked":["Sword Boomerang+1","Clash+1","Pommel Strike+1"],"picked":"SKIP","floor":47.0},{"not_picked":["Pummel+1","Intimidate"],"picked":"Corruption","floor":48.0}],"player_experience":1394427,"relics_obtained":[{"floor":6.0,"key":"WingedGreaves"},{"floor":8.0,"key":"MawBank"},{"floor":9.0,"key":"Pear"},{"floor":19.0,"key":"Champion Belt"},{"floor":19.0,"key":"Gremlin Horn"},{"floor":23.0,"key":"Vajra"},{"floor":25.0,"key":"Matryoshka"},{"floor":26.0,"key":"Whetstone"},{"floor":27.0,"key":"Bottled Flame"},{"floor":29.0,"key":"Bottled Tornado"},{"floor":42.0,"key":"Pocketwatch"},{"floor":43.0,"key":"Boot"},{"floor":43.0,"key":"Molten Egg 2"},{"floor":44.0,"key":"Pen Nib"},{"floor":48.0,"key":"Juzu Bracelet"}],"event_choices":[{"damage_healed":0.0,"max_hp_gain":0.0,"max_hp_loss":0.0,"gold_gain":0.0,"event_name":"Scrap Ooze","player_choice":"Fled","floor":3.0,"gold_loss":0.0,"damage_taken":0.0},{"damage_healed":0.0,"max_hp_gain":0.0,"max_hp_loss":0.0,"gold_gain":0.0,"event_name":"Liars Game","player_choice":"Ignored","floor":12.0,"gold_loss":0.0,"damage_taken":0.0},{"cards_removed":["Strike_R"],"damage_healed":0.0,"max_hp_gain":0.0,"max_hp_loss":0.0,"gold_gain":0.0,"event_name":"Golden Wing","player_choice":"Card Removal","floor":13.0,"gold_loss":0.0,"damage_taken":7.0},{"damage_healed":0.0,"max_hp_gain":0.0,"max_hp_loss":0.0,"gold_gain":0.0,"event_name":"Colosseum","player_choice":"Fight","floor":19.0,"gold_loss":0.0,"damage_taken":0.0},{"damage_healed":0.0,"max_hp_gain":0.0,"max_hp_loss":0.0,"gold_gain":0.0,"event_name":"Colosseum","player_choice":"Fought Nobs","floor":19.0,"gold_loss":0.0,"damage_taken":0.0},{"cards_removed":["Strike_R"],"damage_healed":0.0,"max_hp_gain":0.0,"max_hp_loss":0.0,"gold_gain":0.0,"event_name":"Beggar","player_choice":"Gave Gold","floor":20.0,"gold_loss":75.0,"damage_taken":0.0},{"damage_healed":0.0,"max_hp_gain":0.0,"max_hp_loss":0.0,"gold_gain":0.0,"event_name":"Duplicator","player_choice":"Copied","floor":30.0,"gold_loss":0.0,"damage_taken":0.0,"cards_obtained":["Fiend Fire"]},{"cards_removed":["Anger"],"damage_healed":0.0,"max_hp_gain":0.0,"max_hp_loss":0.0,"gold_gain":0.0,"event_name":"Purifier","player_choice":"Purged","floor":36.0,"gold_loss":0.0,"damage_taken":0.0}],"is_beta":false,"boss_relics":[{"not_picked":["Tiny House","Black Blood"],"picked":"Snecko Eye"},{"not_picked":["Runic Pyramid","White Beast Statue"],"picked":"Coffee Dripper"}],"items_purged_floors":[22],"is_endless":false,"potions_floor_spawned":[6,8,10,14,19,21,27,28,29,39,44,48],"ascension_level":20}