{"gold_per_floor":[112,112,132,150,22,52,52,83,83,10,10,22,22,56,56,133,133,144,144,161,171,71,98,98,118,118,131,181,214,214,231,231,308,308,321,321,321,338,338,365,365,391,417,427,439,449,463,476,476,476],"floor_reached":50,"playtime":2638,"items_purged":["Strike_B","Strike_B"],"score":1012,"play_id":"6dc20926-a04b-409c-b0b9-8d2fc12aa5d6","local_time":"20180819133308","is_ascension_mode":true,"campfire_choices":[{"floor":7.0,"key":"REST"},{"data":"Auto Shields","floor":11.0,"key":"SMITH"},{"floor":13.0,"key":"REST"},{"data":"Machine Learning","floor":15.0,"key":"SMITH"},{"floor":24.0,"key":"REST"},{"floor":30.0,"key":"REST"},{"floor":32.0,"key":"REST"},{"floor":41.0,"key":"REST"},{"floor":49.0,"key":"REST"}],"neow_cost":"NONE","seed_source_timestamp":0,"circlet_count":0,"master_deck":["Strike_B","Defend_B","Defend_B","Defend_B","Defend_B","Zap+1","Dualcast","AscendersBane","Compile Driver","Leap","Leap","Ball Lightning","Steam","Auto Shields+1","Hologram","Coolheaded","Machine Learning+1","Electrodynamics","Defragment","Hologram","Loop","Loop","Loop","Leap+1","Conserve Battery","Go for the Eyes","Glacier","Creative AI","Cold Snap","Cold Snap+1","Ball Lightning","Stack","Loop"],"special_seed":0,"relics":["Cracked Core","DataDisk","Matryoshka","Dream Catcher","Ancient Tea Set","Symbiotic Virus","Blood Vial","Fusion Hammer","Omamori","Anchor","Du-Vu Doll","Bottled Flame","Orichalcum","Shuriken","Art of War"],"potions_floor_usage":[],"damage_taken":[{"damage":10.0,"enemies":"Small Slimes","floor":1.0,"turns":3.0},{"damage":2.0,"enemies":"Jaw Worm","floor":3.0,"turns":3.0},{"damage":0.0,"enemies":"2 Louse","floor":4.0,"turns":2.0},{"damage":21.0,"enemies":"Gremlin Nob","floor":6.0,"turns":4.0},{"damage":18.0,"enemies":"Lagavulin","floor":8.0,"turns":7.0},{"damage":0.0,"enemies":"Blue Slaver","floor":12.0,"turns":2.0},{"damage":19.0,"enemies":"Gremlin Nob","floor":14.0,"turns":4.0},{"damage":13.0,"enemies":"Hexaghost","floor":16.0,"turns":14.0},{"damage":0.0,"enemies":"Spheric Guardian","floor":18.0,"turns":3.0},{"damage":3.0,"enemies":"3 Byrds","floor":20.0,"turns":2.0},{"damage":1.0,"enemies":"Snake Plant","floor":21.0,"turns":3.0},{"damage":16.0,"enemies":"Slavers","floor":23.0,"turns":4.0},{"damage":15.0,"enemies":"Sentry and Sphere","floor":25.0,"turns":4.0},{"damage":0.0,"enemies":"Snecko","floor":27.0,"turns":4.0},{"damage":14.0,"enemies":"Gremlin Leader","floor":29.0,"turns":7.0},{"damage":9.0,"enemies":"Cultist and Chosen","floor":31.0,"turns":5.0},{"damage":24.0,"enemies":"Collector","floor":33.0,"turns":12.0},{"damage":15.0,"enemies":"3 Darklings","floor":35.0,"turns":4.0},{"damage":6.0,"enemies":"Flame Bruiser 1 Orb","floor":38.0,"turns":7.0},{"damage":18.0,"enemies":"Nemesis","floor":40.0,"turns":13.0},{"damage":8.0,"enemies":"2 Orb Walkers","floor":42.0,"turns":4.0},{"damage":9.0,"enemies":"Spire Growth","floor":44.0,"turns":10.0},{"damage":9.0,"enemies":"Maw","floor":45.0,"turns":10.0},{"damage":27.0,"enemies":"Transient","floor":46.0,"turns":5.0},{"damage":1.0,"enemies":"4 Shapes","floor":47.0,"turns":6.0},{"damage":1.0,"enemies":"Sphere and 2 Shapes","floor":48.0,"turns":6.0},{"damage":51,"enemies":"Time Eater","floor":50,"turns":14}],"seed_played":"-5568601076888152848","potions_obtained":[{"floor":1.0,"key":"AttackPotion"},{"floor":3.0,"key":"SteroidPotion"},{"floor":14.0,"key":"FearPotion"},{"floor":20.0,"key":"GamblersBrew"},{"floor":44.0,"key":"Explosive Potion"}],"is_trial":false,"path_per_floor":["M","?","M","M","$","E","R","E","T","$","R","M","R","E","R","B",null,"M","?","M","M","$","E","R","M","T","M","?","E","R","M","R","B",null,"M","?","?","M","?","E","R","E","T","M","M","M","M","M","R"],"character_chosen":"DEFECT","items_purchased":["Cold Snap","Auto Shields"],"campfire_rested":7,"item_purchase_floors":[5,10],"current_hp_per_floor":[54,49,47,47,47,26,47,29,29,29,29,29,50,31,31,20,58,60,60,59,60,60,46,67,54,54,56,56,44,65,58,71,47,65,52,66,66,62,62,46,67,61,61,54,47,22,23,24,45,0],"gold":476,"neow_bonus":"UPGRADE_CARD","is_prod":false,"is_daily":false,"chose_seed":false,"campfire_upgraded":2,"win_rate":0,"timestamp":1534699988,"path_taken":["M","?","M","M","$","E","R","E","T","$","R","M","R","E","R","BOSS","M","?","M","M","?","E","R","?","T","M","?","E","R","M","R","BOSS","M","?","?","?","?","E","R","E","T","M","M","M","M","M","R","BOSS"],"build_version":"2018-08-16","purchased_purges":2,"victory":false,"max_hp_per_floor":[71,71,71,71,71,71,71,71,71,71,71,71,71,71,71,71,71,71,71,71,71,71,71,71,71,71,71,71,71,71,71,71,71,71,71,71,71,71,71,71,71,71,71,71,71,71,71,71,71,71],"card_choices":[{"not_picked":["Redo","Hello World"],"picked":"Compile Driver","floor":1.0},{"not_picked":["Steam","Gash"],"picked":"Leap","floor":3.0},{"not_picked":["Melter","Consume"],"picked":"Leap","floor":4.0},{"not_picked":["Loop","BootSequence"],"picked":"Ball Lightning","floor":6.0},{"not_picked":["Chaos","Turbo"],"picked":"Steam","floor":8.0},{"not_picked":["Barrage","White Noise"],"picked":"Hologram","floor":12.0},{"not_picked":["Streamline","Tempest"],"picked":"Coolheaded","floor":13.0},{"not_picked":["Gash","Coolheaded"],"picked":"Machine Learning","floor":14.0},{"not_picked":["All For One","Multi-Cast"],"picked":"Electrodynamics","floor":16.0},{"not_picked":["Skim","White Noise"],"picked":"Defragment","floor":18.0},{"not_picked":["Doom and Gloom","Fusion"],"picked":"Hologram","floor":20.0},{"not_picked":["Beam Cell+1","Streamline"],"picked":"Loop","floor":21.0},{"not_picked":["All For One","Compile Driver"],"picked":"Loop","floor":23.0},{"not_picked":["Coolheaded","Redo"],"picked":"Loop","floor":25.0},{"not_picked":["Rebound","Melter"],"picked":"Leap+1","floor":27.0},{"not_picked":["Loop+1","Turbo"],"picked":"Conserve Battery","floor":29.0},{"not_picked":["Streamline","Redo"],"picked":"Go for the Eyes","floor":31.0},{"not_picked":["Sunder","FTL+1"],"picked":"Glacier","floor":32.0},{"not_picked":["Rainbow","Fission"],"picked":"Creative AI","floor":33.0},{"not_picked":["Coolheaded","Auto Shields"],"picked":"Cold Snap","floor":35.0},{"not_picked":["White Noise+1","Rebound+1","Steam"],"picked":"SKIP","floor":38.0},{"not_picked":["Leap","Rip and Tear","Thunder Strike"],"picked":"SKIP","floor":40.0},{"not_picked":["Leap","BootSequence+1"],"picked":"Cold Snap+1","floor":42.0},{"not_picked":["Darkness","Leap"],"picked":"Ball Lightning","floor":44.0},{"not_picked":["Rebound","Cold Snap"],"picked":"Stack","floor":45.0},{"not_picked":["Recycle","Leap","Compile Driver"],"picked":"SKIP","floor":46.0},{"not_picked":["Consume","Heatsinks","Cold Snap+1"],"picked":"SKIP","floor":47.0},{"not_picked":["Biased Cognition","Conserve Battery"],"picked":"Loop","floor":48.0}],"player_experience":267400,"relics_obtained":[{"floor":6.0,"key":"Matryoshka"},{"floor":8.0,"key":"Dream Catcher"},{"floor":9.0,"key":"Ancient Tea Set"},{"floor":9.0,"key":"Symbiotic Virus"},{"floor":14.0,"key":"Blood Vial"},{"floor":23.0,"key":"Omamori"},{"floor":26.0,"key":"Anchor"},{"floor":26.0,"key":"Du-Vu Doll"},{"floor":29.0,"key":"Bottled Flame"},{"floor":40.0,"key":"Orichalcum"},{"floor":42.0,"key":"Shuriken"},{"floor":43.0,"key":"Art of War"}],"event_choices":[{"event_name":"Scrap Ooze","player_choice":"success","floor":2.0,"damage_taken":5.0},{"event_name":"Cursed Tome","player_choice":"Ignored","floor":19.0,"damage_taken":0.0},{"event_name":"Nest","player_choice":"Stole From Cult","floor":28.0,"damage_taken":0.0},{"event_name":"Winding Halls","player_choice":"Writhe","floor":36.0,"damage_taken":0.0},{"event_name":"Falling","player_choice":"Removed Attack","floor":37.0,"damage_taken":0.0},{"event_name":"Bonfire Elementals","player_choice":"BASIC","floor":39.0,"damage_taken":0.0}],"is_beta":false,"boss_relics":[{"not_picked":["Busted Crown","Pandora\u0027s Box"],"picked":"Fusion Hammer"},{"not_picked":["Runic Pyramid","Snecko Eye","Coffee Dripper"]}],"items_purged_floors":[5,22],"is_endless":false,"potions_floor_spawned":[1,3,4,14,20,21,27,31,33,38,44,45],"killed_by":"Time Eater","ascension_level":15}