{"gold_per_floor":[119,33,33,51,51,80,92,92,92,118,43,77,77,89,89,166,166,178,178,78,89,104,104,118,118],"floor_reached":25,"playtime":666,"items_purged":["Strike_B","Dualcast"],"score":492,"play_id":"f860c52d-5f77-4eb7-b9b4-1b6758871409","local_time":"20190525185051","is_ascension_mode":true,"campfire_choices":[{"data":"Zap","floor":8,"key":"SMITH"},{"floor":13,"key":"REST"},{"data":"Coolheaded","floor":15,"key":"SMITH"},{"floor":23,"key":"REST"}],"neow_cost":"NONE","seed_source_timestamp":1318166487900,"circlet_count":0,"master_deck":["AscendersBane","Zap+1","Capacitor","Sunder+1","FTL","Gash","Scrape","Go for the Eyes","Beam Cell","Coolheaded+1","Electrodynamics","FTL","Steam","Conserve Battery","Conserve Battery","Rainbow","Creative AI","Loop","Coolheaded","Coolheaded+1","Glacier","Biased Cognition","FTL","Conserve Battery+1"],"relics":["Cracked Core","NeowsBlessing","Pear","Bottled Flame","Dream Catcher","Regal Pillow","Pandora\u0027s Box"],"potions_floor_usage":[],"damage_taken":[{"damage":0,"enemies":"2 Louse","floor":1,"turns":1},{"damage":0,"enemies":"Small Slimes","floor":4,"turns":1},{"damage":0,"enemies":"Lagavulin","floor":6,"turns":1},{"damage":2,"enemies":"Jaw Worm","floor":7,"turns":3},{"damage":8,"enemies":"Gremlin Nob","floor":10,"turns":3},{"damage":15,"enemies":"3 Sentries","floor":12,"turns":5},{"damage":4,"enemies":"3 Louse","floor":14,"turns":3},{"damage":59,"enemies":"The Guardian","floor":16,"turns":12},{"damage":28,"enemies":"Chosen","floor":18,"turns":6},{"damage":8,"enemies":"Spheric Guardian","floor":21,"turns":4},{"damage":20,"enemies":"Chosen and Byrds","floor":22,"turns":6},{"damage":13,"enemies":"Snake Plant","floor":24,"turns":5},{"damage":0,"enemies":"Slavers","floor":25,"turns":1}],"seed_played":"-4621350480262257079","potions_obtained":[{"floor":4,"key":"Swift Potion"},{"floor":10,"key":"GamblersBrew"},{"floor":21,"key":"Block Potion"}],"is_trial":false,"path_per_floor":["M","$","?","M","?","E","M","R","T","E","$","E","R","M","R","B",null,"M","?","$","M","M","R","M","E"],"character_chosen":"DEFECT","items_purchased":["Sunder"],"campfire_rested":2,"item_purchase_floors":[2],"current_hp_per_floor":[64,64,43,43,43,53,51,51,51,43,43,28,67,63,63,4,62,34,34,34,26,6,45,32,32],"gold":118,"neow_bonus":"THREE_ENEMY_KILL","is_prod":false,"is_daily":false,"chose_seed":false,"campfire_upgraded":2,"win_rate":0,"timestamp":1558806651,"path_taken":["M","$","?","M","?","E","M","R","T","E","?","E","R","M","R","BOSS","M","?","$","?","M","R","M","E"],"build_version":"2019-01-23","purchased_purges":2,"victory":false,"max_hp_per_floor":[71,71,71,71,71,81,81,81,81,81,81,81,81,81,81,81,81,81,81,81,81,81,81,81,81],"card_choices":[{"not_picked":["Rebound","Loop"],"picked":"Capacitor","floor":1},{"not_picked":["Heatsinks","Gash"],"picked":"FTL","floor":4},{"not_picked":["Barrage","Multi-Cast"],"picked":"Gash","floor":6},{"not_picked":["Stack","Redo"],"picked":"Scrape","floor":7},{"not_picked":["Turbo","Reprogram"],"picked":"Go for the Eyes","floor":10},{"not_picked":["Meteor Strike","Fusion","Lockon"],"picked":"SKIP","floor":12},{"not_picked":["Sweeping Beam","Turbo"],"picked":"Beam Cell","floor":13},{"not_picked":["Auto Shields","Conserve Battery"],"picked":"Coolheaded","floor":14},{"not_picked":["Seek","Thunder Strike"],"picked":"Electrodynamics","floor":16},{"not_picked":["Steam","Streamline+1"],"picked":"Coolheaded","floor":18},{"not_picked":["Turbo","Ball Lightning"],"picked":"Glacier","floor":21},{"not_picked":["Ball Lightning","Beam Cell"],"picked":"Biased Cognition","floor":22},{"not_picked":["Loop","Redo"],"picked":"FTL","floor":23},{"not_picked":["Coolheaded","Sweeping Beam"],"picked":"Conserve Battery+1","floor":24}],"player_experience":1398086,"relics_obtained":[{"floor":6,"key":"Pear"},{"floor":9,"key":"Bottled Flame"},{"floor":10,"key":"Dream Catcher"},{"floor":12,"key":"Regal Pillow"}],"event_choices":[{"damage_healed":0,"gold_gain":0,"player_choice":"Entered Light","damage_taken":21,"max_hp_gain":0,"max_hp_loss":0,"event_name":"Shining Light","floor":3,"gold_loss":0,"cards_upgraded":["Sunder","Strike_B"]},{"damage_healed":0,"gold_gain":0,"player_choice":"Ignored","damage_taken":0,"max_hp_gain":0,"max_hp_loss":0,"event_name":"Liars Game","floor":5,"gold_loss":0},{"damage_healed":0,"gold_gain":0,"player_choice":"Copied","damage_taken":0,"max_hp_gain":0,"max_hp_loss":0,"event_name":"Duplicator","floor":19,"gold_loss":0,"cards_obtained":["Coolheaded"]}],"is_beta":false,"boss_relics":[{"not_picked":["Runic Dome","Fusion Hammer"],"picked":"Pandora\u0027s Box"}],"items_purged_floors":[11,20],"is_endless":false,"potions_floor_spawned":[4,10,21,22,24],"killed_by":"Slavers","ascension_level":20}