{"gold_per_floor":[113,131,55,20,30,30,65,80,105,132,132,147,160,194,194,271,271,271,271,271,271,271,271,271,271,271,271],"floor_reached":27,"playtime":866,"items_purged":[],"score":454,"play_id":"c5608e4a-30fe-400a-93b6-8bc8e1094940","local_time":"20190315143342","is_ascension_mode":true,"campfire_choices":[{"data":"Sunder","floor":6.0,"key":"SMITH"},{"floor":11.0,"key":"REST"},{"floor":15.0,"key":"REST"},{"floor":23,"key":"REST"}],"neow_cost":"NONE","seed_source_timestamp":101818859412500,"circlet_count":0,"master_deck":["AscendersBane","Strike_B","Strike_B","Strike_B","Defend_B","Defend_B","Defend_B","Defend_B","Zap","Dualcast","Genetic Algorithm","Go for the Eyes","Sunder+1","Beam Cell","Tempest","Hologram","Compile Driver","Machine Learning","Cold Snap","Leap","Core Surge","Compile Driver+1","Ball Lightning+1","Storm","Genetic Algorithm","Coolheaded","Steam"],"special_seed":0,"relics":["Cracked Core","NeowsBlessing","DataDisk","Omamori","Odd Mushroom","Art of War","Ectoplasm","Juzu Bracelet"],"potions_floor_usage":[],"damage_taken":[{"damage":0.0,"enemies":"Cultist","floor":1.0,"turns":1.0},{"damage":0.0,"enemies":"Jaw Worm","floor":2.0,"turns":1.0},{"damage":0.0,"enemies":"Small Slimes","floor":5.0,"turns":1.0},{"damage":30.0,"enemies":"3 Sentries","floor":7.0,"turns":6.0},{"damage":11.0,"enemies":"Exordium Thugs","floor":8.0,"turns":3.0},{"damage":11.0,"enemies":"The Mushroom Lair","floor":10.0,"turns":3.0},{"damage":11.0,"enemies":"Exordium Wildlife","floor":12.0,"turns":3.0},{"damage":15.0,"enemies":"Large Slime","floor":13.0,"turns":5.0},{"damage":12.0,"enemies":"Lagavulin","floor":14.0,"turns":5.0},{"damage":25,"enemies":"Slime Boss","floor":16,"turns":8},{"damage":3,"enemies":"3 Byrds","floor":18,"turns":4},{"damage":26,"enemies":"Shell Parasite","floor":19,"turns":4},{"damage":13,"enemies":"Snake Plant","floor":22,"turns":3},{"damage":20,"enemies":"Centurion and Healer","floor":24,"turns":7},{"damage":13,"enemies":"Snecko","floor":25,"turns":5},{"damage":0,"enemies":"Snake Plant","floor":27,"turns":1}],"seed_played":"4271331339964966716","potions_obtained":[{"floor":2.0,"key":"Regen Potion"},{"floor":5.0,"key":"SmokeBomb"},{"floor":12.0,"key":"PowerPotion"},{"floor":16,"key":"Weak Potion"},{"floor":22,"key":"EssenceOfSteel"},{"floor":25,"key":"FocusPotion"}],"is_trial":false,"path_per_floor":["M","M","$","?","M","R","E","M","T","?","R","M","M","E","R","B",null,"M","M","?","?","M","R","M","M","T","M"],"character_chosen":"DEFECT","items_purchased":["Sunder"],"campfire_rested":3,"item_purchase_floors":[3],"current_hp_per_floor":[64,64,64,71,71,71,41,30,30,19,40,29,28,16,37,12,56,53,27,27,27,14,35,15,2,2,2],"gold":271,"neow_bonus":"THREE_ENEMY_KILL","is_prod":false,"is_daily":false,"chose_seed":false,"campfire_upgraded":1,"win_rate":0,"timestamp":1552660422,"path_taken":["M","M","?","?","M","R","E","M","T","?","R","M","?","E","R","BOSS","M","M","?","?","M","R","M","?","T","M"],"build_version":"2019-01-23","purchased_purges":0,"victory":false,"max_hp_per_floor":[71,71,71,71,71,71,71,71,71,71,71,71,71,71,71,71,71,71,71,71,71,71,71,71,71,71,71],"card_choices":[{"not_picked":["Turbo","Sweeping Beam"],"picked":"Genetic Algorithm","floor":1.0},{"not_picked":["Turbo","Self Repair"],"picked":"Go for the Eyes","floor":2.0},{"not_picked":["Go for the Eyes","Stack"],"picked":"Beam Cell","floor":5.0},{"not_picked":["Beam Cell","Sunder"],"picked":"Tempest","floor":7.0},{"not_picked":["Barrage","Glacier"],"picked":"Hologram","floor":8.0},{"not_picked":["Sunder","Steam"],"picked":"Compile Driver","floor":10.0},{"not_picked":["Compile Driver","Go for the Eyes"],"picked":"Machine Learning","floor":12.0},{"not_picked":["Turbo","Compile Driver"],"picked":"Cold Snap","floor":13.0},{"not_picked":["Cold Snap","Steam"],"picked":"Leap","floor":14.0},{"not_picked":["Hyperbeam","Meteor Strike"],"picked":"Core Surge","floor":16},{"not_picked":["Stack","Storm"],"picked":"Compile Driver+1","floor":18},{"not_picked":["Barrage","Steam"],"picked":"Ball Lightning+1","floor":19},{"not_picked":["Lockon+1","Steam"],"picked":"Genetic Algorithm","floor":22},{"not_picked":["Beam Cell","Cold Snap"],"picked":"Coolheaded","floor":24},{"not_picked":["Streamline","Beam Cell"],"picked":"Steam","floor":25}],"player_experience":1282847,"relics_obtained":[{"floor":7.0,"key":"DataDisk"},{"floor":9.0,"key":"Omamori"},{"floor":10.0,"key":"Odd Mushroom"},{"floor":14.0,"key":"Art of War"},{"floor":26,"key":"Juzu Bracelet"}],"event_choices":[{"damage_healed":17.0,"max_hp_gain":0.0,"max_hp_loss":0.0,"gold_gain":0.0,"event_name":"The Cleric","player_choice":"Healed","floor":4.0,"gold_loss":35.0,"damage_taken":0.0},{"damage_healed":0.0,"max_hp_gain":0.0,"max_hp_loss":0.0,"gold_gain":0.0,"event_name":"Mushrooms","player_choice":"Fought Mushrooms","floor":10.0,"gold_loss":0.0,"damage_taken":0.0},{"damage_healed":0,"gold_gain":0,"player_choice":"Ignored","damage_taken":0,"max_hp_gain":0,"max_hp_loss":0,"event_name":"Ghosts","floor":20,"gold_loss":0},{"damage_healed":0,"gold_gain":0,"cards_transformed":["Strike_B"],"player_choice":"Transformed","damage_taken":0,"max_hp_gain":0,"max_hp_loss":0,"event_name":"Transmorgrifier","floor":21,"gold_loss":0,"cards_obtained":["Storm"]}],"is_beta":false,"boss_relics":[{"not_picked":["Busted Crown","Runic Dome"],"picked":"Ectoplasm"}],"items_purged_floors":[],"is_endless":false,"potions_floor_spawned":[2,5,10,12,16,22,25],"killed_by":"Snake Plant","ascension_level":20}