{"path_per_floor":["M","$","?","M","M","?","R","M","T","R","?","R","M","M","R","B",null,"M","$","?","M","M","R","?","$","T","M","R","E","?","M","R","B",null,"M","?"],"character_chosen":"THE_SILENT","items_purchased":["Heel Hook","Deadly Poison","Leg Sweep","Endless Agony"],"gold_per_floor":[111,25,25,38,50,50,50,61,131,131,131,131,147,157,157,255,255,255,134,134,134,134,134,34,34,34,34,34,34,34,34,34,34,34,34,34],"floor_reached":37,"campfire_rested":4,"playtime":3371,"current_hp_per_floor":[70,70,70,70,70,70,70,65,65,65,65,70,69,69,69,40,70,65,65,65,61,31,52,52,52,52,57,70,55,55,38,59,5,70,1,1],"items_purged":[],"gold":34,"play_id":"eb2b5670-dc33-415d-83c8-86b354047cee","is_prod":false,"is_daily":false,"is_ascension_mode":false,"campfire_upgraded":3,"path_taken":["M","?","?","M","M","?","R","M","T","R","?","R","M","M","R","BOSS","M","$","?","M","M","R","?","?","T","M","R","E","?","M","R","BOSS","M","?","M"],"build_version":"2018-01-25-PROD3","purchased_purges":0,"victory":false,"master_deck":["Defend_G","Defend_G","Defend_G","Defend_G","Defend_G","Strike_G","Strike_G","Strike_G+1","Strike_G","Survivor","Neutralize+1","Night Terror","Heel Hook+1","Deadly Poison","Predator+1","Flying Knee+1","Acrobatics","Poisoned Stab","PiercingWail","After Image","Dagger Throw+1","Leg Sweep","Endless Agony","Outmaneuver+1","Distraction","Terror","Sucker Punch+1","Poisoned Stab","Burst","Dagger Spray+1"],"max_hp_per_floor":[70,70,70,70,70,70,70,70,70,70,70,70,70,70,70,70,70,70,70,70,70,70,70,70,70,70,70,70,70,70,70,70,70,70,70,70],"relics":["Ring of the Snake","Ninja Scroll","Ectoplasm","Whetstone","Orichalcum","Thread and Needle","Black Star"],"card_choices":[{"not_picked":["Dodge and Roll","Caltrops"],"picked":"Night Terror"},{"not_picked":["Calculated Gamble","Outmaneuver"],"picked":"Predator"},{"not_picked":["Poisoned Stab","Slice"],"picked":"Flying Knee"},{"not_picked":["Dagger Spray","Sucker Punch"],"picked":"Acrobatics"},{"not_picked":["Slice","PiercingWail"],"picked":"Poisoned Stab"},{"not_picked":["Dagger Throw","Choke"],"picked":"PiercingWail"},{"not_picked":["Phantasmal Killer","Venomology"],"picked":"After Image"},{"not_picked":["Terror","Flying Knee"],"picked":"Dagger Throw"},{"not_picked":["Deflect","Poisoned Stab"],"picked":"Outmaneuver"},{"not_picked":["Dash","Prepared"],"picked":"Distraction"},{"not_picked":["Dagger Throw","Prepared"],"picked":"Terror"},{"not_picked":["Flying Knee","Dagger Throw"],"picked":"Sucker Punch"},{"not_picked":["Backflip","Slice"],"picked":"Poisoned Stab"},{"not_picked":["Adrenaline","Glass Knife"],"picked":"Burst"},{"not_picked":["Crippling Poison","Outmaneuver"],"picked":"Dagger Spray"}],"player_experience":2296,"potions_floor_usage":[27,33,33,33],"damage_taken":[{"damage":0.0,"enemies":"Blue Slaver","floor":1.0,"turns":6.0},{"damage":0.0,"enemies":"Jaw Worm","floor":4.0,"turns":4.0},{"damage":0.0,"enemies":"2 Louse","floor":5.0,"turns":3.0},{"damage":5.0,"enemies":"Large Slime","floor":8.0,"turns":5.0},{"damage":1.0,"enemies":"2 Fungi Beasts","floor":13.0,"turns":3.0},{"damage":0.0,"enemies":"Gremlin Gang","floor":14.0,"turns":4.0},{"damage":29.0,"enemies":"Hexaghost","floor":16.0,"turns":10.0},{"damage":5,"enemies":"3 Byrds","floor":18,"turns":5},{"damage":4,"enemies":"Spheric Guardian","floor":21,"turns":4},{"damage":30,"enemies":"Snake Plant","floor":22,"turns":5},{"damage":7,"enemies":"Centurion and Healer","floor":27,"turns":9},{"damage":15,"enemies":"Book of Stabbing","floor":29,"turns":5},{"damage":17,"enemies":"3 Cultists","floor":31,"turns":9},{"damage":54,"enemies":"Champ","floor":33,"turns":12},{"damage":69,"enemies":"3 Shapes","floor":35,"turns":10},{"damage":4,"enemies":"Orb Walker","floor":37,"turns":3}],"event_choices":[{"event_name":"The Cleric","player_choice":"Leave","floor":3.0,"damage_taken":0.0},{"event_name":"The Lab","player_choice":"Got Potions","floor":6.0,"damage_taken":0.0},{"event_name":"Liars Game","player_choice":"disagreed","floor":11.0,"damage_taken":0.0},{"event_name":"Beggar","player_choice":"Ignored","floor":20,"damage_taken":0},{"event_name":"Drug Dealer","player_choice":"Got JAXXED","floor":24,"damage_taken":0},{"event_name":"Addict","player_choice":"Gave JAX","floor":30,"damage_taken":0},{"event_name":"Bonfire Elementals","player_choice":"BASIC","floor":36,"damage_taken":0}],"boss_relics":[{"not_picked":["The Specimen","Tiny House"],"picked":"Ectoplasm"},{"not_picked":["Snecko Eye","Orrery"],"picked":"Black Star"}],"potions_floor_spawned":[4,13,14,16,21,27,29,31],"seed_played":"4113336195227676161","killed_by":"Orb Walker","ascension_level":0,"is_trial":false}