{"gold_per_floor":[117,42,42,67,67,108,108,108,108,160,195,225,237],"floor_reached":13,"playtime":211,"items_purged":[],"score":236,"play_id":"cbd06719-78cd-44ff-a948-7463a4cc6938","local_time":"20190525200727","is_ascension_mode":true,"campfire_choices":[{"data":"Zap","floor":8,"key":"SMITH"}],"neow_cost":"NONE","seed_source_timestamp":6370061529000,"circlet_count":0,"master_deck":["AscendersBane","Strike_B","Strike_B+1","Strike_B","Defend_B","Defend_B+1","Defend_B","Defend_B","Zap+1","Dualcast","Cold Snap","FTL","Seek","Leap","FTL","Steam"],"relics":["Cracked Core","NeowsBlessing","Golden Idol","Gremlin Horn","MawBank","PreservedInsect"],"potions_floor_usage":[],"damage_taken":[{"damage":0,"enemies":"Jaw Worm","floor":1,"turns":1},{"damage":0,"enemies":"Small Slimes","floor":4,"turns":1},{"damage":0,"enemies":"Lagavulin","floor":6,"turns":1},{"damage":29,"enemies":"Gremlin Nob","floor":10,"turns":4},{"damage":1,"enemies":"2 Louse","floor":11,"turns":2},{"damage":3,"enemies":"Blue Slaver","floor":12,"turns":4},{"damage":9,"enemies":"Gremlin Gang","floor":13,"turns":3}],"seed_played":"-274839072826004806","potions_obtained":[{"floor":10,"key":"Dexterity Potion"},{"floor":12,"key":"EssenceOfSteel"}],"is_trial":false,"path_per_floor":["M","?","?","M","$","E","?","R","T","E","M","M","M"],"character_chosen":"DEFECT","items_purchased":[],"campfire_rested":0,"item_purchase_floors":[],"current_hp_per_floor":[64,64,64,64,64,64,45,45,45,16,15,12,3],"gold":237,"neow_bonus":"THREE_ENEMY_KILL","is_prod":false,"is_daily":false,"chose_seed":false,"campfire_upgraded":1,"win_rate":0,"timestamp":1558811247,"path_taken":["M","?","?","M","$","E","?","R","T","E","M","M","M"],"build_version":"2019-01-23","purchased_purges":0,"victory":false,"max_hp_per_floor":[71,71,64,64,64,64,64,64,64,64,64,64,64],"card_choices":[{"not_picked":["Redo","Rebound"],"picked":"Cold Snap","floor":1},{"not_picked":["Go for the Eyes","Streamline"],"picked":"FTL","floor":4},{"not_picked":["Ball Lightning","Aggregate"],"picked":"Seek","floor":6},{"not_picked":["Creative AI","Thunder Strike"],"picked":"Leap","floor":10},{"not_picked":["Chill","Sweeping Beam"],"picked":"FTL","floor":11},{"not_picked":["Stack","Force Field"],"picked":"Steam","floor":12}],"player_experience":1398981,"relics_obtained":[{"floor":6,"key":"Gremlin Horn"},{"floor":9,"key":"MawBank"},{"floor":10,"key":"PreservedInsect"}],"event_choices":[{"cards_removed":["Strike_B"],"damage_healed":0,"gold_gain":0,"player_choice":"Card Removal","damage_taken":0,"max_hp_gain":0,"max_hp_loss":0,"event_name":"The Cleric","floor":2,"gold_loss":75},{"damage_healed":0,"gold_gain":0,"player_choice":"Lose Max HP","damage_taken":0,"relics_obtained":["Golden Idol"],"max_hp_gain":0,"max_hp_loss":7,"event_name":"Golden Idol","floor":3,"gold_loss":0},{"damage_healed":0,"gold_gain":0,"player_choice":"Entered Light","damage_taken":19,"max_hp_gain":0,"max_hp_loss":0,"event_name":"Shining Light","floor":7,"gold_loss":0,"cards_upgraded":["Strike_B","Defend_B"]}],"is_beta":false,"boss_relics":[],"items_purged_floors":[],"is_endless":false,"potions_floor_spawned":[10,12],"killed_by":"Gremlin Gang","ascension_level":20}