{"gold_per_floor":[115,115,131,131,131,164,164,199,274,274,292,330,330,355,355,355],"floor_reached":16,"playtime":361,"items_purged":[],"score":319,"play_id":"400e0e57-f44b-4181-9731-cf000b37bde2","local_time":"20190302184115","is_ascension_mode":true,"campfire_choices":[{"data":"Bash","floor":7,"key":"SMITH"},{"data":"Clothesline","floor":15,"key":"SMITH"}],"neow_cost":"NONE","seed_source_timestamp":6154983697834600,"circlet_count":0,"master_deck":["AscendersBane","Strike_R","Strike_R","Strike_R","Strike_R","Defend_R","Defend_R","Defend_R","Defend_R","Bash+1","Thunderclap","Shrug It Off","Bludgeon","Shrug It Off","Clothesline+1","Sentinel","Dropkick"],"relics":["Burning Blood","NeowsBlessing","Golden Idol","PreservedInsect","Charon\u0027s Ashes","Blue Candle","Blood Vial"],"potions_floor_usage":[14,16],"damage_taken":[{"damage":0,"enemies":"Cultist","floor":1,"turns":1},{"damage":0,"enemies":"2 Louse","floor":3,"turns":1},{"damage":0,"enemies":"3 Sentries","floor":6,"turns":2},{"damage":0,"enemies":"Gremlin Nob","floor":8,"turns":2},{"damage":7,"enemies":"Jaw Worm","floor":11,"turns":4},{"damage":11,"enemies":"Lagavulin","floor":12,"turns":5},{"damage":0,"enemies":"3 Louse","floor":14,"turns":3},{"damage":47,"enemies":"Hexaghost","floor":16,"turns":14}],"seed_played":"135931850979458480","potions_obtained":[{"floor":11,"key":"Fire Potion"},{"floor":12,"key":"GamblersBrew"},{"floor":14,"key":"Fire Potion"}],"is_trial":false,"path_per_floor":["M","$","M","?","?","E","R","E","T","?","M","E","?","M","R","B"],"character_chosen":"IRONCLAD","items_purchased":[],"campfire_rested":0,"item_purchase_floors":[],"current_hp_per_floor":[74,74,75,75,49,55,55,61,61,54,53,48,37,45,45,0],"gold":355,"neow_bonus":"THREE_ENEMY_KILL","is_prod":false,"is_daily":false,"chose_seed":false,"campfire_upgraded":2,"win_rate":0,"timestamp":1551570075,"path_taken":["M","$","?","?","?","E","R","E","T","?","M","E","?","M","R","BOSS"],"build_version":"2019-01-23","purchased_purges":0,"victory":false,"max_hp_per_floor":[75,75,75,75,75,75,75,75,75,75,75,75,75,75,75,75],"card_choices":[{"not_picked":["Havoc","Clash"],"picked":"Thunderclap","floor":1},{"not_picked":["Rupture","Flex"],"picked":"Shrug It Off","floor":3},{"not_picked":["Entrench","Headbutt"],"picked":"Bludgeon","floor":6},{"not_picked":["Heavy Blade","Cleave"],"picked":"Shrug It Off","floor":8},{"not_picked":["Second Wind","Perfected Strike"],"picked":"Clothesline","floor":11},{"not_picked":["Anger","Berserk"],"picked":"Sentinel","floor":12},{"not_picked":["Perfected Strike","Disarm"],"picked":"Dropkick","floor":14}],"player_experience":579609,"relics_obtained":[{"floor":6,"key":"PreservedInsect"},{"floor":8,"key":"Charon\u0027s Ashes"},{"floor":9,"key":"Blue Candle"},{"floor":12,"key":"Blood Vial"}],"event_choices":[{"damage_healed":0,"gold_gain":0,"player_choice":"Leave","damage_taken":0,"max_hp_gain":0,"max_hp_loss":0,"event_name":"The Cleric","floor":4,"gold_loss":0},{"damage_healed":0,"gold_gain":0,"player_choice":"Take Damage","damage_taken":26,"relics_obtained":["Golden Idol"],"max_hp_gain":0,"max_hp_loss":0,"event_name":"Golden Idol","floor":5,"gold_loss":0},{"cards_removed":["Strike_R"],"damage_healed":0,"gold_gain":0,"player_choice":"Card Removal","damage_taken":7,"max_hp_gain":0,"max_hp_loss":0,"event_name":"Golden Wing","floor":10,"gold_loss":0},{"damage_healed":0,"gold_gain":0,"player_choice":"Damaged","damage_taken":11,"max_hp_gain":0,"max_hp_loss":0,"event_name":"Wheel of Change","floor":13,"gold_loss":0}],"is_beta":false,"boss_relics":[],"items_purged_floors":[],"is_endless":false,"potions_floor_spawned":[11,12,14],"killed_by":"Hexaghost","ascension_level":18}