{"gold_per_floor":[119,119,139,214,214,242,43,43,43,61,93,93,128,142,142,241,241,261,136,147,147,147],"floor_reached":22,"playtime":687,"items_purged":["Strike_R"],"score":363,"play_id":"7a74fcdd-1255-4cce-bb66-867fb5bae127","local_time":"20190111203407","is_ascension_mode":true,"campfire_choices":[{"data":"Armaments","floor":12.0,"key":"SMITH"},{"floor":15.0,"key":"REST"}],"neow_cost":"NONE","seed_source_timestamp":0,"circlet_count":0,"master_deck":["AscendersBane","Strike_R","Strike_R","Strike_R","Defend_R","Defend_R","Defend_R","Defend_R","Bash","Anger","Iron Wave","Uppercut","Battle Trance","Armaments+1","Evolve","Shockwave","Impervious","Reaper","Clothesline","Flex"],"special_seed":0,"relics":["Burning Blood","NeowsBlessing","Bag of Preparation","OrangePellets","Dream Catcher","Ancient Tea Set","Bronze Scales","Eternal Feather"],"potions_floor_usage":[],"damage_taken":[{"damage":0.0,"enemies":"Cultist","floor":1.0,"turns":1.0},{"damage":0.0,"enemies":"2 Louse","floor":3.0,"turns":1.0},{"damage":0.0,"enemies":"Gremlin Nob","floor":6.0,"turns":1.0},{"damage":7.0,"enemies":"Jaw Worm","floor":10.0,"turns":3.0},{"damage":35.0,"enemies":"3 Sentries","floor":11.0,"turns":10.0},{"damage":15.0,"enemies":"Lagavulin","floor":13.0,"turns":4.0},{"damage":8.0,"enemies":"Exordium Thugs","floor":14.0,"turns":4.0},{"damage":16.0,"enemies":"The Guardian","floor":16.0,"turns":11.0},{"damage":37,"enemies":"Spheric Guardian","floor":18,"turns":6},{"damage":24,"enemies":"Shell Parasite","floor":20,"turns":7},{"damage":22,"enemies":"Cultist and Chosen","floor":22,"turns":4}],"seed_played":"-32944518367603861","potions_obtained":[{"floor":3.0,"key":"Fire Potion"},{"floor":6.0,"key":"Weak Potion"},{"floor":11.0,"key":"LiquidBronze"},{"floor":14.0,"key":"Dexterity Potion"}],"is_trial":false,"path_per_floor":["M","$","M","?","?","E","$","?","T","M","E","R","E","M","R","B",null,"M","$","M","?","M"],"character_chosen":"IRONCLAD","items_purchased":["OrangePellets","Flex"],"campfire_rested":1,"item_purchase_floors":[7,19],"current_hp_per_floor":[78,78,80,69,62,68,68,68,68,67,38,38,29,27,51,41,70,39,39,21,6,0],"gold":147,"neow_bonus":"THREE_ENEMY_KILL","is_prod":false,"is_daily":false,"chose_seed":false,"campfire_upgraded":1,"win_rate":0,"timestamp":1547256847,"path_taken":["M","$","?","?","?","E","$","?","T","M","E","R","E","M","R","BOSS","BOSS","M","$","M","?","M"],"build_version":"2019-01-10","purchased_purges":1,"victory":false,"max_hp_per_floor":[80,80,80,80,80,80,80,80,80,80,80,80,80,80,80,80,80,80,80,80,85,85],"card_choices":[{"not_picked":["Thunderclap","Heavy Blade"],"picked":"Anger","floor":1.0},{"not_picked":["Havoc","Pummel"],"picked":"Iron Wave","floor":3.0},{"not_picked":["Headbutt","Iron Wave"],"picked":"Uppercut","floor":6.0},{"not_picked":["Body Slam","Wild Strike"],"picked":"Battle Trance","floor":10.0},{"not_picked":["Iron Wave","Sever Soul"],"picked":"Armaments","floor":11.0},{"not_picked":["Cleave","Blood for Blood"],"picked":"Evolve","floor":13.0},{"not_picked":["Armaments","Clash"],"picked":"Shockwave","floor":14.0},{"not_picked":["Thunderclap","Entrench"],"picked":"Impervious","floor":15.0},{"not_picked":["Juggernaut","Exhume"],"picked":"Reaper","floor":16},{"not_picked":["Warcry","Sever Soul"],"picked":"Clothesline","floor":18},{"not_picked":["Heavy Blade","Iron Wave","Seeing Red+1"],"picked":"SKIP","floor":20}],"player_experience":550948,"relics_obtained":[{"floor":6.0,"key":"Bag of Preparation"},{"floor":9.0,"key":"Dream Catcher"},{"floor":11.0,"key":"Ancient Tea Set"},{"floor":13.0,"key":"Bronze Scales"}],"event_choices":[{"damage_healed":0.0,"max_hp_gain":0.0,"max_hp_loss":0.0,"gold_gain":75.0,"event_name":"World of Goop","player_choice":"Gather Gold","floor":4.0,"gold_loss":0.0,"damage_taken":11.0},{"cards_removed":["Strike_R"],"damage_healed":0.0,"max_hp_gain":0.0,"max_hp_loss":0.0,"gold_gain":0.0,"event_name":"Golden Wing","player_choice":"Card Removal","floor":5.0,"gold_loss":0.0,"damage_taken":7.0},{"damage_healed":0.0,"max_hp_gain":0.0,"max_hp_loss":0.0,"gold_gain":0.0,"event_name":"The Cleric","player_choice":"Leave","floor":8.0,"gold_loss":0.0,"damage_taken":0.0},{"damage_healed":0,"gold_gain":0,"player_choice":"Shed Blood","damage_taken":20,"max_hp_gain":5,"max_hp_loss":0,"event_name":"Forgotten Altar","floor":21,"gold_loss":0}],"is_beta":false,"boss_relics":[{"not_picked":["Velvet Choker","Runic Cube"],"picked":"Eternal Feather"}],"items_purged_floors":[19],"is_endless":false,"potions_floor_spawned":[3,6,11,14],"killed_by":"Cultist and Chosen","ascension_level":12}