{"gold_per_floor":[112,37,37,53,74,74,98,141,141,141,141,180,180,18,18,18],"floor_reached":16,"playtime":393,"items_purged":["Strike_R"],"score":216,"play_id":"c4b74a59-fac6-4f29-bfa2-22eb640a124a","local_time":"20190308222929","is_ascension_mode":true,"campfire_choices":[{"floor":6.0,"key":"REST"},{"data":"Whirlwind","floor":10.0,"key":"SMITH"},{"floor":13.0,"key":"REST"},{"data":"Bash","floor":15.0,"key":"SMITH"}],"neow_cost":"TEN_PERCENT_HP_LOSS","seed_source_timestamp":647751098098700,"circlet_count":0,"master_deck":["AscendersBane","Strike_R","Strike_R","Strike_R","Defend_R","Defend_R","Defend_R","Defend_R","Bash+1","Pommel Strike","Inflame","Whirlwind+1","Twin Strike","Pommel Strike","Shrug It Off","Reaper"],"special_seed":0,"relics":["Burning Blood","Unceasing Top","Golden Idol","Blue Candle","Self Forming Clay","Ornamental Fan"],"potions_floor_usage":[16],"damage_taken":[{"damage":18.0,"enemies":"Small Slimes","floor":1.0,"turns":6.0},{"damage":3.0,"enemies":"2 Louse","floor":4.0,"turns":3.0},{"damage":14.0,"enemies":"Jaw Worm","floor":5.0,"turns":4.0},{"damage":20.0,"enemies":"Red Slaver","floor":7.0,"turns":4.0},{"damage":8.0,"enemies":"Gremlin Nob","floor":8.0,"turns":3.0},{"damage":37.0,"enemies":"Lagavulin","floor":12.0,"turns":5.0},{"damage":52,"enemies":"Hexaghost","floor":16,"turns":9}],"seed_played":"-8969565214115937511","potions_obtained":[{"floor":7.0,"key":"Strength Potion"},{"floor":8.0,"key":"Dexterity Potion"}],"is_trial":false,"path_per_floor":["M","?","?","M","M","R","M","E","T","R","?","E","R","$","R","B"],"character_chosen":"IRONCLAD","items_purchased":["Reaper"],"campfire_rested":2,"item_purchase_floors":[14],"current_hp_per_floor":[56,56,33,36,28,48,34,32,32,32,54,23,43,43,43,0],"gold":18,"neow_bonus":"ONE_RARE_RELIC","is_prod":false,"is_daily":false,"chose_seed":false,"campfire_upgraded":2,"win_rate":0,"timestamp":1552084169,"path_taken":["M","?","?","M","M","R","M","E","T","R","?","E","R","$","R","BOSS"],"build_version":"2019-01-23","purchased_purges":1,"victory":false,"max_hp_per_floor":[68,68,68,68,68,68,68,68,68,68,68,68,68,68,68,68],"card_choices":[{"not_picked":["Armaments","Blood for Blood"],"picked":"Pommel Strike","floor":1.0},{"not_picked":["Perfected Strike","Burning Pact"],"picked":"Inflame","floor":4.0},{"not_picked":["Clothesline","Wild Strike"],"picked":"Whirlwind","floor":5.0},{"not_picked":["True Grit","Shrug It Off"],"picked":"Twin Strike","floor":7.0},{"not_picked":["Body Slam","Clash"],"picked":"Pommel Strike","floor":8.0},{"not_picked":["Rampage","Ghostly Armor"],"picked":"Shrug It Off","floor":12.0}],"player_experience":1254677,"relics_obtained":[{"floor":8.0,"key":"Blue Candle"},{"floor":9.0,"key":"Self Forming Clay"},{"floor":12.0,"key":"Ornamental Fan"}],"event_choices":[{"cards_removed":["Strike_R"],"damage_healed":0.0,"max_hp_gain":0.0,"max_hp_loss":0.0,"gold_gain":0.0,"event_name":"The Cleric","player_choice":"Card Removal","floor":2.0,"gold_loss":75.0,"damage_taken":0.0},{"damage_healed":0.0,"max_hp_gain":0.0,"max_hp_loss":0.0,"gold_gain":0.0,"event_name":"Golden Idol","player_choice":"Take Damage","floor":3.0,"gold_loss":0.0,"damage_taken":23.0,"relics_obtained":["Golden Idol"]},{"damage_healed":22.0,"max_hp_gain":0.0,"max_hp_loss":0.0,"gold_gain":0.0,"event_name":"Big Fish","player_choice":"Banana","floor":11.0,"gold_loss":0.0,"damage_taken":0.0}],"is_beta":false,"boss_relics":[],"items_purged_floors":[14],"is_endless":false,"potions_floor_spawned":[7,8],"killed_by":"Hexaghost","ascension_level":20}