{"gold_per_floor":[112,126,144,144,154,154,184,184,239,239,239,253,273,273,273,273],"floor_reached":16,"playtime":1098,"items_purged":[],"score":102,"play_id":"d92b732f-5700-4d04-b98c-b3b37cfcbc2f","local_time":"20180701154056","is_ascension_mode":false,"campfire_choices":[{"floor":6,"key":"REST"},{"floor":10,"key":"REST"},{"floor":15,"key":"REST"}],"neow_cost":"NONE","seed_source_timestamp":5371567747224149,"circlet_count":0,"master_deck":["Strike_B","Strike_B","Strike_B","Strike_B","Defend_B","Defend_B","Defend_B","Defend_B","Zap+1","Dualcast","Hologram","Tempest","Compile Driver","Gash","Conserve Battery","Conserve Battery+1","Genetic Algorithm+1"],"special_seed":17713,"relics":["Cracked Core","Vajra","Toxic Egg 2","Pen Nib","Bird Faced Urn"],"potions_floor_usage":[],"damage_taken":[{"damage":0,"enemies":"Cultist","floor":1,"turns":3},{"damage":1,"enemies":"Jaw Worm","floor":2,"turns":2},{"damage":0,"enemies":"2 Louse","floor":3,"turns":2},{"damage":16,"enemies":"Exordium Wildlife","floor":5,"turns":3},{"damage":45,"enemies":"Gremlin Nob","floor":7,"turns":5},{"damage":5,"enemies":"Looter","floor":12,"turns":3},{"damage":10,"enemies":"2 Fungi Beasts","floor":13,"turns":4},{"damage":70,"enemies":"Hexaghost","floor":16,"turns":11}],"seed_played":"5548747030995344035","potions_obtained":[{"floor":2,"key":"PowerPotion"},{"floor":3,"key":"Poison Potion"},{"floor":5,"key":"GamblersBrew"}],"is_trial":false,"path_per_floor":["M","M","M","?","M","R","E","T","T","R","?","M","M","?","R"],"character_chosen":"DEFECT","items_purchased":[],"campfire_rested":3,"item_purchase_floors":[],"current_hp_per_floor":[75,74,74,74,58,75,30,30,30,52,34,29,19,44,66,0],"gold":273,"neow_bonus":"UPGRADE_CARD","is_prod":false,"is_daily":false,"chose_seed":false,"campfire_upgraded":0,"win_rate":0.0,"timestamp":1530474056,"path_taken":["M","M","M","?","M","R","E","?","T","R","?","M","M","?","R","BOSS"],"build_version":"2018-06-28","purchased_purges":0,"victory":false,"max_hp_per_floor":[75,75,75,75,75,75,75,75,75,75,75,75,75,75,75,75],"card_choices":[{"not_picked":["Double Energy","Chill"],"picked":"Hologram","floor":1},{"not_picked":["Redo","Sweeping Beam"],"picked":"Tempest","floor":2},{"not_picked":["Heatsinks","Stack"],"picked":"Compile Driver","floor":3},{"not_picked":["Fusion","Redo"],"picked":"Gash","floor":5},{"not_picked":["Stack","White Noise"],"picked":"Conserve Battery","floor":7},{"not_picked":["Creative AI","Lockon"],"picked":"Conserve Battery+1","floor":12},{"not_picked":["Sweeping Beam","Force Field+1"],"picked":"Genetic Algorithm+1","floor":13}],"player_experience":15735,"relics_obtained":[{"floor":7,"key":"Vajra"},{"floor":8,"key":"Toxic Egg 2"},{"floor":9,"key":"Pen Nib"}],"event_choices":[{"event_name":"The Cleric","player_choice":"Leave","floor":4,"damage_taken":0},{"event_name":"Scrap Ooze","player_choice":"success","floor":11,"damage_taken":18},{"event_name":"Big Fish","player_choice":"Banana","floor":14,"damage_taken":0}],"boss_relics":[],"items_purged_floors":[],"is_endless":false,"potions_floor_spawned":[2,3,5,12,13],"killed_by":"Hexaghost","ascension_level":0}