{"gold_per_floor":[115,130,145,115,129,158,158,158,158,158,168,13,13,24,24,124,124,141,159,159],"floor_reached":20,"playtime":867,"items_purged":[],"score":176,"play_id":"dc4590dd-edc5-4259-8452-6a3b5e2c647f","local_time":"20181202175845","is_ascension_mode":false,"campfire_choices":[{"data":"Fire Breathing","floor":7.0,"key":"SMITH"},{"data":"Reaper","floor":13.0,"key":"SMITH"},{"data":"Inflame","floor":15.0,"key":"SMITH"}],"neow_cost":"NONE","seed_source_timestamp":99382761581865,"circlet_count":0,"master_deck":["Strike_R","Strike_R","Strike_R","Defend_R","Defend_R","Defend_R","Defend_R","Bash+1","True Grit","Fire Breathing+1","Dropkick","Clothesline","Thunderclap","Dropkick","Reaper+1","Flash of Steel","Inflame+1","Limit Break","Twin Strike"],"special_seed":0,"relics":["Burning Blood","Ancient Tea Set","Blood Vial","Magic Flower","Empty Cage"],"potions_floor_usage":[],"damage_taken":[{"damage":1.0,"enemies":"Cultist","floor":1.0,"turns":3.0},{"damage":1.0,"enemies":"Jaw Worm","floor":2.0,"turns":3.0},{"damage":0.0,"enemies":"Small Slimes","floor":3.0,"turns":4.0},{"damage":9.0,"enemies":"Blue Slaver","floor":5.0,"turns":6.0},{"damage":47.0,"enemies":"3 Sentries","floor":6.0,"turns":10.0},{"damage":7.0,"enemies":"3 Louse","floor":11.0,"turns":2.0},{"damage":2.0,"enemies":"Large Slime","floor":14.0,"turns":4.0},{"damage":46.0,"enemies":"The Guardian","floor":16.0,"turns":17.0},{"damage":40,"enemies":"3 Byrds","floor":18,"turns":5},{"damage":32,"enemies":"Spheric Guardian","floor":19,"turns":5},{"damage":35,"enemies":"Colosseum Slavers","floor":20,"turns":3}],"seed_played":"-6072364775894538079","potions_obtained":[{"floor":2.0,"key":"SpeedPotion"},{"floor":4.0,"key":"SteroidPotion"},{"floor":4.0,"key":"PowerPotion"},{"floor":14.0,"key":"Strength Potion"}],"is_trial":false,"path_per_floor":["M","M","M","?","M","E","R","T","T","?","M","$","R","M","R","B",null,"M","M","?"],"character_chosen":"IRONCLAD","items_purchased":["Reaper","Flash of Steel"],"campfire_rested":0,"item_purchase_floors":[12,12],"current_hp_per_floor":[80,80,80,80,77,36,36,36,36,36,41,41,41,60,60,38,80,49,29,0],"gold":159,"neow_bonus":"UPGRADE_CARD","is_prod":false,"is_daily":false,"chose_seed":false,"campfire_upgraded":3,"win_rate":0.0,"timestamp":1543791525,"path_taken":["M","M","?","?","?","E","R","?","T","?","M","?","R","M","R","BOSS","M","M","?"],"build_version":"2018-11-15","purchased_purges":0,"victory":false,"max_hp_per_floor":[80,80,80,80,80,80,80,80,80,80,80,80,80,80,80,80,80,80,80,80],"card_choices":[{"not_picked":["Power Through","Sword Boomerang"],"picked":"True Grit","floor":1.0},{"not_picked":["Iron Wave","Warcry"],"picked":"Fire Breathing","floor":2.0},{"not_picked":["Flex","Burning Pact"],"picked":"Dropkick","floor":3.0},{"not_picked":["Feel No Pain","Disarm"],"picked":"Clothesline","floor":5.0},{"not_picked":["Pummel","Sever Soul"],"picked":"Thunderclap","floor":6.0},{"not_picked":["Heavy Blade","Clothesline"],"picked":"Dropkick","floor":11.0},{"not_picked":["Whirlwind","Twin Strike"],"picked":"Inflame","floor":14.0},{"not_picked":["Barricade","Berserk"],"picked":"Limit Break","floor":16.0},{"not_picked":["Rage+1","Anger"],"picked":"Twin Strike","floor":18},{"not_picked":["Twin Strike","Searing Blow","Clothesline"],"picked":"SKIP","floor":19}],"player_experience":477475,"relics_obtained":[{"floor":6.0,"key":"Ancient Tea Set"},{"floor":8.0,"key":"Blood Vial"},{"floor":9.0,"key":"Magic Flower"}],"event_choices":[{"damage_healed":0.0,"max_hp_gain":0.0,"max_hp_loss":0.0,"gold_gain":0.0,"event_name":"The Woman in Blue","player_choice":"Bought 2 Potions","floor":4.0,"gold_loss":0.0,"damage_taken":0.0},{"damage_healed":0.0,"max_hp_gain":0.0,"max_hp_loss":0.0,"gold_gain":0.0,"event_name":"Liars Game","player_choice":"Ignored","floor":10.0,"gold_loss":0.0,"damage_taken":0.0},{"damage_healed":0,"gold_gain":0,"player_choice":"Fight","damage_taken":0,"max_hp_gain":0,"max_hp_loss":0,"event_name":"Colosseum","floor":20,"gold_loss":0}],"is_beta":false,"boss_relics":[{"not_picked":["Black Blood","Orrery"],"picked":"Empty Cage"}],"items_purged_floors":[],"is_endless":false,"potions_floor_spawned":[2,14,16],"killed_by":"Colosseum Slavers","ascension_level":0}