{"gold_per_floor":[113,63,63,75,150,150,180,31,31,61,71,34,34,45,45,145,145,160,160,170,186,186,186],"floor_reached":23,"playtime":1302,"items_purged":["Strike_G"],"score":199,"play_id":"12e431f2-8a57-4cfa-b6bc-09ba1b14f678","local_time":"20190101140707","is_ascension_mode":false,"campfire_choices":[{"floor":6.0,"key":"REST"},{"floor":13.0,"key":"REST"},{"floor":15.0,"key":"REST"}],"neow_cost":"TEN_PERCENT_HP_LOSS","seed_source_timestamp":0,"circlet_count":0,"master_deck":["Defend_G","Defend_G","Defend_G+1","Defend_G","Strike_G","Strike_G","Strike_G","Strike_G","Survivor+1","Neutralize+1","Blur","Heel Hook","Deadly Poison","Footwork","Crippling Poison","Dash","Sucker Punch","Malaise","Prepared+1","RitualDagger","Dodge and Roll+1","Backflip"],"special_seed":0,"relics":["Ring of the Snake","Girya","Pear","Frozen Egg 2","War Paint","Philosopher\u0027s Stone","Incense Burner"],"potions_floor_usage":[21,23],"damage_taken":[{"damage":0.0,"enemies":"2 Louse","floor":1.0,"turns":3.0},{"damage":2.0,"enemies":"Jaw Worm","floor":4.0,"turns":5.0},{"damage":32.0,"enemies":"Gremlin Nob","floor":7.0,"turns":6.0},{"damage":36.0,"enemies":"3 Sentries","floor":10.0,"turns":14.0},{"damage":0.0,"enemies":"Cultist","floor":11.0,"turns":4.0},{"damage":4.0,"enemies":"Blue Slaver","floor":14.0,"turns":4.0},{"damage":22.0,"enemies":"The Guardian","floor":16.0,"turns":12.0},{"damage":6,"enemies":"Chosen","floor":18,"turns":6},{"damage":3,"enemies":"Shell Parasite","floor":20,"turns":9},{"damage":20,"enemies":"Snake Plant","floor":21,"turns":7},{"damage":64,"enemies":"Book of Stabbing","floor":23,"turns":10}],"seed_played":"5669307002385894328","potions_obtained":[{"floor":1.0,"key":"Regen Potion"},{"floor":7.0,"key":"FairyPotion"},{"floor":11.0,"key":"SpeedPotion"},{"floor":14.0,"key":"LiquidBronze"},{"floor":16.0,"key":"Regen Potion"},{"floor":21,"key":"SpeedPotion"}],"is_trial":false,"path_per_floor":["M","?","?","M","?","R","E","$","T","E","M","$","R","M","R","B",null,"M","?","M","M","?","E"],"character_chosen":"THE_SILENT","items_purchased":["Footwork","Dash"],"campfire_rested":3,"item_purchase_floors":[8,12],"current_hp_per_floor":[63,63,63,61,50,63,50,50,50,14,14,14,35,31,52,30,73,67,61,58,53,53,0],"gold":186,"neow_bonus":"ONE_RARE_RELIC","is_prod":false,"is_daily":false,"chose_seed":false,"campfire_upgraded":0,"win_rate":0,"timestamp":1546380427,"path_taken":["M","?","?","M","?","R","E","?","T","E","?","$","R","?","R","BOSS","M","?","M","M","?","E"],"build_version":"2018-12-20","purchased_purges":1,"victory":false,"max_hp_per_floor":[63,63,63,63,63,63,73,73,73,73,73,73,73,73,73,73,73,73,73,73,73,73,73],"card_choices":[{"not_picked":["Catalyst","Dagger Throw"],"picked":"Blur","floor":1.0},{"not_picked":["Backflip","Riddle With Holes"],"picked":"Heel Hook","floor":4.0},{"not_picked":["Tactician","Well Laid Plans"],"picked":"Deadly Poison","floor":7.0},{"not_picked":["Eviscerate","Dodge and Roll"],"picked":"Acrobatics","floor":10.0},{"not_picked":["Cloak And Dagger","Backflip"],"picked":"Crippling Poison","floor":11.0},{"not_picked":["Setup","PiercingWail"],"picked":"Sucker Punch","floor":14.0},{"not_picked":["Venomology","Night Terror"],"picked":"Malaise","floor":16.0},{"not_picked":["Blade Dance","Dodge and Roll"],"picked":"Prepared+1","floor":18},{"not_picked":["Sucker Punch","Dagger Throw"],"picked":"Dodge and Roll+1","floor":20},{"not_picked":["Crippling Poison+1","Poisoned Stab"],"picked":"Backflip","floor":21}],"player_experience":99939,"relics_obtained":[{"floor":7.0,"key":"Pear"},{"floor":9.0,"key":"Frozen Egg 2"},{"floor":10.0,"key":"War Paint"}],"event_choices":[{"cards_removed":["Defend_G"],"damage_healed":0.0,"max_hp_gain":0.0,"max_hp_loss":0.0,"gold_gain":0.0,"event_name":"The Cleric","player_choice":"Card Removal","floor":2.0,"gold_loss":50.0,"damage_taken":0.0},{"damage_healed":0.0,"max_hp_gain":0.0,"max_hp_loss":0.0,"gold_gain":0.0,"event_name":"Living Wall","player_choice":"Grow","floor":3.0,"gold_loss":0.0,"damage_taken":0.0,"cards_upgraded":["Neutralize"]},{"damage_healed":0.0,"max_hp_gain":0.0,"max_hp_loss":0.0,"gold_gain":75.0,"event_name":"World of Goop","player_choice":"Gather Gold","floor":5.0,"gold_loss":0.0,"damage_taken":11.0},{"damage_healed":0,"gold_gain":0,"player_choice":"Joined the Cult","damage_taken":6,"max_hp_gain":0,"max_hp_loss":0,"event_name":"Nest","floor":19,"gold_loss":0,"cards_obtained":["RitualDagger"]},{"cards_removed":["Acrobatics"],"damage_healed":0,"gold_gain":0,"player_choice":"Gave Card","damage_taken":0,"relics_obtained":["Incense Burner"],"max_hp_gain":0,"max_hp_loss":0,"event_name":"WeMeetAgain","floor":22,"gold_loss":0}],"is_beta":false,"boss_relics":[{"not_picked":["Black Star","HoveringKite"],"picked":"Philosopher\u0027s Stone"}],"items_purged_floors":[8],"is_endless":false,"potions_floor_spawned":[1,7,11,14,16,21],"killed_by":"Book of Stabbing","ascension_level":0}