{"gold_per_floor":[113,38,3,3,3,28,48,61,84,84,115,131,142,142,142,213,213],"floor_reached":17,"playtime":391,"items_purged":["Strike_G"],"score":380,"play_id":"86574c8e-a596-463a-abd4-3bdd317bf8df","local_time":"20190707174126","is_ascension_mode":true,"campfire_choices":[{"data":"Predator","floor":10,"key":"SMITH"},{"floor":15,"key":"REST"}],"neow_cost":"NONE","seed_source_timestamp":373109636211600,"circlet_count":0,"master_deck":["AscendersBane","Strike_G","Strike_G","Strike_G","Strike_G+1","Defend_G","Defend_G","Defend_G","Defend_G","Defend_G","Survivor","Neutralize+1","All Out Attack","Masterful Stab","Deflect","Predator+1","Glass Knife","Deflect","Noxious Fumes","Wraith Form v2"],"relics":["Ring of the Snake","NeowsBlessing","CultistMask","Ancient Tea Set","Smiling Mask","Girya","Anchor","Velvet Choker"],"potions_floor_usage":[11,16],"damage_taken":[{"damage":0,"enemies":"Small Slimes","floor":1,"turns":1},{"damage":0,"enemies":"Gremlin Nob","floor":6,"turns":1},{"damage":0,"enemies":"2 Louse","floor":7,"turns":1},{"damage":0,"enemies":"Cultist","floor":8,"turns":3},{"damage":36,"enemies":"Lagavulin","floor":11,"turns":8},{"damage":0,"enemies":"3 Louse","floor":12,"turns":2},{"damage":0,"enemies":"Exordium Wildlife","floor":13,"turns":2},{"damage":19,"enemies":"Slime Boss","floor":16,"turns":9}],"seed_played":"-773714437946019275","potions_obtained":[{"floor":8,"key":"Energy Potion"},{"floor":11,"key":"Dexterity Potion"},{"floor":13,"key":"Block Potion"},{"floor":16,"key":"SkillPotion"}],"is_trial":false,"path_per_floor":["M","$","?","?","?","E","M","M","T","R","E","M","M","?","R","B",null],"character_chosen":"THE_SILENT","items_purchased":[],"campfire_rested":1,"item_purchase_floors":[],"current_hp_per_floor":[59,59,66,46,46,46,46,46,46,46,10,10,10,5,24,5,51],"gold":213,"neow_bonus":"THREE_ENEMY_KILL","is_prod":false,"is_daily":false,"chose_seed":false,"campfire_upgraded":1,"win_rate":0,"timestamp":1562517686,"path_taken":["M","$","?","?","?","E","?","M","T","R","E","M","M","?","R","BOSS"],"build_version":"2019-07-05","purchased_purges":1,"victory":false,"max_hp_per_floor":[66,66,66,66,66,66,66,66,66,66,66,66,66,66,66,66,66],"card_choices":[{"not_picked":["Blade Dance","Underhanded Strike"],"picked":"All Out Attack","floor":1},{"not_picked":["Prepared","Underhanded Strike"],"picked":"Masterful Stab","floor":6},{"not_picked":["Infinite Blades","Slice"],"picked":"Deflect","floor":7},{"not_picked":["Cloak And Dagger","Choke"],"picked":"Predator","floor":8},{"not_picked":["Bouncing Flask","Setup"],"picked":"Glass Knife","floor":11},{"not_picked":["Acrobatics","Sucker Punch"],"picked":"Deflect","floor":12},{"not_picked":["Prepared","Poisoned Stab"],"picked":"Noxious Fumes","floor":13},{"not_picked":["Doppelganger","Grand Finale"],"picked":"Wraith Form v2","floor":16}],"player_experience":1544230,"relics_obtained":[{"floor":6,"key":"Ancient Tea Set"},{"floor":9,"key":"Smiling Mask"},{"floor":11,"key":"Girya"}],"event_choices":[{"damage_healed":16,"gold_gain":0,"player_choice":"Healed","damage_taken":0,"max_hp_gain":0,"max_hp_loss":0,"event_name":"The Cleric","floor":3,"gold_loss":35},{"damage_healed":0,"gold_gain":0,"player_choice":"Entered Light","damage_taken":20,"max_hp_gain":0,"max_hp_loss":0,"event_name":"Shining Light","floor":4,"gold_loss":0,"cards_upgraded":["Strike_G","Neutralize"]},{"damage_healed":0,"gold_gain":0,"player_choice":"Trade","damage_taken":0,"relics_obtained":["CultistMask"],"max_hp_gain":0,"max_hp_loss":0,"event_name":"FaceTrader","floor":5,"gold_loss":0},{"damage_healed":0,"gold_gain":0,"player_choice":"Success","damage_taken":5,"relics_obtained":["Anchor"],"max_hp_gain":0,"max_hp_loss":0,"event_name":"Scrap Ooze","floor":14,"gold_loss":0}],"is_beta":false,"boss_relics":[{"not_picked":["Runic Dome","Fusion Hammer"],"picked":"Velvet Choker"}],"items_purged_floors":[2],"is_endless":false,"potions_floor_spawned":[8,11,13,16],"ascension_level":20}