{"gold_per_floor":[109,133,133,133,153,153,184,184,184,209,223,223,243,243,243,346,346,359,373,386,396,406,419,419,434,434,434,434,434],"floor_reached":29,"playtime":1008,"items_purged":[],"score":300,"play_id":"b903b307-f1e7-4a18-8816-cfc674041297","local_time":"20190703131623","is_ascension_mode":true,"campfire_choices":[{"floor":6,"key":"REST"},{"data":"Dualcast","floor":8,"key":"SMITH"},{"data":"Zap","floor":12,"key":"SMITH"},{"data":"Reboot","floor":15,"key":"SMITH"},{"floor":24,"key":"REST"}],"neow_cost":"NONE","seed_source_timestamp":491759343453315,"circlet_count":0,"master_deck":["Strike_B+1","Strike_B+1","Strike_B+1","Defend_B+1","Defend_B+1","Defend_B+1","Zap+1","Dualcast+1","Hologram","Gash","BootSequence","Leap","Cold Snap","Reboot+1","Seek","Defragment+1","Lockon+1","Hologram","Leap","Go for the Eyes+1"],"relics":["Cracked Core","NeowsBlessing","Strawberry","Oddly Smooth Stone","Vajra","Bag of Marbles","Pear","Nunchaku","Empty Cage","Prayer Wheel","Enchiridion"],"potions_floor_usage":[16,29],"damage_taken":[{"damage":0,"enemies":"Cultist","floor":1,"turns":1},{"damage":0,"enemies":"2 Louse","floor":5,"turns":1},{"damage":0,"enemies":"Gremlin Nob","floor":7,"turns":1},{"damage":3,"enemies":"Lagavulin","floor":10,"turns":5},{"damage":0,"enemies":"Jaw Worm","floor":11,"turns":2},{"damage":2,"enemies":"Exordium Thugs","floor":13,"turns":3},{"damage":27,"enemies":"The Guardian","floor":16,"turns":14},{"damage":0,"enemies":"3 Byrds","floor":18,"turns":6},{"damage":14,"enemies":"Spheric Guardian","floor":19,"turns":5},{"damage":20,"enemies":"Chosen and Byrds","floor":20,"turns":8},{"damage":13,"enemies":"Centurion and Healer","floor":21,"turns":6},{"damage":7,"enemies":"Snake Plant","floor":22,"turns":3},{"damage":35,"enemies":"3 Cultists","floor":23,"turns":6},{"damage":4,"enemies":"Chosen and Byrds","floor":25,"turns":8},{"damage":24,"enemies":"Gremlin Leader","floor":29,"turns":6}],"seed_played":"-4640524462900000245","potions_obtained":[{"floor":5,"key":"PowerPotion"},{"floor":10,"key":"Weak Potion"},{"floor":11,"key":"Dexterity Potion"},{"floor":20,"key":"FairyPotion"}],"is_trial":false,"path_per_floor":["M","T","?","?","M","R","E","R","T","E","M","R","M","T","R","B",null,"M","M","M","M","M","M","R","M","T","?","?","E"],"character_chosen":"DEFECT","items_purchased":[],"campfire_rested":2,"item_purchase_floors":[],"current_hp_per_floor":[75,82,75,59,59,82,82,82,82,89,89,89,87,87,87,60,92,92,78,58,45,38,3,30,26,26,26,10,0],"gold":434,"neow_bonus":"THREE_ENEMY_KILL","is_prod":false,"is_daily":false,"chose_seed":false,"campfire_upgraded":3,"win_rate":0,"timestamp":1562184983,"path_taken":["M","?","?","?","?","R","E","R","T","E","M","R","M","?","R","BOSS","M","M","?","?","M","M","R","M","T","?","?","E"],"build_version":"2019-07-01","purchased_purges":0,"victory":false,"max_hp_per_floor":[75,82,82,82,82,82,82,82,82,92,92,92,92,92,92,92,92,92,92,92,92,92,92,92,92,92,92,92,92],"card_choices":[{"not_picked":["Stack","Rebound"],"picked":"Hologram","floor":1},{"not_picked":["BootSequence","Turbo"],"picked":"Gash","floor":5},{"not_picked":["Coolheaded","Stack"],"picked":"BootSequence","floor":7},{"not_picked":["Streamline","Loop"],"picked":"Leap","floor":10},{"not_picked":["Coolheaded","Heatsinks"],"picked":"Cold Snap","floor":11},{"not_picked":["Redo","Aggregate"],"picked":"Reboot","floor":13},{"not_picked":["Fission","Electrodynamics"],"picked":"Seek","floor":16},{"not_picked":["Compile Driver","Genetic Algorithm","Rip and Tear"],"picked":"SKIP","floor":18},{"not_picked":["Streamline","Sweeping Beam"],"picked":"Defragment+1","floor":19},{"not_picked":["Streamline","Storm"],"picked":"Lockon+1","floor":20},{"not_picked":["Doom and Gloom","Steam"],"picked":"Hologram","floor":21},{"not_picked":["Skim","Stack","Streamline"],"picked":"SKIP","floor":22},{"not_picked":["Rebound","Beam Cell"],"picked":"Leap","floor":23},{"not_picked":["Defragment+1","Compile Driver"],"picked":"Go for the Eyes+1","floor":25}],"player_experience":268980,"relics_obtained":[{"floor":2,"key":"Strawberry"},{"floor":7,"key":"Vajra"},{"floor":9,"key":"Bag of Marbles"},{"floor":10,"key":"Pear"},{"floor":14,"key":"Nunchaku"},{"floor":26,"key":"Prayer Wheel"},{"floor":28,"key":"Enchiridion"}],"event_choices":[{"damage_healed":0,"gold_gain":0,"player_choice":"Success","damage_taken":7,"relics_obtained":["Oddly Smooth Stone"],"max_hp_gain":0,"max_hp_loss":0,"event_name":"Scrap Ooze","floor":3,"gold_loss":0},{"damage_healed":0,"gold_gain":0,"player_choice":"Entered Light","damage_taken":16,"max_hp_gain":0,"max_hp_loss":0,"event_name":"Shining Light","floor":4,"gold_loss":0,"cards_upgraded":["Strike_B","Strike_B"]},{"damage_healed":0,"gold_gain":0,"player_choice":"Simplicity","damage_taken":0,"max_hp_gain":0,"max_hp_loss":0,"event_name":"Back to Basics","floor":27,"gold_loss":0,"cards_upgraded":["Strike_B","Defend_B","Defend_B","Defend_B"]},{"damage_healed":0,"gold_gain":0,"player_choice":"Obtained Book","damage_taken":16,"max_hp_gain":0,"max_hp_loss":0,"event_name":"Cursed Tome","floor":28,"gold_loss":0}],"is_beta":false,"boss_relics":[{"not_picked":["Pandora\u0027s Box","Inserter"],"picked":"Empty Cage"}],"items_purged_floors":[],"is_endless":false,"potions_floor_spawned":[5,10,11,20,21,25],"killed_by":"Gremlin Leader","ascension_level":1}