{"gold_per_floor":[111,124,124,124,25,52,52,52,75,92,120,120,138,148,148,221,221,235,247,266,69,69],"floor_reached":22,"playtime":663,"items_purged":[],"score":442,"play_id":"ccebf1b8-a84b-4efa-99ed-2fa74fb578eb","local_time":"20190702192124","is_ascension_mode":true,"campfire_choices":[{"data":"Neutralize","floor":8.0,"key":"SMITH"},{"floor":15.0,"key":"REST"}],"neow_cost":"NONE","seed_source_timestamp":5727193086667196,"circlet_count":0,"master_deck":["AscendersBane","Strike_G","Strike_G","Strike_G","Strike_G","Strike_G","Defend_G","Defend_G+1","Defend_G","Defend_G","Defend_G","Survivor","Neutralize+1","Bouncing Flask+1","Dagger Spray","Noxious Fumes","Sucker Punch+1","Well Laid Plans","All Out Attack","Terror","Calculated Gamble","Glass Knife","Quick Slash","Dodge and Roll","The Bomb"],"special_seed":0,"relics":["Ring of the Snake","NeowsBlessing","Snake Skull","PreservedInsect","Omamori","WarpedTongs","Velvet Choker"],"potions_floor_usage":[20],"damage_taken":[{"damage":0.0,"enemies":"Cultist","floor":1.0,"turns":1.0},{"damage":0.0,"enemies":"2 Louse","floor":2.0,"turns":1.0},{"damage":0.0,"enemies":"Lagavulin","floor":6.0,"turns":1.0},{"damage":2.0,"enemies":"Small Slimes","floor":10.0,"turns":4.0},{"damage":6.0,"enemies":"Gremlin Nob","floor":11.0,"turns":3.0},{"damage":0.0,"enemies":"2 Fungi Beasts","floor":13.0,"turns":3.0},{"damage":0.0,"enemies":"Gremlin Gang","floor":14.0,"turns":2.0},{"damage":42.0,"enemies":"Slime Boss","floor":16.0,"turns":8.0},{"damage":11,"enemies":"Shell Parasite","floor":18,"turns":4},{"damage":14,"enemies":"2 Thieves","floor":19,"turns":4},{"damage":12,"enemies":"3 Cultists","floor":20,"turns":3},{"damage":23,"enemies":"Shelled Parasite and Fungi","floor":22,"turns":3}],"seed_played":"-2542305438587423668","potions_obtained":[{"floor":1.0,"key":"SkillPotion"},{"floor":2.0,"key":"Fire Potion"},{"floor":13.0,"key":"GamblersBrew"},{"floor":18,"key":"LiquidBronze"},{"floor":19,"key":"Explosive Potion"}],"is_trial":false,"path_per_floor":["M","M","?","?","$","E","?","R","T","M","E","?","M","M","R","B",null,"M","M","M","$","M"],"character_chosen":"THE_SILENT","items_purchased":["Noxious Fumes","Sucker Punch","The Bomb"],"campfire_rested":1,"item_purchase_floors":[5,5,21],"current_hp_per_floor":[59,59,59,59,59,59,39,39,39,37,31,31,31,31,50,8,52,41,27,15,15,0],"gold":69,"neow_bonus":"THREE_ENEMY_KILL","is_prod":false,"is_daily":false,"chose_seed":false,"campfire_upgraded":1,"win_rate":0,"timestamp":1562109684,"path_taken":["M","M","?","?","$","E","?","R","T","M","E","?","M","M","R","BOSS","M","M","?","?","?"],"build_version":"2019-07-01","purchased_purges":0,"victory":false,"max_hp_per_floor":[66,66,66,66,66,66,66,66,66,66,66,66,66,66,66,66,66,66,66,66,66,66],"card_choices":[{"not_picked":["Tactician","Choke"],"picked":"Bouncing Flask","floor":1.0},{"not_picked":["Deflect","Calculated Gamble"],"picked":"Dagger Spray","floor":2.0},{"not_picked":["Catalyst","Heel Hook"],"picked":"Well Laid Plans","floor":6.0},{"not_picked":["Finisher","Crippling Poison"],"picked":"All Out Attack","floor":10.0},{"not_picked":["Dodge and Roll","Deflect"],"picked":"Terror","floor":11.0},{"not_picked":["Deflect","Endless Agony"],"picked":"Calculated Gamble","floor":13.0},{"not_picked":["Sucker Punch","Dagger Spray","Deflect"],"picked":"SKIP","floor":14.0},{"not_picked":["Phantasmal Killer","Storm of Steel"],"picked":"Glass Knife","floor":16.0},{"not_picked":["Blade Dance","Tactician"],"picked":"Quick Slash","floor":18},{"not_picked":["Quick Slash+1","Blade Dance","All Out Attack"],"picked":"SKIP","floor":19},{"not_picked":["Choke","Noxious Fumes"],"picked":"Dodge and Roll","floor":20}],"player_experience":840820,"relics_obtained":[{"floor":6.0,"key":"Snake Skull"},{"floor":9.0,"key":"PreservedInsect"},{"floor":11.0,"key":"Omamori"}],"event_choices":[{"damage_healed":0.0,"max_hp_gain":0.0,"max_hp_loss":0.0,"gold_gain":0.0,"event_name":"Living Wall","player_choice":"Grow","floor":3.0,"gold_loss":0.0,"damage_taken":0.0,"cards_upgraded":["Bouncing Flask"]},{"damage_healed":0.0,"max_hp_gain":0.0,"max_hp_loss":0.0,"gold_gain":0.0,"event_name":"The Cleric","player_choice":"Leave","floor":4.0,"gold_loss":0.0,"damage_taken":0.0},{"damage_healed":0.0,"max_hp_gain":0.0,"max_hp_loss":0.0,"gold_gain":0.0,"event_name":"Shining Light","player_choice":"Entered Light","floor":7.0,"gold_loss":0.0,"damage_taken":20.0,"cards_upgraded":["Sucker Punch","Defend_G"]},{"damage_healed":0.0,"max_hp_gain":0.0,"max_hp_loss":0.0,"gold_gain":0.0,"event_name":"Accursed Blacksmith","player_choice":"Rummage","floor":12.0,"gold_loss":0.0,"damage_taken":0.0,"relics_obtained":["WarpedTongs"],"cards_obtained":["Pain"]}],"is_beta":false,"boss_relics":[{"not_picked":["Pandora\u0027s Box","Snecko Eye"],"picked":"Velvet Choker"}],"items_purged_floors":[],"is_endless":false,"potions_floor_spawned":[1,2,13,18,19],"killed_by":"Shelled Parasite and Fungi","ascension_level":20}