{"gold_per_floor":[118,165,165,165,47,79,129,129,129,129,179,154,172,203,203,282,282,300,315,27,104,154,154,204,254,254,284,334,368,418,436,436,510,510,529,547,597,647,697,723,663,393,393,443,443,593,593,643,643,643,643],"floor_reached":52,"playtime":1703,"items_purged":["Strike_R","Bite"],"score":1878,"play_id":"72ace099-d3cc-43d9-86b4-1819879b5336","local_time":"20190615145924","is_ascension_mode":true,"campfire_choices":[{"data":"Rampage","floor":8.0,"key":"SMITH"},{"data":"Bash","floor":10.0,"key":"SMITH"},{"floor":15.0,"key":"REST"},{"floor":23.0,"key":"REST"},{"floor":32.0,"key":"REST"},{"data":"Demon Form","floor":45,"key":"SMITH"},{"data":"Limit Break","floor":47,"key":"SMITH"},{"data":"J.A.X.","floor":49,"key":"SMITH"}],"neow_cost":"NONE","seed_source_timestamp":107483196260700,"circlet_count":0,"master_deck":["AscendersBane","Defend_R","Defend_R","Bash+1","Headbutt","Rampage+1","Impervious","Headbutt","Battle Trance","Demon Form+1","Rampage","Bandage Up","Feed","J.A.X.+1","Pommel Strike","Bite","Bite","Bite","Shrug It Off","Limit Break+1","Pommel Strike+1","Disarm","Clothesline"],"special_seed":0,"relics":["Burning Blood","Juzu Bracelet","Orichalcum","SsserpentHead","Pen Nib","Blue Candle","Boot","FossilizedHelix","Oddly Smooth Stone","Cursed Key","Bottled Tornado","Red Mask","Dodecahedron","Self Forming Clay","Anchor","Busted Crown","Lantern","Centennial Puzzle","Magic Flower"],"potions_floor_usage":[],"damage_taken":[{"damage":8.0,"enemies":"Cultist","floor":1.0,"turns":5.0},{"damage":20.0,"enemies":"Gremlin Nob","floor":6.0,"turns":4.0},{"damage":0.0,"enemies":"Small Slimes","floor":13.0,"turns":3.0},{"damage":20.0,"enemies":"3 Sentries","floor":14.0,"turns":9.0},{"damage":17.0,"enemies":"Hexaghost","floor":16.0,"turns":9.0},{"damage":0.0,"enemies":"Spheric Guardian","floor":18.0,"turns":3.0},{"damage":0.0,"enemies":"Shell Parasite","floor":19.0,"turns":3.0},{"damage":30.0,"enemies":"Masked Bandits","floor":21.0,"turns":5.0},{"damage":18.0,"enemies":"Book of Stabbing","floor":27.0,"turns":4.0},{"damage":43.0,"enemies":"Slavers","floor":29.0,"turns":7.0},{"damage":12.0,"enemies":"3 Cultists","floor":31.0,"turns":4.0},{"damage":53.0,"enemies":"Champ","floor":33.0,"turns":11.0},{"damage":33.0,"enemies":"3 Darklings","floor":35.0,"turns":6.0},{"damage":0.0,"enemies":"Orb Walker","floor":36.0,"turns":3.0},{"damage":41.0,"enemies":"Giant Head","floor":40.0,"turns":5.0},{"damage":0,"enemies":"Mind Bloom Boss Battle","floor":46,"turns":8},{"damage":31,"enemies":"Time Eater","floor":50,"turns":8},{"damage":60,"enemies":"Awakened One","floor":51,"turns":7}],"seed_played":"4926127559890518255","potions_obtained":[{"floor":13.0,"key":"Fire Potion"},{"floor":14.0,"key":"Dexterity Potion"},{"floor":16.0,"key":"BloodPotion"},{"floor":21.0,"key":"Regen Potion"},{"floor":29.0,"key":"AttackPotion"},{"floor":31.0,"key":"Energy Potion"},{"floor":35.0,"key":"Swift Potion"}],"is_trial":false,"path_per_floor":["M","T","?","?","$","E","T","R","T","R","?","?","M","E","R","B",null,"M","M","$","?","?","R","?","?","T","E","?","E","?","M","R","B",null,"M","M","?","?","?","E","?","$","T","T","R","?","R","?","R","B","B",null],"character_chosen":"IRONCLAD","items_purchased":["Rampage","Bottled Tornado","Clothesline","Centennial Puzzle"],"campfire_rested":3,"item_purchase_floors":[5,20,42,42],"current_hp_per_floor":[66,66,66,66,66,52,52,52,52,52,41,41,47,33,55,44,67,73,75,75,58,37,61,61,45,45,37,37,7,7,18,43,19,72,65,85,85,85,85,59,59,59,59,59,59,77,77,77,77,68,41],"gold":643,"neow_bonus":"RANDOM_COMMON_RELIC","is_prod":false,"is_daily":false,"chose_seed":false,"campfire_upgraded":5,"win_rate":0,"timestamp":1560607164,"path_taken":["M","?","?","?","$","E","?","R","T","R","?","?","M","E","R","BOSS","M","M","$","?","?","R","?","?","T","E","?","E","?","M","R","BOSS","M","M","?","?","?","E","?","?","T","?","R","?","R","?","R","BOSS","BOSS"],"build_version":"2019-01-23","purchased_purges":2,"victory":true,"max_hp_per_floor":[75,75,75,75,75,75,75,75,75,75,75,75,75,75,75,75,75,75,75,75,75,80,80,80,80,80,80,80,83,83,86,86,89,89,89,89,85,85,85,85,85,85,85,85,85,85,85,85,85,88,88],"card_choices":[{"not_picked":["Wild Strike","Disarm"],"picked":"Headbutt","floor":1.0},{"not_picked":["True Grit","Rupture"],"picked":"Impervious","floor":6.0},{"not_picked":["Pommel Strike","Seeing Red"],"picked":"Headbutt","floor":13.0},{"not_picked":["Seeing Red","Anger"],"picked":"Battle Trance","floor":14.0},{"not_picked":["Juggernaut","Reaper"],"picked":"Demon Form","floor":16.0},{"not_picked":["Wild Strike","Reckless Charge"],"picked":"Rampage","floor":18.0},{"not_picked":["Flex","Thunderclap","Perfected Strike"],"picked":"SKIP","floor":19.0},{"not_picked":["Twin Strike","Clash"],"picked":"Feed","floor":27.0},{"not_picked":["Infernal Blade","Clothesline"],"picked":"Pommel Strike","floor":29.0},{"not_picked":["Brutality","Headbutt"],"picked":"Shrug It Off","floor":31.0},{"not_picked":["Double Tap","Berserk"],"picked":"Limit Break","floor":33.0},{"not_picked":["Seeing Red"],"picked":"SKIP","floor":35.0},{"not_picked":[],"picked":"Pommel Strike","floor":36.0},{"not_picked":[],"picked":"Disarm","floor":40.0}],"player_experience":1457762,"relics_obtained":[{"floor":2.0,"key":"Orichalcum"},{"floor":6.0,"key":"Pen Nib"},{"floor":7.0,"key":"Blue Candle"},{"floor":9.0,"key":"Boot"},{"floor":14.0,"key":"Oddly Smooth Stone"},{"floor":21.0,"key":"Red Mask"},{"floor":26.0,"key":"Self Forming Clay"},{"floor":27.0,"key":"Anchor"},{"floor":29.0,"key":"Blood Vial"},{"floor":40.0,"key":"Lantern"},{"floor":46,"key":"Magic Flower"}],"event_choices":[{"cards_removed":["Strike_R"],"damage_healed":0.0,"max_hp_gain":0.0,"max_hp_loss":0.0,"gold_gain":0.0,"event_name":"Bonfire Elementals","player_choice":"Offered Basic","floor":3.0,"gold_loss":0.0,"damage_taken":0.0},{"damage_healed":0.0,"max_hp_gain":0.0,"max_hp_loss":0.0,"gold_gain":0.0,"event_name":"FaceTrader","player_choice":"Trade","floor":4.0,"gold_loss":0.0,"damage_taken":0.0,"relics_obtained":["SsserpentHead"]},{"damage_healed":0.0,"max_hp_gain":0.0,"max_hp_loss":0.0,"gold_gain":0.0,"event_name":"Scrap Ooze","player_choice":"Success","floor":11.0,"gold_loss":0.0,"damage_taken":11.0,"relics_obtained":["FossilizedHelix"]},{"cards_removed":["Defend_R"],"damage_healed":0.0,"max_hp_gain":0.0,"max_hp_loss":0.0,"gold_gain":0.0,"event_name":"The Cleric","player_choice":"Card Removal","floor":12.0,"gold_loss":75.0,"damage_taken":0.0},{"damage_healed":0.0,"max_hp_gain":0.0,"max_hp_loss":0.0,"gold_gain":0.0,"event_name":"Masked Bandits","player_choice":"Fought Bandits","floor":21.0,"gold_loss":0.0,"damage_taken":0.0},{"damage_healed":0.0,"max_hp_gain":5.0,"max_hp_loss":0.0,"gold_gain":0.0,"event_name":"Forgotten Altar","player_choice":"Shed Blood","floor":22.0,"gold_loss":0.0,"damage_taken":26.0},{"damage_healed":0.0,"max_hp_gain":0.0,"max_hp_loss":0.0,"gold_gain":0.0,"event_name":"WeMeetAgain","player_choice":"Gave Potion","floor":24.0,"gold_loss":0.0,"damage_taken":0.0,"relics_obtained":["Dodecahedron"]},{"damage_healed":0.0,"max_hp_gain":0.0,"max_hp_loss":0.0,"gold_gain":0.0,"event_name":"Knowing Skull","player_choice":"CARD ","floor":25.0,"potions_obtained":[],"gold_loss":0.0,"damage_taken":16.0,"cards_obtained":["Bandage Up"]},{"damage_healed":0.0,"max_hp_gain":0.0,"max_hp_loss":0.0,"gold_gain":0.0,"event_name":"Drug Dealer","player_choice":"Obtain J.A.X.","floor":28.0,"gold_loss":0.0,"damage_taken":0.0,"cards_obtained":["J.A.X."]},{"damage_healed":0.0,"max_hp_gain":0.0,"max_hp_loss":0.0,"gold_gain":0.0,"event_name":"Vampires","player_choice":"Became a vampire (Vial)","floor":30.0,"relics_lost":["Blood Vial"],"gold_loss":0.0,"damage_taken":0.0,"cards_obtained":["Bite","Bite","Bite","Bite","Bite"]},{"damage_healed":0.0,"max_hp_gain":0.0,"max_hp_loss":4.0,"gold_gain":0.0,"event_name":"Winding Halls","player_choice":"Max HP","floor":37.0,"gold_loss":0.0,"damage_taken":0.0},{"damage_healed":0.0,"max_hp_gain":0.0,"max_hp_loss":0.0,"gold_gain":0.0,"event_name":"SecretPortal","player_choice":"Ignored","floor":38.0,"gold_loss":0.0,"damage_taken":0.0},{"cards_removed":["Defend_R"],"damage_healed":0.0,"max_hp_gain":0.0,"max_hp_loss":0.0,"gold_gain":0.0,"event_name":"Falling","player_choice":"Removed Skill","floor":39.0,"gold_loss":0.0,"damage_taken":0.0},{"cards_removed":["Bite"],"damage_healed":0.0,"max_hp_gain":0.0,"max_hp_loss":0.0,"gold_gain":0.0,"event_name":"Designer","player_choice":"Upgrade and Remove","floor":41.0,"gold_loss":110.0,"damage_taken":0.0,"cards_upgraded":["Pommel Strike"]},{"damage_healed":0,"gold_gain":0,"player_choice":"Fight","damage_taken":0,"max_hp_gain":0,"max_hp_loss":0,"event_name":"MindBloom","floor":46,"gold_loss":0},{"cards_removed":["Writhe"],"damage_healed":0,"gold_gain":0,"player_choice":"Removed Curses","damage_taken":0,"max_hp_gain":0,"max_hp_loss":0,"event_name":"Fountain of Cleansing","floor":48,"gold_loss":0}],"is_beta":false,"boss_relics":[{"not_picked":["Tiny House","Black Star"],"picked":"Cursed Key"},{"not_picked":["Fusion Hammer","Coffee Dripper"],"picked":"Busted Crown"}],"items_purged_floors":[5,42],"is_endless":false,"potions_floor_spawned":[13,14,16,19,21,29,31,35],"ascension_level":20}