{"gold_per_floor":[112,72,95,45,145,145,160,175,175,192,203,219,232,251,251,347,347,367,367],"floor_reached":19,"playtime":679,"items_purged":[],"score":236,"play_id":"743f3cf6-9a1f-42f6-8206-8bab08a6994f","local_time":"20190630162222","is_ascension_mode":true,"campfire_choices":[{"data":"Bash","floor":6,"key":"SMITH"},{"data":"Armaments","floor":15,"key":"SMITH"}],"neow_cost":"NONE","seed_source_timestamp":72743495414610,"circlet_count":0,"master_deck":["Strike_R","Strike_R","Strike_R","Strike_R","Defend_R","Defend_R","Defend_R","Defend_R","Bash+1","Reaper","Headbutt","Spot Weakness","Thunderclap","Metallicize","Demon Form","Uppercut+1","Body Slam+1","Armaments+1","Feed+1","Dual Wield"],"relics":["Burning Blood","Art of War","Molten Egg 2","Eternal Feather"],"potions_floor_usage":[13,13,18],"damage_taken":[{"damage":5,"enemies":"Cultist","floor":1,"turns":5},{"damage":18,"enemies":"Small Slimes","floor":7,"turns":3},{"damage":9,"enemies":"2 Louse","floor":8,"turns":3},{"damage":22,"enemies":"Large Slime","floor":10,"turns":6},{"damage":27,"enemies":"Blue Slaver","floor":11,"turns":5},{"damage":10,"enemies":"Red Slaver","floor":12,"turns":4},{"damage":22,"enemies":"Gremlin Gang","floor":13,"turns":5},{"damage":20,"enemies":"Looter","floor":14,"turns":4},{"damage":23,"enemies":"The Guardian","floor":16,"turns":10},{"damage":24,"enemies":"Chosen","floor":18,"turns":5},{"damage":70,"enemies":"3 Byrds","floor":19,"turns":4}],"seed_played":"6732272937543322769","potions_obtained":[{"floor":7,"key":"SkillPotion"},{"floor":8,"key":"Swift Potion"},{"floor":11,"key":"Ancient Potion"}],"is_trial":false,"path_per_floor":["M","$","T","?","?","R","M","M","T","M","M","M","M","M","R","B",null,"M","M"],"character_chosen":"IRONCLAD","items_purchased":["Spot Weakness"],"campfire_rested":0,"item_purchase_floors":[2],"current_hp_per_floor":[73,73,73,73,73,73,68,65,65,69,58,54,56,48,48,31,68,50,0],"gold":367,"neow_bonus":"ONE_RANDOM_RARE_CARD","is_prod":false,"is_daily":false,"chose_seed":false,"campfire_upgraded":2,"win_rate":0,"timestamp":1561882942,"path_taken":["M","$","?","?","?","R","M","M","T","M","?","M","M","M","R","BOSS","M","M"],"build_version":"2019-01-23","purchased_purges":0,"victory":false,"max_hp_per_floor":[80,80,80,80,80,80,80,80,80,80,80,80,80,80,80,80,80,80,84],"card_choices":[{"not_picked":["Rupture","Warcry"],"picked":"Headbutt","floor":1},{"not_picked":["Iron Wave","Shrug It Off"],"picked":"Thunderclap","floor":7},{"not_picked":["Perfected Strike","Thunderclap"],"picked":"Metallicize","floor":8},{"not_picked":["Twin Strike+1","Sever Soul+1"],"picked":"Demon Form","floor":10},{"not_picked":["Body Slam+1","Armaments"],"picked":"Uppercut+1","floor":11},{"not_picked":["Wild Strike+1","Shockwave"],"picked":"Body Slam+1","floor":12},{"not_picked":["True Grit","Shockwave"],"picked":"Armaments","floor":13},{"not_picked":["Havoc","Body Slam+1","Sever Soul+1"],"picked":"SKIP","floor":14},{"not_picked":["Juggernaut","Brutality"],"picked":"Feed+1","floor":16},{"not_picked":["Clash+1","Rampage+1"],"picked":"Dual Wield","floor":18}],"player_experience":1020923,"relics_obtained":[{"floor":3,"key":"Art of War"},{"floor":9,"key":"Molten Egg 2"}],"event_choices":[{"cards_removed":["Strike_R"],"damage_healed":0,"gold_gain":0,"player_choice":"Card Removal","damage_taken":0,"max_hp_gain":0,"max_hp_loss":0,"event_name":"The Cleric","floor":4,"gold_loss":50},{"damage_healed":0,"gold_gain":100,"player_choice":"Gold","damage_taken":0,"max_hp_gain":0,"max_hp_loss":0,"event_name":"Wheel of Change","floor":5,"gold_loss":0}],"is_beta":false,"boss_relics":[{"not_picked":["Busted Crown","Astrolabe"],"picked":"Eternal Feather"}],"items_purged_floors":[],"is_endless":false,"potions_floor_spawned":[7,8,11],"killed_by":"3 Byrds","ascension_level":9}