{"gold_per_floor":[118,118,138,188,200,200,225,241,292,107,107,107,107,64,64,64],"floor_reached":16,"playtime":362,"items_purged":[],"score":196,"play_id":"6fda8af3-cf31-4fe9-86af-23d97a086aff","local_time":"20190621171649","is_ascension_mode":true,"campfire_choices":[{"data":"Spot Weakness","floor":6,"key":"SMITH"},{"data":"Apotheosis","floor":11,"key":"SMITH"},{"floor":13,"key":"REST"},{"floor":15,"key":"RECALL"}],"neow_cost":"NONE","seed_source_timestamp":4769912381631508,"circlet_count":0,"master_deck":["AscendersBane","Strike_R","Strike_R","Strike_R","Defend_R","Defend_R","Defend_R","Defend_R","Bash","Battle Trance","Spot Weakness+1","Flame Barrier","Perfected Strike","Metallicize","Apotheosis+1","Metallicize"],"relics":["Burning Blood","NeowsBlessing","Singing Bowl","Oddly Smooth Stone"],"potions_floor_usage":[7],"damage_taken":[{"damage":0,"enemies":"Jaw Worm","floor":1,"turns":1},{"damage":0,"enemies":"Cultist","floor":3,"turns":1},{"damage":0,"enemies":"Small Slimes","floor":5,"turns":1},{"damage":43,"enemies":"3 Sentries","floor":7,"turns":10},{"damage":15,"enemies":"Exordium Thugs","floor":8,"turns":5},{"damage":66,"enemies":"Hexaghost","floor":16,"turns":11}],"seed_played":"7552496219568088388","potions_obtained":[{"floor":5,"key":"BloodPotion"},{"floor":8,"key":"SpeedPotion"}],"is_trial":false,"path_per_floor":["M","?","M","?","M","R","E","M","T","$","R","?","R","$","R","B"],"character_chosen":"IRONCLAD","items_purchased":["Apotheosis","Metallicize"],"campfire_rested":1,"item_purchase_floors":[10,14],"current_hp_per_floor":[74,67,73,73,75,75,45,36,36,36,36,36,58,58,58,0],"gold":64,"neow_bonus":"THREE_ENEMY_KILL","is_prod":false,"is_daily":false,"chose_seed":false,"campfire_upgraded":2,"win_rate":0,"timestamp":1561151809,"path_taken":["M","?","M","?","M","R","E","?","T","$","R","?","R","?","R","BOSS"],"build_version":"2019-01-23","purchased_purges":0,"victory":false,"max_hp_per_floor":[75,75,75,75,75,75,75,75,75,75,75,75,75,75,75,75],"card_choices":[{"not_picked":["Clash","Entrench"],"picked":"Battle Trance","floor":1},{"not_picked":["Thunderclap","Rage"],"picked":"Spot Weakness","floor":3},{"not_picked":["Sever Soul","Entrench"],"picked":"Flame Barrier","floor":5},{"not_picked":["Immolate","Wild Strike"],"picked":"Perfected Strike","floor":7},{"not_picked":["Rage","Iron Wave"],"picked":"Metallicize","floor":8}],"player_experience":769212,"relics_obtained":[{"floor":7,"key":"Singing Bowl"},{"floor":9,"key":"Oddly Smooth Stone"}],"event_choices":[{"cards_removed":["Strike_R"],"damage_healed":0,"gold_gain":0,"player_choice":"Card Removal","damage_taken":7,"max_hp_gain":0,"max_hp_loss":0,"event_name":"Golden Wing","floor":2,"gold_loss":0},{"damage_healed":0,"gold_gain":50,"player_choice":"Pray","damage_taken":0,"max_hp_gain":0,"max_hp_loss":0,"event_name":"Golden Shrine","floor":4,"gold_loss":0},{"cards_removed":["Strike_R"],"damage_healed":0,"gold_gain":0,"player_choice":"Offered Basic","damage_taken":0,"max_hp_gain":0,"max_hp_loss":0,"event_name":"Bonfire Elementals","floor":12,"gold_loss":0}],"is_beta":false,"boss_relics":[],"items_purged_floors":[],"is_endless":false,"potions_floor_spawned":[5,8],"killed_by":"Hexaghost","ascension_level":20}