{"gold_per_floor":[112,37,37,52,52,77,91,91,91,32,32,57,57,386,386,460,460,470,87,87,87,37,37],"floor_reached":23,"playtime":438,"items_purged":["Strike_B","Strike_B"],"score":606,"play_id":"3b9a5c70-a807-4346-bd9c-218be8a27fca","local_time":"20190703173030","is_ascension_mode":true,"campfire_choices":[{"floor":8,"key":"REST"},{"data":"Streamline","floor":11,"key":"SMITH"},{"floor":13,"key":"DIG"},{"floor":15,"key":"REST"}],"neow_cost":"NONE","seed_source_timestamp":0,"circlet_count":0,"master_deck":["AscendersBane","Defend_B","Defend_B","Defend_B","Zap","Dualcast","Streamline+1","Cold Snap","Gash","Gash","Streamline+1","Ball Lightning","Gash","Scrape","Echo Form","Rebound"],"special_seed":0,"relics":["Philosopher\u0027s Stone","Pear","Oddly Smooth Stone","Shovel","Regal Pillow","Old Coin","Nuclear Battery","Membership Card","Gremlin Horn"],"potions_floor_usage":[14],"damage_taken":[{"damage":8.0,"enemies":"Small Slimes","floor":1.0,"turns":3.0},{"damage":5.0,"enemies":"2 Louse","floor":4.0,"turns":2.0},{"damage":37,"enemies":"3 Sentries","floor":6,"turns":8},{"damage":0,"enemies":"Cultist","floor":7,"turns":3},{"damage":27,"enemies":"Gremlin Nob","floor":12,"turns":4},{"damage":10,"enemies":"3 Sentries","floor":14,"turns":4},{"damage":39,"enemies":"Hexaghost","floor":16,"turns":7},{"damage":34,"enemies":"Shell Parasite","floor":18,"turns":4},{"damage":50,"enemies":"Slavers","floor":23,"turns":3}],"seed_played":"-8912561136309937842","potions_obtained":[{"floor":12,"key":"Fire Potion"},{"floor":18,"key":"Dexterity Potion"}],"is_trial":false,"path_per_floor":["M","?","?","M","?","E","M","R","T","$","R","E","R","E","R","B",null,"M","$","?","?","$","E"],"character_chosen":"DEFECT","items_purchased":["Ball Lightning","Membership Card","Gremlin Horn"],"campfire_rested":2,"item_purchase_floors":[10,19,19],"current_hp_per_floor":[56,56,56,51,51,24,24,48,48,48,48,21,21,11,50,11,64,30,30,46,46,46,0],"gold":37,"neow_bonus":"BOSS_RELIC","is_prod":false,"is_daily":false,"chose_seed":false,"campfire_upgraded":1,"win_rate":0,"timestamp":1562171430,"path_taken":["M","?","?","M","?","E","?","R","T","$","R","E","R","E","R","BOSS","M","$","?","?","$","E"],"build_version":"2019-07-01","purchased_purges":2,"victory":false,"max_hp_per_floor":[71,71,71,71,71,81,81,81,81,81,81,81,81,81,81,81,81,81,81,81,81,81,81],"card_choices":[{"not_picked":["Coolheaded","Go for the Eyes"],"picked":"Streamline","floor":1.0},{"not_picked":["Gash","Conserve Battery"],"picked":"Cold Snap","floor":4.0},{"not_picked":["Leap","Beam Cell"],"picked":"Gash","floor":6},{"not_picked":["Barrage","Leap"],"picked":"Streamline","floor":7},{"not_picked":["Go for the Eyes","Stack"],"picked":"Gash","floor":12},{"not_picked":["Fusion","Auto Shields"],"picked":"Scrape","floor":14},{"not_picked":["Amplify","Buffer"],"picked":"Echo Form","floor":16},{"not_picked":["Streamline+1","Conserve Battery"],"picked":"Rebound","floor":18}],"player_experience":1530825,"relics_obtained":[{"floor":6,"key":"Pear"},{"floor":9,"key":"Oddly Smooth Stone"},{"floor":12,"key":"Shovel"},{"floor":13,"key":"Regal Pillow"},{"floor":14,"key":"Old Coin"}],"event_choices":[{"cards_removed":["Strike_B"],"damage_healed":0.0,"max_hp_gain":0.0,"max_hp_loss":0.0,"gold_gain":0.0,"event_name":"The Cleric","player_choice":"Card Removal","floor":2.0,"gold_loss":75.0,"damage_taken":0.0},{"damage_healed":0.0,"max_hp_gain":0.0,"max_hp_loss":0.0,"gold_gain":0.0,"event_name":"Living Wall","player_choice":"Grow","floor":3.0,"gold_loss":0.0,"damage_taken":0.0,"cards_upgraded":["Streamline"]},{"damage_healed":0,"gold_gain":0,"cards_transformed":["Defend_B"],"player_choice":"Transformed","damage_taken":0,"max_hp_gain":0,"max_hp_loss":0,"event_name":"Transmorgrifier","floor":5,"gold_loss":0,"cards_obtained":["Gash"]},{"damage_healed":16,"gold_gain":0,"player_choice":"Heal","damage_taken":0,"max_hp_gain":0,"max_hp_loss":0,"event_name":"The Library","floor":20,"gold_loss":0},{"cards_removed":["Strike_B"],"damage_healed":0,"gold_gain":0,"player_choice":"Purged","damage_taken":0,"max_hp_gain":0,"max_hp_loss":0,"event_name":"Purifier","floor":21,"gold_loss":0}],"is_beta":false,"boss_relics":[{"not_picked":["Tiny House","White Beast Statue"],"picked":"Nuclear Battery"}],"items_purged_floors":[19,22],"is_endless":false,"potions_floor_spawned":[12,18],"killed_by":"Slavers","ascension_level":20}