{"gold_per_floor":[117,143,159,231,21,86,110,110,110,123,148,148,177,191,191,265,265,282,313,313,72,87,87,117,137,161,189,209,225,325,405,405,482,482,495,495,595,4,356,356,74,74,74,74],"floor_reached":44,"playtime":1954,"items_purged":[],"score":925,"play_id":"35c21997-a599-483c-b7ed-ed317264f6b5","local_time":"20190226182003","is_ascension_mode":true,"campfire_choices":[{"data":"Bane","floor":8,"key":"SMITH"},{"floor":12,"key":"REST"},{"data":"Leg Sweep","floor":15,"key":"SMITH"},{"data":"Wraith Form v2","floor":23,"key":"SMITH"},{"floor":32,"key":"REST"},{"floor":40,"key":"RECALL"},{"data":"Metamorphosis","floor":42,"key":"SMITH"}],"neow_cost":"NONE","seed_source_timestamp":61317895383200,"circlet_count":0,"master_deck":["AscendersBane","Defend_G","Defend_G","Defend_G","Defend_G","Defend_G","Strike_G","Strike_G","Survivor","Neutralize","Tools of the Trade+1","Phantasmal Killer+1","Corpse Explosion+1","Backstab","Poisoned Stab","Bane+1","Poisoned Stab","Crippling Poison","Leg Sweep+1","Venomology","Adrenaline","Riddle With Holes","Wraith Form v2+1","Skewer","Underhanded Strike","Predator","Bouncing Flask","Flying Knee+1","Burst","After Image","Writhe","Noxious Fumes","Metamorphosis+1","Dash"],"special_seed":0,"relics":["Astrolabe","Orichalcum","Chemical X","Tiny Chest","Odd Mushroom","Bottled Tornado","Vajra","Snake Skull","Snecko Eye","Red Mask","Boot","Peace Pipe","Regal Pillow","Blue Candle","Du-Vu Doll","Mummified Hand","Kunai","Busted Crown","Tingsha","Gremlin Horn","Old Coin","Pantograph"],"potions_floor_usage":[6,13,16,19,19,24,24,27,29,30,33,35,37,44,44],"damage_taken":[{"damage":10.0,"enemies":"Cultist","floor":1.0,"turns":5.0},{"damage":4.0,"enemies":"Small Slimes","floor":3.0,"turns":4.0},{"damage":22,"enemies":"Lagavulin","floor":6,"turns":7},{"damage":0,"enemies":"The Mushroom Lair","floor":7,"turns":2},{"damage":0,"enemies":"2 Louse","floor":10,"turns":2},{"damage":2,"enemies":"Gremlin Nob","floor":13,"turns":3},{"damage":0,"enemies":"2 Fungi Beasts","floor":14,"turns":3},{"damage":21,"enemies":"The Guardian","floor":16,"turns":12},{"damage":12,"enemies":"2 Thieves","floor":18,"turns":2},{"damage":4,"enemies":"Masked Bandits","floor":19,"turns":2},{"damage":0,"enemies":"Chosen","floor":22,"turns":2},{"damage":2,"enemies":"Book of Stabbing","floor":24,"turns":6},{"damage":0,"enemies":"Centurion and Healer","floor":25,"turns":4},{"damage":18,"enemies":"Slavers","floor":27,"turns":3},{"damage":12,"enemies":"3 Cultists","floor":28,"turns":3},{"damage":0,"enemies":"Snecko","floor":29,"turns":4},{"damage":5,"enemies":"Colosseum Slavers","floor":30,"turns":3},{"damage":0,"enemies":"Colosseum Nobs","floor":30,"turns":3},{"damage":26,"enemies":"Champ","floor":33,"turns":8},{"damage":0,"enemies":"3 Darklings","floor":35,"turns":4},{"damage":9,"enemies":"Mind Bloom Boss Battle","floor":37,"turns":4},{"damage":10,"enemies":"2 Orb Walkers","floor":39,"turns":4},{"damage":126,"enemies":"Giant Head","floor":44,"turns":6}],"seed_played":"-140854881702477533","potions_obtained":[{"floor":3.0,"key":"AttackPotion"},{"floor":7,"key":"FearPotion"},{"floor":13,"key":"Regen Potion"},{"floor":14,"key":"Energy Potion"},{"floor":19,"key":"Block Potion"},{"floor":27,"key":"Fruit Juice"},{"floor":30,"key":"Regen Potion"},{"floor":35,"key":"AttackPotion"}],"is_trial":false,"path_per_floor":["M","T","M","?","$","E","?","R","T","M","T","R","E","M","R","B",null,"M","?","?","$","M","R","E","M","T","E","M","M","?","T","R","B",null,"M","?","?","$","?","R","$","R","T","E"],"character_chosen":"THE_SILENT","items_purchased":["Chemical X","Riddle With Holes","Boot","Metamorphosis","Dash","Gremlin Horn","Pantograph"],"campfire_rested":2,"item_purchase_floors":[5,21,21,38,38,38,41],"current_hp_per_floor":[49,49,45,45,45,23,23,23,23,23,23,42,40,40,40,34,58,46,42,42,42,42,42,40,40,40,27,15,15,10,10,46,35,62,62,71,62,62,52,52,52,52,52,0],"gold":74,"neow_bonus":"BOSS_RELIC","is_prod":false,"is_daily":false,"chose_seed":false,"campfire_upgraded":4,"win_rate":0,"timestamp":1551234003,"path_taken":["M","?","M","?","$","E","?","R","T","M","?","R","E","M","R","BOSS","M","?","?","$","M","R","E","M","T","E","M","M","?","?","R","BOSS","M","?","?","$","?","R","?","R","T","E"],"build_version":"2019-01-23","purchased_purges":0,"victory":false,"max_hp_per_floor":[66,66,66,66,66,66,66,66,66,66,66,66,66,66,66,66,66,66,66,66,66,66,66,66,66,66,71,71,71,71,71,71,71,71,71,71,71,71,71,71,71,71,71,71],"card_choices":[{"not_picked":["Dagger Spray","Acrobatics"],"picked":"Backstab","floor":1.0},{"not_picked":["Crippling Poison","PiercingWail"],"picked":"Poisoned Stab","floor":3.0},{"not_picked":["Eviscerate","Sucker Punch"],"picked":"Bane","floor":6},{"not_picked":["Bouncing Flask","Bane"],"picked":"Poisoned Stab","floor":7},{"not_picked":["Dagger Spray","Finisher"],"picked":"Crippling Poison","floor":10},{"not_picked":["Deadly Poison","Tactician"],"picked":"Leg Sweep","floor":13},{"not_picked":["Backflip","Quick Slash"],"picked":"Venomology","floor":14},{"not_picked":["Phantasmal Killer","Malaise"],"picked":"Adrenaline","floor":16},{"not_picked":["Acrobatics","Dodge and Roll","Poisoned Stab"],"picked":"SKIP","floor":18},{"not_picked":["Bane+1","Flying Knee"],"picked":"Wraith Form v2","floor":22},{"not_picked":["Cloak And Dagger","Concentrate"],"picked":"Skewer","floor":24},{"not_picked":["Calculated Gamble+1","Flying Knee"],"picked":"Underhanded Strike","floor":25},{"not_picked":["Backflip","Caltrops"],"picked":"Predator","floor":27},{"not_picked":["Prepared","Dagger Spray"],"picked":"Bouncing Flask","floor":28},{"not_picked":["Deadly Poison","Outmaneuver"],"picked":"Flying Knee+1","floor":29},{"not_picked":["Backflip","Acrobatics"],"picked":"Burst","floor":30},{"not_picked":["Phantasmal Killer","Glass Knife"],"picked":"After Image","floor":33},{"not_picked":["Setup+1"],"picked":"SKIP","floor":35},{"not_picked":[],"picked":"Noxious Fumes","floor":37}],"player_experience":1209720,"relics_obtained":[{"floor":2.0,"key":"Orichalcum"},{"floor":6,"key":"Tiny Chest"},{"floor":7,"key":"Odd Mushroom"},{"floor":9,"key":"Bottled Tornado"},{"floor":11,"key":"Vajra"},{"floor":13,"key":"Snake Skull"},{"floor":19,"key":"Red Mask"},{"floor":24,"key":"Peace Pipe"},{"floor":26,"key":"Regal Pillow"},{"floor":27,"key":"Blue Candle"},{"floor":30,"key":"Du-Vu Doll"},{"floor":30,"key":"Mummified Hand"},{"floor":31,"key":"Kunai"},{"floor":37,"key":"Tingsha"},{"floor":39,"key":"Old Coin"}],"event_choices":[{"damage_healed":0.0,"max_hp_gain":0.0,"max_hp_loss":0.0,"gold_gain":72.0,"event_name":"Golden Wing","player_choice":"Gained Gold","floor":4.0,"gold_loss":0.0,"damage_taken":0.0},{"damage_healed":0,"gold_gain":0,"player_choice":"Fought Mushrooms","damage_taken":0,"max_hp_gain":0,"max_hp_loss":0,"event_name":"Mushrooms","floor":7,"gold_loss":0},{"damage_healed":0,"gold_gain":0,"player_choice":"Fought Bandits","damage_taken":0,"max_hp_gain":0,"max_hp_loss":0,"event_name":"Masked Bandits","floor":19,"gold_loss":0},{"damage_healed":0,"gold_gain":0,"player_choice":"Ignored","damage_taken":0,"max_hp_gain":0,"max_hp_loss":0,"event_name":"Ghosts","floor":20,"gold_loss":0},{"damage_healed":0,"gold_gain":0,"player_choice":"Fight","damage_taken":0,"max_hp_gain":0,"max_hp_loss":0,"event_name":"Colosseum","floor":30,"gold_loss":0},{"damage_healed":0,"gold_gain":0,"player_choice":"Fought Nobs","damage_taken":0,"max_hp_gain":0,"max_hp_loss":0,"event_name":"Colosseum","floor":30,"gold_loss":0},{"damage_healed":14,"gold_gain":0,"player_choice":"Writhe","damage_taken":0,"max_hp_gain":0,"max_hp_loss":0,"event_name":"Winding Halls","floor":36,"gold_loss":0,"cards_obtained":["Writhe"]},{"damage_healed":0,"gold_gain":0,"player_choice":"Fight","damage_taken":0,"max_hp_gain":0,"max_hp_loss":0,"event_name":"MindBloom","floor":37,"gold_loss":0},{"damage_healed":0,"gold_gain":0,"player_choice":"Fight","damage_taken":0,"max_hp_gain":0,"max_hp_loss":0,"event_name":"Mysterious Sphere","floor":39,"gold_loss":0}],"is_beta":false,"boss_relics":[{"not_picked":["Coffee Dripper","Sozu"],"picked":"Snecko Eye"},{"not_picked":["Lizard Tail","Orrery"],"picked":"Busted Crown"}],"items_purged_floors":[],"is_endless":false,"potions_floor_spawned":[3,7,13,14,16,18,19,27,30,30,35,39],"killed_by":"Giant Head","ascension_level":20}