{"gold_per_floor":[118,138,157,157,157,157,182,182,205,225,244,244],"floor_reached":12,"playtime":478,"items_purged":[],"score":140,"play_id":"74e4f665-b2d1-49b1-8aa8-2d478c2bfcb2","local_time":"20180729193049","is_ascension_mode":true,"campfire_choices":[{"data":"Zap","floor":6,"key":"SMITH"},{"floor":8,"key":"REST"}],"neow_cost":"NONE","seed_source_timestamp":1896932942092943,"circlet_count":0,"master_deck":["Strike_B","Strike_B","Strike_B","Defend_B","Defend_B","Defend_B","Defend_B","Zap+1","Dualcast","AscendersBane","Ball Lightning","Steam","Genetic Algorithm","Leap","Auto Shields","Defragment"],"relics":["Cracked Core","Vajra","Orichalcum","Centennial Puzzle"],"potions_floor_usage":[10],"damage_taken":[{"damage":2,"enemies":"2 Louse","floor":1,"turns":2},{"damage":8,"enemies":"Small Slimes","floor":2,"turns":3},{"damage":1,"enemies":"Jaw Worm","floor":3,"turns":3},{"damage":25,"enemies":"3 Sentries","floor":7,"turns":7},{"damage":0,"enemies":"Large Slime","floor":10,"turns":4},{"damage":19,"enemies":"Gremlin Gang","floor":11,"turns":5},{"damage":40,"enemies":"Gremlin Nob","floor":12,"turns":4}],"seed_played":"6329066304929827678","potions_obtained":[{"floor":1,"key":"LiquidBronze"},{"floor":3,"key":"Fire Potion"}],"is_trial":false,"path_per_floor":["M","M","M","?","?","R","E","R","T","M","M"],"character_chosen":"DEFECT","items_purchased":[],"campfire_rested":1,"item_purchase_floors":[],"current_hp_per_floor":[62,54,53,46,46,46,21,42,42,42,23,0],"gold":244,"neow_bonus":"RANDOM_COMMON_RELIC","is_prod":false,"is_daily":false,"chose_seed":false,"campfire_upgraded":1,"win_rate":0,"timestamp":1532907049,"path_taken":["M","M","M","?","?","R","E","R","T","M","M","E"],"build_version":"2018-07-26","purchased_purges":0,"victory":false,"max_hp_per_floor":[71,71,71,71,71,71,71,71,71,71,71,71],"card_choices":[{"not_picked":["BootSequence","Auto Shields"],"picked":"Ball Lightning","floor":1},{"not_picked":["Double Energy","Rip and Tear"],"picked":"Steam","floor":2},{"not_picked":["Aggregate","Hologram"],"picked":"Genetic Algorithm","floor":3},{"not_picked":["Gash","Streamline"],"picked":"Leap","floor":7},{"not_picked":["Stack","Steam Power"],"picked":"Auto Shields","floor":10},{"not_picked":["Static Discharge","Chill"],"picked":"Defragment","floor":11}],"player_experience":184593,"relics_obtained":[{"floor":7,"key":"Orichalcum"},{"floor":9,"key":"Centennial Puzzle"}],"event_choices":[{"event_name":"Golden Wing","player_choice":"Card Removal","floor":4,"damage_taken":0},{"event_name":"Shining Light","player_choice":"Ignored","floor":5,"damage_taken":0}],"is_beta":false,"boss_relics":[],"items_purged_floors":[],"is_endless":false,"potions_floor_spawned":[1,3,7],"killed_by":"Gremlin Nob","ascension_level":15}