{"gold_per_floor":[367,30,46,121,121,148,148,183,232,260,276,290,308,327,327,327],"floor_reached":16,"playtime":363,"items_purged":[],"score":128,"play_id":"6df0eb3f-20e0-4ebe-91dc-285732f32fd7","local_time":"20190710001819","is_ascension_mode":true,"campfire_choices":[{"data":"Armaments","floor":7,"key":"SMITH"},{"data":"Perfected Strike","floor":15,"key":"SMITH"}],"neow_cost":"TEN_PERCENT_HP_LOSS","seed_source_timestamp":6350085928516353,"circlet_count":0,"master_deck":["Strike_R","Strike_R","Strike_R","Strike_R","Strike_R","Defend_R","Defend_R","Defend_R","Defend_R","Bash","Clothesline","Armaments+1","Cleave","Perfected Strike+1","Hemokinesis"],"special_seed":0,"relics":["Burning Blood","Ice Cream","Regal Pillow","Self Forming Clay","Strawberry","Art of War"],"potions_floor_usage":[8,12,14],"damage_taken":[{"damage":1.0,"enemies":"2 Louse","floor":1.0,"turns":2.0},{"damage":1.0,"enemies":"Cultist","floor":3.0,"turns":3.0},{"damage":28,"enemies":"Gremlin Nob","floor":6,"turns":4},{"damage":13,"enemies":"Lagavulin","floor":8,"turns":7},{"damage":12,"enemies":"3 Sentries","floor":10,"turns":6},{"damage":3,"enemies":"Jaw Worm","floor":11,"turns":3},{"damage":13,"enemies":"Exordium Thugs","floor":12,"turns":3},{"damage":7,"enemies":"Exordium Wildlife","floor":13,"turns":3},{"damage":3,"enemies":"Large Slime","floor":14,"turns":2},{"damage":0,"enemies":"Hexaghost","floor":16,"turns":1}],"seed_played":"-1038985180084092831","potions_obtained":[{"floor":6,"key":"Regen Potion"},{"floor":10,"key":"Fire Potion"},{"floor":11,"key":"Fire Potion"},{"floor":12,"key":"Regen Potion"},{"floor":14,"key":"Block Potion"}],"is_trial":false,"path_per_floor":["M","$","M","?","$","E","R","E","T","E","M","M","M","M","R","B"],"character_chosen":"IRONCLAD","items_purchased":["Ice Cream","Armaments"],"campfire_rested":0,"item_purchase_floors":[2,2],"current_hp_per_floor":[72,72,72,65,65,43,43,50,57,51,54,47,46,49,49,49],"gold":327,"neow_bonus":"TWO_FIFTY_GOLD","is_prod":false,"is_daily":false,"chose_seed":false,"campfire_upgraded":2,"win_rate":0,"timestamp":1562732299,"path_taken":["M","$","M","?","$","E","R","E","T","E","M","M","M","?","R","BOSS"],"build_version":"2019-07-05","purchased_purges":0,"victory":false,"max_hp_per_floor":[72,72,72,72,72,72,72,72,79,79,79,79,79,79,79,79],"card_choices":[{"not_picked":["Havoc","Flex"],"picked":"Clothesline","floor":1.0},{"not_picked":["Twin Strike","Intimidate"],"picked":"Cleave","floor":3.0},{"not_picked":["Combust","Twin Strike"],"picked":"Perfected Strike","floor":6},{"not_picked":["Battle Trance","Cleave","Havoc"],"picked":"SKIP","floor":8},{"not_picked":["Twin Strike","Havoc","Body Slam"],"picked":"SKIP","floor":10},{"not_picked":["Rupture","Bloodletting"],"picked":"Hemokinesis","floor":11},{"not_picked":["Rampage","Fire Breathing","Headbutt"],"picked":"SKIP","floor":12},{"not_picked":["Bludgeon","Rage","Inflame"],"picked":"SKIP","floor":13},{"not_picked":["Bloodletting","Clash","Sentinel"],"picked":"SKIP","floor":14}],"player_experience":936725,"relics_obtained":[{"floor":6,"key":"Regal Pillow"},{"floor":8,"key":"Self Forming Clay"},{"floor":9,"key":"Strawberry"},{"floor":10,"key":"Art of War"}],"event_choices":[{"damage_healed":0,"gold_gain":75,"player_choice":"Touch","damage_taken":7,"max_hp_gain":0,"max_hp_loss":0,"event_name":"FaceTrader","floor":4,"gold_loss":0}],"is_beta":false,"boss_relics":[],"items_purged_floors":[],"is_endless":false,"potions_floor_spawned":[6,10,11,12,14],"killed_by":"Hexaghost","ascension_level":1}