{"gold_per_floor":[114,114,114,129,142,142,142,177,240,252,288,137,93,112,112,187,187,201,201,201,216,216],"floor_reached":22,"playtime":828,"items_purged":["Strike_G"],"score":364,"play_id":"03559f53-f3c4-4e50-b0e9-46d408ba6adc","local_time":"20190626213151","is_ascension_mode":true,"campfire_choices":[{"data":"Poisoned Stab","floor":6,"key":"SMITH"},{"floor":10,"key":"REST"},{"floor":15,"key":"REST"}],"neow_cost":"PERCENT_DAMAGE","seed_source_timestamp":5216658255936519,"circlet_count":0,"master_deck":["AscendersBane","Defend_G","Defend_G","Defend_G","Defend_G","Defend_G","Strike_G","Strike_G","Strike_G","Survivor","Neutralize+1","Riddle With Holes","Poisoned Stab+1","Backstab","Flying Knee","Well Laid Plans","Slice","Storm of Steel","Noxious Fumes","Decay","Leg Sweep"],"relics":["Ring of the Snake","StoneCalendar","MawBank","Oddly Smooth Stone","Odd Mushroom","Sozu"],"potions_floor_usage":[8],"damage_taken":[{"damage":0,"enemies":"Jaw Worm","floor":1,"turns":7},{"damage":0,"enemies":"Small Slimes","floor":4,"turns":4},{"damage":0,"enemies":"Cultist","floor":5,"turns":4},{"damage":29,"enemies":"Gremlin Nob","floor":8,"turns":4},{"damage":13,"enemies":"The Mushroom Lair","floor":11,"turns":5},{"damage":0,"enemies":"Large Slime","floor":14,"turns":6},{"damage":20,"enemies":"Slime Boss","floor":16,"turns":9},{"damage":10,"enemies":"3 Byrds","floor":18,"turns":6},{"damage":34,"enemies":"Spheric Guardian","floor":21,"turns":6},{"damage":14,"enemies":"Snake Plant","floor":22,"turns":3}],"seed_played":"-7621910584735326424","potions_obtained":[{"floor":4,"key":"Energy Potion"},{"floor":5,"key":"SmokeBomb"}],"is_trial":false,"path_per_floor":["M","?","?","M","M","R","?","E","T","R","?","$","?","M","R","B",null,"M","?","?","M","M"],"character_chosen":"THE_SILENT","items_purchased":["Well Laid Plans"],"campfire_rested":2,"item_purchase_floors":[12],"current_hp_per_floor":[44,37,37,37,37,37,37,8,8,27,14,14,14,14,33,13,53,43,43,43,9,0],"gold":216,"neow_bonus":"ONE_RARE_RELIC","is_prod":false,"is_daily":false,"chose_seed":false,"campfire_upgraded":1,"win_rate":0,"timestamp":1561599111,"path_taken":["M","?","?","M","?","R","?","E","T","R","?","$","?","M","R","BOSS","M","?","?","?","M"],"build_version":"2019-01-23","purchased_purges":1,"victory":false,"max_hp_per_floor":[66,66,66,66,66,66,66,66,66,66,66,66,66,66,66,66,66,66,66,66,66,66],"card_choices":[{"not_picked":["Dodge and Roll","Backflip"],"picked":"Riddle With Holes","floor":1},{"not_picked":["Sucker Punch","Crippling Poison"],"picked":"Poisoned Stab","floor":4},{"not_picked":["Distraction","Bane","PiercingWail"],"picked":"SKIP","floor":5},{"not_picked":["Deflect","Skewer"],"picked":"Backstab","floor":8},{"not_picked":["Catalyst","Prepared"],"picked":"Flying Knee","floor":11},{"not_picked":["Deadly Poison","Flying Knee"],"picked":"Slice","floor":14},{"not_picked":["Wraith Form v2","Bullet Time"],"picked":"Storm of Steel","floor":16},{"not_picked":["Slice","Acrobatics"],"picked":"Noxious Fumes","floor":18},{"not_picked":["Endless Agony","Escape Plan"],"picked":"Leg Sweep","floor":21}],"player_experience":790076,"relics_obtained":[{"floor":8,"key":"MawBank"},{"floor":9,"key":"Oddly Smooth Stone"},{"floor":11,"key":"Odd Mushroom"}],"event_choices":[{"cards_removed":["Strike_G"],"damage_healed":0,"gold_gain":0,"player_choice":"Card Removal","damage_taken":7,"max_hp_gain":0,"max_hp_loss":0,"event_name":"Golden Wing","floor":2,"gold_loss":0},{"damage_healed":0,"gold_gain":0,"player_choice":"Upgraded","damage_taken":0,"max_hp_gain":0,"max_hp_loss":0,"event_name":"Upgrade Shrine","floor":3,"gold_loss":0,"cards_upgraded":["Neutralize"]},{"damage_healed":0,"gold_gain":0,"player_choice":"Ignored","damage_taken":0,"max_hp_gain":0,"max_hp_loss":0,"event_name":"Shining Light","floor":7,"gold_loss":0},{"damage_healed":0,"gold_gain":0,"player_choice":"Fought Mushrooms","damage_taken":0,"max_hp_gain":0,"max_hp_loss":0,"event_name":"Mushrooms","floor":11,"gold_loss":0},{"damage_healed":0,"gold_gain":0,"player_choice":"Left Gold","damage_taken":0,"max_hp_gain":0,"max_hp_loss":0,"event_name":"World of Goop","floor":13,"gold_loss":44},{"damage_healed":0,"gold_gain":0,"player_choice":"Ignored","damage_taken":0,"max_hp_gain":0,"max_hp_loss":0,"event_name":"The Mausoleum","floor":19,"gold_loss":0},{"damage_healed":0,"gold_gain":0,"player_choice":"Smashed Altar","damage_taken":0,"max_hp_gain":0,"max_hp_loss":0,"event_name":"Forgotten Altar","floor":20,"gold_loss":0,"cards_obtained":["Decay"]}],"is_beta":false,"boss_relics":[{"not_picked":["Runic Dome","Black Star"],"picked":"Sozu"}],"items_purged_floors":[12],"is_endless":false,"potions_floor_spawned":[4,5,18],"killed_by":"Snake Plant","ascension_level":20}