{"gold_per_floor":[110,260,335,352,368,368,403,449,498,498,508,22,22,66,66,165,165,188,212,212,225,57,92,92],"floor_reached":24,"playtime":1089,"items_purged":["Doubt"],"score":448,"play_id":"188d5b1b-c649-432b-99ee-1e8bb1ae075c","local_time":"20190708065206","is_ascension_mode":true,"campfire_choices":[{"data":"Tempest","floor":6.0,"key":"SMITH"},{"floor":10.0,"key":"REST"},{"data":"Apotheosis","floor":15.0,"key":"SMITH"}],"neow_cost":"NONE","seed_source_timestamp":2093268894790500,"circlet_count":0,"master_deck":["AscendersBane","Zap","Dualcast","Tempest+1","Cold Snap","Leap","White Noise","Sweeping Beam","Cold Snap","Chill","Apotheosis+1","Rainbow","Go for the Eyes","Thunder Strike","Self Repair","Conserve Battery","Melter","Seek","Static Discharge","Double Energy","Electrodynamics","Ball Lightning","Go for the Eyes","Fusion","Loop","Conserve Battery"],"special_seed":0,"relics":["Cracked Core","Regal Pillow","Dream Catcher","Juzu Bracelet","Membership Card","Tiny Chest","Golden Idol","Gremlin Horn","Pandora\u0027s Box","Nilry\u0027s Codex","Bag of Preparation","Centennial Puzzle","Cables"],"potions_floor_usage":[],"damage_taken":[{"damage":7.0,"enemies":"Jaw Worm","floor":1.0,"turns":3.0},{"damage":0.0,"enemies":"Small Slimes","floor":4.0,"turns":2.0},{"damage":1.0,"enemies":"Cultist","floor":5.0,"turns":4.0},{"damage":17.0,"enemies":"3 Sentries","floor":7.0,"turns":5.0},{"damage":6.0,"enemies":"Lots of Slimes","floor":11.0,"turns":3.0},{"damage":4.0,"enemies":"Gremlin Nob","floor":14.0,"turns":3.0},{"damage":28.0,"enemies":"Slime Boss","floor":16.0,"turns":6.0},{"damage":9.0,"enemies":"Shell Parasite","floor":18.0,"turns":2.0},{"damage":0.0,"enemies":"Spheric Guardian","floor":19.0,"turns":3.0},{"damage":19.0,"enemies":"Cultist and Chosen","floor":21.0,"turns":5.0},{"damage":14.0,"enemies":"Slavers","floor":23.0,"turns":3.0},{"damage":13,"enemies":"Snake Plant","floor":24,"turns":1}],"seed_played":"-7456532118100211208","potions_obtained":[{"floor":7.0,"key":"SkillPotion"},{"floor":11.0,"key":"Explosive Potion"},{"floor":16.0,"key":"SneckoOil"},{"floor":21.0,"key":"FairyPotion"}],"is_trial":false,"path_per_floor":["M","?","?","M","M","R","E","T","T","R","M","$","?","E","R","B",null,"M","M","?","M","$","E","M"],"character_chosen":"DEFECT","items_purchased":["Membership Card","Tiny Chest","Apotheosis","Rainbow","Bag of Preparation","Centennial Puzzle"],"campfire_rested":1,"item_purchase_floors":[12,12,12,12,22,22],"current_hp_per_floor":[57,57,46,46,45,45,28,28,28,64,58,58,58,54,54,26,55,46,46,25,16,16,2,0],"gold":92,"neow_bonus":"THREE_CARDS","is_prod":false,"is_daily":false,"chose_seed":false,"campfire_upgraded":2,"win_rate":0,"timestamp":1562593926,"path_taken":["M","?","?","M","M","R","E","?","T","R","M","$","?","E","R","BOSS","M","M","?","M","$","E","M"],"build_version":"2019-07-05","purchased_purges":1,"victory":false,"max_hp_per_floor":[71,71,71,71,71,71,71,71,71,71,71,71,64,64,64,64,64,64,64,64,64,64,64,64],"card_choices":[{"not_picked":["Coolheaded","Conserve Battery"],"picked":"Tempest","floor":0.0},{"not_picked":["Go for the Eyes","Coolheaded"],"picked":"Cold Snap","floor":1.0},{"not_picked":["Gash","Chaos"],"picked":"Leap","floor":4.0},{"not_picked":["Coolheaded","Beam Cell"],"picked":"White Noise","floor":5.0},{"not_picked":["Gash","Redo"],"picked":"Sweeping Beam","floor":7.0},{"not_picked":["Redo","Coolheaded"],"picked":"Cold Snap","floor":10.0},{"not_picked":["Conserve Battery","Rebound"],"picked":"Chill","floor":11.0},{"not_picked":["Stack","Turbo"],"picked":"Go for the Eyes","floor":14.0},{"not_picked":["Multi-Cast","Reboot"],"picked":"Thunder Strike","floor":16.0},{"not_picked":["Undo","Rebound"],"picked":"Go for the Eyes","floor":18.0},{"not_picked":["Rip and Tear","Doom and Gloom"],"picked":"Fusion","floor":19.0},{"not_picked":["Go for the Eyes","Rebound"],"picked":"Loop","floor":21.0},{"not_picked":["Aggregate","Consume"],"picked":"Conserve Battery","floor":23.0}],"player_experience":1232651,"relics_obtained":[{"floor":7.0,"key":"Regal Pillow"},{"floor":8.0,"key":"Dream Catcher"},{"floor":9.0,"key":"Juzu Bracelet"},{"floor":14.0,"key":"Gremlin Horn"},{"floor":20.0,"key":"Nilry\u0027s Codex"},{"floor":23.0,"key":"Cables"}],"event_choices":[{"damage_healed":0.0,"max_hp_gain":0.0,"max_hp_loss":0.0,"gold_gain":150.0,"event_name":"Liars Game","player_choice":"AGREE","floor":2.0,"gold_loss":0.0,"damage_taken":0.0,"cards_obtained":["Doubt"]},{"damage_healed":0.0,"max_hp_gain":0.0,"max_hp_loss":0.0,"gold_gain":75.0,"event_name":"World of Goop","player_choice":"Gather Gold","floor":3.0,"gold_loss":0.0,"damage_taken":11.0},{"damage_healed":0.0,"max_hp_gain":0.0,"max_hp_loss":7.0,"gold_gain":0.0,"event_name":"Golden Idol","player_choice":"Lose Max HP","floor":13.0,"gold_loss":0.0,"damage_taken":0.0,"relics_obtained":["Golden Idol"]},{"damage_healed":0.0,"max_hp_gain":0.0,"max_hp_loss":0.0,"gold_gain":0.0,"event_name":"Cursed Tome","player_choice":"Obtained Book","floor":20.0,"gold_loss":0.0,"damage_taken":21.0}],"is_beta":false,"boss_relics":[{"not_picked":["Runic Pyramid","Velvet Choker"],"picked":"Pandora\u0027s Box"}],"items_purged_floors":[12],"is_endless":false,"potions_floor_spawned":[7,11,16,21],"killed_by":"Snake Plant","ascension_level":20}