{"gold_per_floor":[116,128,93,105,105,105,105,138,210,536,551,551,551,563,563,637,637,657,657,657,657,672,672,682,682,682,711,711,164,164,178,178,178],"floor_reached":33,"playtime":1107,"items_purged":["Strike_G"],"score":621,"play_id":"f4f3e74f-b3b2-4072-a4ff-0a2561b74ed5","local_time":"20190618002631","is_ascension_mode":true,"campfire_choices":[{"data":"Predator","floor":6.0,"key":"SMITH"},{"data":"Neutralize","floor":13.0,"key":"SMITH"},{"data":"Terror","floor":15.0,"key":"SMITH"},{"floor":23.0,"key":"REST"},{"floor":25.0,"key":"REST"},{"floor":28.0,"key":"REST"},{"data":"Envenom","floor":32.0,"key":"SMITH"}],"neow_cost":"NONE","seed_source_timestamp":4449268098162731,"circlet_count":0,"master_deck":["AscendersBane","Defend_G","Defend_G","Defend_G","Defend_G","Defend_G","Strike_G","Strike_G","Survivor","Neutralize+1","Predator+1","Cloak And Dagger","Backstab","Terror+1","Dagger Spray+1","Sucker Punch","Malaise","Flying Knee+1","Leg Sweep","Envenom+1","Quick Slash","PiercingWail","Infinite Blades","Dash"],"special_seed":0,"relics":["Ring of the Snake","Bronze Scales","Bottled Flame","Pantograph","Ninja Scroll","Old Coin","Black Star","CultistMask","FossilizedHelix","Juzu Bracelet","Whetstone","Membership Card","Toxic Egg 2","Pear"],"potions_floor_usage":[33],"damage_taken":[{"damage":3.0,"enemies":"2 Louse","floor":1.0,"turns":3.0},{"damage":1.0,"enemies":"Small Slimes","floor":2.0,"turns":4.0},{"damage":1.0,"enemies":"Jaw Worm","floor":4.0,"turns":5.0},{"damage":40.0,"enemies":"Lagavulin","floor":8.0,"turns":8.0},{"damage":0.0,"enemies":"Gremlin Nob","floor":10.0,"turns":2.0},{"damage":0.0,"enemies":"2 Fungi Beasts","floor":11.0,"turns":1.0},{"damage":0.0,"enemies":"Large Slime","floor":14.0,"turns":4.0},{"damage":36.0,"enemies":"The Guardian","floor":16.0,"turns":9.0},{"damage":0.0,"enemies":"3 Byrds","floor":18.0,"turns":4.0},{"damage":10.0,"enemies":"Spheric Guardian","floor":22.0,"turns":5.0},{"damage":17.0,"enemies":"Snecko","floor":24.0,"turns":7.0},{"damage":42.0,"enemies":"Gremlin Leader","floor":27.0,"turns":9.0},{"damage":4.0,"enemies":"3 Cultists","floor":31.0,"turns":5.0},{"damage":99,"enemies":"Automaton","floor":33,"turns":12}],"seed_played":"7825715890176572220","potions_obtained":[{"floor":1.0,"key":"Energy Potion"},{"floor":11.0,"key":"PowerPotion"},{"floor":14.0,"key":"EssenceOfSteel"},{"floor":22.0,"key":"Poison Potion"},{"floor":27.0,"key":"Regen Potion"}],"is_trial":false,"path_per_floor":["M","M","?","M","?","R","T","E","T","E","M","?","R","M","R","B",null,"M","?","?","?","M","R","M","R","T","E","R","$","?","M","R","B"],"character_chosen":"THE_SILENT","items_purchased":["Membership Card","Toxic Egg 2","Pear"],"campfire_rested":3,"item_purchase_floors":[29,29,29],"current_hp_per_floor":[56,55,66,65,70,70,70,30,30,30,30,30,30,30,30,19,58,58,58,38,38,28,50,33,55,55,13,35,45,45,55,55,0],"gold":178,"neow_bonus":"RANDOM_COMMON_RELIC","is_prod":false,"is_daily":false,"chose_seed":false,"campfire_upgraded":4,"win_rate":0,"timestamp":1560831991,"path_taken":["M","M","?","M","?","R","?","E","T","E","M","?","R","M","R","BOSS","M","?","?","?","?","R","M","R","T","E","R","$","?","M","R","BOSS"],"build_version":"2019-01-23","purchased_purges":1,"victory":false,"max_hp_per_floor":[66,66,66,66,71,71,71,71,71,71,71,71,71,71,71,71,71,71,71,76,76,76,76,76,76,76,76,76,86,86,86,86,86],"card_choices":[{"not_picked":["Catalyst","Quick Slash"],"picked":"Predator","floor":1.0},{"not_picked":["Eviscerate","Slice"],"picked":"Cloak And Dagger","floor":2.0},{"not_picked":["Outmaneuver","Dodge and Roll"],"picked":"Backstab","floor":4.0},{"not_picked":["Riddle With Holes","Dagger Throw"],"picked":"Terror","floor":8.0},{"not_picked":["Finisher","Endless Agony","Skewer"],"picked":"SKIP","floor":10.0},{"not_picked":["Deflect","Dodge and Roll"],"picked":"Dagger Spray","floor":11.0},{"not_picked":["Expertise","Crippling Poison"],"picked":"Sucker Punch","floor":14.0},{"not_picked":["Bullet Time","Venomology"],"picked":"Malaise","floor":16.0},{"not_picked":["Backflip","Outmaneuver"],"picked":"Flying Knee","floor":18.0},{"not_picked":["Underhanded Strike","Terror+1"],"picked":"Quick Slash","floor":22.0},{"not_picked":["Prepared","Sucker Punch"],"picked":"PiercingWail","floor":24.0},{"not_picked":["Crippling Poison+1","Dagger Spray"],"picked":"Infinite Blades","floor":27.0},{"not_picked":["Outmaneuver+1","Prepared+1"],"picked":"Dash","floor":31.0}],"player_experience":751593,"relics_obtained":[{"floor":7.0,"key":"Bottled Flame"},{"floor":8.0,"key":"Pantograph"},{"floor":9.0,"key":"Ninja Scroll"},{"floor":10.0,"key":"Old Coin"},{"floor":26.0,"key":"FossilizedHelix"},{"floor":27.0,"key":"Juzu Bracelet"},{"floor":27.0,"key":"Whetstone"}],"event_choices":[{"damage_healed":16.0,"max_hp_gain":0.0,"max_hp_loss":0.0,"gold_gain":0.0,"event_name":"The Cleric","player_choice":"Healed","floor":3.0,"gold_loss":35.0,"damage_taken":0.0},{"damage_healed":0.0,"max_hp_gain":5.0,"max_hp_loss":0.0,"gold_gain":0.0,"event_name":"Big Fish","player_choice":"Donut","floor":5.0,"gold_loss":0.0,"damage_taken":0.0},{"damage_healed":0.0,"max_hp_gain":0.0,"max_hp_loss":0.0,"gold_gain":0.0,"event_name":"Liars Game","player_choice":"Ignored","floor":12.0,"gold_loss":0.0,"damage_taken":0.0},{"damage_healed":0.0,"max_hp_gain":0.0,"max_hp_loss":0.0,"gold_gain":0.0,"cards_transformed":["Strike_G","Strike_G"],"event_name":"Drug Dealer","player_choice":"Became Test Subject","floor":19.0,"gold_loss":0.0,"damage_taken":0.0,"cards_obtained":["Leg Sweep","Envenom"]},{"damage_healed":0.0,"max_hp_gain":5.0,"max_hp_loss":0.0,"gold_gain":0.0,"event_name":"Forgotten Altar","player_choice":"Shed Blood","floor":20.0,"gold_loss":0.0,"damage_taken":25.0},{"damage_healed":0.0,"max_hp_gain":0.0,"max_hp_loss":0.0,"gold_gain":0.0,"event_name":"FaceTrader","player_choice":"Trade","floor":21.0,"gold_loss":0.0,"damage_taken":0.0,"relics_obtained":["CultistMask"]},{"damage_healed":0.0,"max_hp_gain":0.0,"max_hp_loss":0.0,"gold_gain":0.0,"event_name":"Ghosts","player_choice":"Ignored","floor":30.0,"gold_loss":0.0,"damage_taken":0.0}],"is_beta":false,"boss_relics":[{"not_picked":["Orrery","Calling Bell"],"picked":"Black Star"}],"items_purged_floors":[29],"is_endless":false,"potions_floor_spawned":[1,11,14,22,24,27],"killed_by":"Automaton","ascension_level":20}