{"gold_per_floor":[119,119,194,16,29,55,55,83,83,94,94,129,147,16,16,16],"floor_reached":16,"playtime":414,"items_purged":[],"score":265,"play_id":"756e5638-27d4-4b78-ae25-d031c9d92764","local_time":"20190216172426","is_ascension_mode":true,"campfire_choices":[{"data":"Bash","floor":7,"key":"SMITH"},{"floor":15,"key":"REST"}],"neow_cost":"NONE","seed_source_timestamp":4941080988118590,"circlet_count":0,"master_deck":["AscendersBane","Strike_R","Strike_R","Strike_R","Strike_R","Strike_R","Defend_R","Defend_R","Defend_R","Defend_R","Bash+1","Perfected Strike","Perfected Strike","Shockwave","Shrug It Off","Spot Weakness","Feel No Pain","Corruption","Armaments"],"relics":["Burning Blood","NeowsBlessing","The Courier","Bronze Scales","Centennial Puzzle","Ginger","PreservedInsect","Vajra"],"potions_floor_usage":[12,12],"damage_taken":[{"damage":0,"enemies":"2 Louse","floor":1,"turns":1},{"damage":0,"enemies":"Jaw Worm","floor":5,"turns":1},{"damage":0,"enemies":"Gremlin Nob","floor":6,"turns":1},{"damage":40,"enemies":"Lagavulin","floor":8,"turns":7},{"damage":4,"enemies":"Cultist","floor":10,"turns":4},{"damage":13,"enemies":"Gremlin Nob","floor":12,"turns":3},{"damage":3,"enemies":"Exordium Thugs","floor":13,"turns":5},{"damage":46,"enemies":"Hexaghost","floor":16,"turns":11}],"seed_played":"2996295444259497351","potions_obtained":[{"floor":5,"key":"GamblersBrew"},{"floor":6,"key":"Energy Potion"}],"is_trial":false,"path_per_floor":["M","?","?","$","M","E","R","E","T","M","$","E","M","$","R","B"],"character_chosen":"IRONCLAD","items_purchased":["Perfected Strike","Shockwave","Shrug It Off","Spot Weakness","Vajra"],"campfire_rested":1,"item_purchase_floors":[4,4,4,4,14],"current_hp_per_floor":[74,56,45,45,51,57,57,23,23,25,25,18,21,21,43,0],"gold":16,"neow_bonus":"THREE_ENEMY_KILL","is_prod":false,"is_daily":false,"chose_seed":false,"campfire_upgraded":1,"win_rate":0,"timestamp":1550355866,"path_taken":["M","?","?","$","M","E","R","E","T","M","$","E","M","?","R","BOSS"],"build_version":"2019-01-23","purchased_purges":0,"victory":false,"max_hp_per_floor":[75,75,75,75,75,75,75,75,75,75,75,75,75,75,75,75],"card_choices":[{"not_picked":["True Grit","Iron Wave"],"picked":"Perfected Strike","floor":1},{"not_picked":["Entrench","Warcry"],"picked":"Feel No Pain","floor":5},{"not_picked":["Thunderclap","Metallicize","Sword Boomerang"],"picked":"SKIP","floor":6},{"not_picked":["Thunderclap","Brutality"],"picked":"Corruption","floor":8},{"not_picked":["Sword Boomerang","Feel No Pain"],"picked":"Armaments","floor":10},{"not_picked":["Entrench","Flex","Anger"],"picked":"SKIP","floor":12},{"not_picked":["Thunderclap","Sever Soul","Heavy Blade"],"picked":"SKIP","floor":13}],"player_experience":573930,"relics_obtained":[{"floor":6,"key":"Bronze Scales"},{"floor":8,"key":"Centennial Puzzle"},{"floor":9,"key":"Ginger"},{"floor":12,"key":"PreservedInsect"}],"event_choices":[{"damage_healed":0,"gold_gain":0,"player_choice":"Success","damage_taken":18,"relics_obtained":["The Courier"],"max_hp_gain":0,"max_hp_loss":0,"event_name":"Scrap Ooze","floor":2,"gold_loss":0},{"damage_healed":0,"gold_gain":75,"player_choice":"Gather Gold","damage_taken":11,"max_hp_gain":0,"max_hp_loss":0,"event_name":"World of Goop","floor":3,"gold_loss":0}],"is_beta":false,"boss_relics":[],"items_purged_floors":[],"is_endless":false,"potions_floor_spawned":[5,6,10],"killed_by":"Hexaghost","ascension_level":17}