{"gold_per_floor":[119,119,129,54,70,70,81,81,81,98,98,98,98,118,118,218,218,228,247,263,278,296,296,308,325,325,325,338,338,338,350,350,448,448,459,459,475,494,151,151,165,181,230,243,118,118,133,133,133,133],"floor_reached":50,"playtime":6848,"items_purged":["Strike_R","Defend_R","Defend_R"],"score":444,"play_id":"c65c0866-60b6-44dc-9033-5206429d8f95","local_time":"20190709213652","is_ascension_mode":false,"campfire_choices":[{"data":"Pommel Strike","floor":6,"key":"SMITH"},{"data":"Twin Strike","floor":8,"key":"SMITH"},{"data":"Armaments","floor":11,"key":"SMITH"},{"data":"Iron Wave","floor":15,"key":"SMITH"},{"floor":23,"key":"REST"},{"data":"True Grit","floor":27,"key":"SMITH"},{"data":"Infernal Blade","floor":32,"key":"SMITH"},{"data":"Barricade","floor":40,"key":"SMITH"},{"floor":49,"key":"REST"}],"neow_cost":"NONE","seed_source_timestamp":351404279731590,"circlet_count":0,"master_deck":["Strike_R","Strike_R","Bash","Blind","Pommel Strike+1","Shrug It Off","Headbutt","Twin Strike+1","Armaments+1","Iron Wave+1","Spot Weakness","Juggernaut","True Grit+1","Intimidate","Whirlwind+1","Headbutt","Iron Wave+1","Rage+1","Pommel Strike+1","Perfected Strike","Infernal Blade+1","Barricade+1","Body Slam+1","Anger+1","Flex+1","Clash+1","Flame Barrier+1","Dual Wield+1","Searing Blow+1"],"relics":["Burning Blood","PreservedInsect","Philosopher\u0027s Stone","Letter Opener","Eternal Feather","Ornamental Fan","Potion Belt"],"potions_floor_usage":[22,33,33,35,47,47,50],"damage_taken":[{"damage":0,"enemies":"Small Slimes","floor":1,"turns":4},{"damage":1,"enemies":"2 Louse","floor":3,"turns":3},{"damage":1,"enemies":"Cultist","floor":5,"turns":4},{"damage":32,"enemies":"Gremlin Gang","floor":7,"turns":9},{"damage":1,"enemies":"Lots of Slimes","floor":10,"turns":4},{"damage":2,"enemies":"Looter","floor":14,"turns":3},{"damage":18,"enemies":"Hexaghost","floor":16,"turns":9},{"damage":16,"enemies":"Spheric Guardian","floor":18,"turns":4},{"damage":0,"enemies":"Chosen","floor":19,"turns":5},{"damage":3,"enemies":"Centurion and Healer","floor":20,"turns":8},{"damage":4,"enemies":"Snake Plant","floor":21,"turns":4},{"damage":49,"enemies":"Sentry and Sphere","floor":22,"turns":8},{"damage":10,"enemies":"Cultist and Chosen","floor":24,"turns":5},{"damage":6,"enemies":"Snecko","floor":25,"turns":4},{"damage":12,"enemies":"Shelled Parasite and Fungi","floor":28,"turns":5},{"damage":4,"enemies":"Centurion and Healer","floor":31,"turns":5},{"damage":59,"enemies":"Automaton","floor":33,"turns":10},{"damage":0,"enemies":"3 Shapes","floor":35,"turns":3},{"damage":24,"enemies":"3 Darklings","floor":37,"turns":7},{"damage":33,"enemies":"Spire Growth","floor":38,"turns":4},{"damage":21,"enemies":"Jaw Worm Horde","floor":41,"turns":5},{"damage":1,"enemies":"Sphere and 2 Shapes","floor":42,"turns":3},{"damage":36,"enemies":"Maw","floor":44,"turns":7},{"damage":0,"enemies":"4 Shapes","floor":47,"turns":3},{"damage":56,"enemies":"Time Eater","floor":50,"turns":10}],"seed_played":"-4833349673730848904","potions_obtained":[{"floor":1,"key":"SpeedPotion"},{"floor":3,"key":"FearPotion"},{"floor":20,"key":"Energy Potion"},{"floor":21,"key":"Energy Potion"},{"floor":25,"key":"Regen Potion"},{"floor":33,"key":"GamblersBrew"},{"floor":35,"key":"Dexterity Potion"},{"floor":37,"key":"EssenceOfSteel"}],"is_trial":false,"path_per_floor":["M","?","M","$","M","R","M","R","T","M","R","?","$","M","R","B",null,"M","M","M","M","M","R","M","M","T","R","M","?","?","M","R","B",null,"M","?","M","M","$","R","M","M","T","M","$","?","M","$","R","B"],"character_chosen":"IRONCLAD","items_purchased":["Ornamental Fan"],"campfire_rested":2,"item_purchase_floors":[39],"current_hp_per_floor":[80,73,78,78,80,80,54,54,54,59,59,59,59,63,63,51,80,70,76,79,80,37,61,57,57,57,57,51,51,51,53,53,15,80,80,80,62,35,35,50,35,40,40,10,10,10,16,16,55,0],"gold":133,"neow_bonus":"RANDOM_COLORLESS","is_prod":false,"is_daily":false,"chose_seed":false,"campfire_upgraded":7,"win_rate":0.0,"timestamp":1562722612,"path_taken":["M","?","M","$","M","R","M","R","T","M","R","?","$","M","R","BOSS","M","M","?","M","?","R","M","?","T","R","M","?","?","M","R","BOSS","M","?","?","M","$","R","M","M","T","M","$","?","M","$","R","BOSS"],"build_version":"2019-07-05","purchased_purges":3,"victory":false,"max_hp_per_floor":[80,80,80,80,80,80,80,80,80,80,80,80,80,80,80,80,80,80,80,80,80,80,80,80,80,80,80,80,80,80,80,80,80,80,80,80,80,80,80,80,80,80,80,80,80,80,80,80,80,80],"card_choices":[{"not_picked":["Flex","Hemokinesis"],"picked":"Pommel Strike","floor":1},{"not_picked":["Flex","Perfected Strike"],"picked":"Shrug It Off","floor":3},{"not_picked":["Corruption","Twin Strike"],"picked":"Headbutt","floor":5},{"not_picked":["Disarm","Thunderclap"],"picked":"Twin Strike","floor":7},{"not_picked":["Heavy Blade","Warcry"],"picked":"Armaments","floor":10},{"not_picked":["Pommel Strike","Feel No Pain"],"picked":"Spot Weakness","floor":14},{"not_picked":["Double Tap","Dark Embrace"],"picked":"Juggernaut","floor":16},{"not_picked":["Feel No Pain","Heavy Blade"],"picked":"True Grit","floor":18},{"not_picked":["Thunderclap+1","Rampage"],"picked":"Intimidate","floor":19},{"not_picked":["Pommel Strike","Clothesline+1"],"picked":"Whirlwind+1","floor":20},{"not_picked":["Armaments","Perfected Strike"],"picked":"Headbutt","floor":21},{"not_picked":["Headbutt","Carnage"],"picked":"Iron Wave+1","floor":22},{"not_picked":["Clothesline","Body Slam"],"picked":"Rage+1","floor":24},{"not_picked":["True Grit","Headbutt"],"picked":"Pommel Strike+1","floor":25},{"not_picked":["Reckless Charge","Uppercut"],"picked":"Perfected Strike","floor":28},{"not_picked":["Spot Weakness+1","Battle Trance"],"picked":"Infernal Blade","floor":31},{"not_picked":["Limit Break","Dark Embrace"],"picked":"Barricade","floor":33},{"not_picked":["Headbutt+1","Spot Weakness"],"picked":"Body Slam+1","floor":35},{"not_picked":["Shrug It Off+1","Flex"],"picked":"Anger+1","floor":37},{"not_picked":["Clothesline","Heavy Blade+1"],"picked":"Flex+1","floor":38},{"not_picked":["Twin Strike+1","Corruption+1"],"picked":"Clash+1","floor":41},{"not_picked":["Spot Weakness+1","Limit Break"],"picked":"Flame Barrier+1","floor":42},{"not_picked":["Warcry","Burning Pact+1"],"picked":"Dual Wield+1","floor":44},{"not_picked":["Carnage","Iron Wave+1"],"picked":"Searing Blow+1","floor":47}],"player_experience":31227,"relics_obtained":[{"floor":9,"key":"PreservedInsect"},{"floor":26,"key":"Letter Opener"},{"floor":43,"key":"Potion Belt"}],"event_choices":[{"cards_removed":["Strike_R"],"damage_healed":0,"gold_gain":0,"player_choice":"Card Removal","damage_taken":7,"max_hp_gain":0,"max_hp_loss":0,"event_name":"Golden Wing","floor":2,"gold_loss":0},{"cards_removed":["Strike_R"],"damage_healed":0,"gold_gain":0,"player_choice":"Took Card","damage_taken":0,"max_hp_gain":0,"max_hp_loss":0,"event_name":"NoteForYourself","floor":12,"gold_loss":0,"cards_obtained":["Iron Wave"]},{"damage_healed":0,"gold_gain":0,"player_choice":"Ignored","damage_taken":0,"max_hp_gain":0,"max_hp_loss":0,"event_name":"Vampires","floor":29,"gold_loss":0},{"cards_removed":["Defend_R"],"damage_healed":0,"gold_gain":0,"player_choice":"Elegance","damage_taken":0,"max_hp_gain":0,"max_hp_loss":0,"event_name":"Back to Basics","floor":30,"gold_loss":0},{"cards_removed":["Defend_R"],"damage_healed":0,"gold_gain":0,"player_choice":"Purged","damage_taken":0,"max_hp_gain":0,"max_hp_loss":0,"event_name":"Purifier","floor":36,"gold_loss":0},{"damage_healed":0,"gold_gain":0,"player_choice":"Ignored","damage_taken":0,"max_hp_gain":0,"max_hp_loss":0,"event_name":"Mysterious Sphere","floor":46,"gold_loss":0}],"is_beta":false,"boss_relics":[{"not_picked":["Runic Dome","Coffee Dripper"],"picked":"Philosopher\u0027s Stone"},{"not_picked":["Black Blood","Orrery"],"picked":"Eternal Feather"}],"items_purged_floors":[4,39,45],"is_endless":false,"potions_floor_spawned":[1,3,20,21,25,31,33,35,37,41],"killed_by":"Time Eater","ascension_level":0}