{"gold_per_floor":[112,37,49,15,30,30,55,55,55,55,55,68,33,33,33,33],"floor_reached":16,"playtime":410,"items_purged":["Strike_R"],"score":105,"play_id":"31bb1e8c-79e6-409a-90b7-ef7d8e085d40","local_time":"20190212115803","is_ascension_mode":true,"campfire_choices":[{"data":"Bash","floor":6,"key":"SMITH"},{"data":"Armaments","floor":11,"key":"SMITH"},{"floor":15,"key":"REST"}],"neow_cost":"NONE","seed_source_timestamp":1272352243202480,"circlet_count":0,"master_deck":["Strike_R","Strike_R","Strike_R","Strike_R","Defend_R","Defend_R","Defend_R","Defend_R","Bash+1","Battle Trance","Shrug It Off","Rupture","Armaments+1","Immolate"],"relics":["Burning Blood","NeowsBlessing","Gambling Chip","Turnip","NlothsMask"],"potions_floor_usage":[16,16,16],"damage_taken":[{"damage":0,"enemies":"Cultist","floor":1,"turns":1},{"damage":0,"enemies":"Small Slimes","floor":3,"turns":1},{"damage":0,"enemies":"2 Louse","floor":5,"turns":1},{"damage":36,"enemies":"Gremlin Nob","floor":7,"turns":5},{"damage":14,"enemies":"Exordium Wildlife","floor":12,"turns":5},{"damage":8,"enemies":"Exordium Thugs","floor":13,"turns":7},{"damage":85,"enemies":"Hexaghost","floor":16,"turns":16}],"seed_played":"3100673753239419361","potions_obtained":[{"floor":3,"key":"GamblersBrew"},{"floor":7,"key":"SteroidPotion"},{"floor":13,"key":"Block Potion"}],"is_trial":false,"path_per_floor":["M","$","M","$","M","R","E","?","T","?","R","M","M","?","R","B"],"character_chosen":"IRONCLAD","items_purchased":["Rupture"],"campfire_rested":1,"item_purchase_floors":[4],"current_hp_per_floor":[80,80,80,80,80,80,50,76,76,76,76,68,66,66,80,0],"gold":33,"neow_bonus":"THREE_ENEMY_KILL","is_prod":false,"is_daily":false,"chose_seed":false,"campfire_upgraded":2,"win_rate":0,"timestamp":1550001483,"path_taken":["M","$","M","$","?","R","E","?","T","?","R","?","M","?","R","BOSS"],"build_version":"2019-01-23","purchased_purges":1,"victory":false,"max_hp_per_floor":[80,80,80,80,80,80,80,80,80,80,80,80,80,80,80,80],"card_choices":[{"not_picked":["Iron Wave","Twin Strike"],"picked":"Battle Trance","floor":1},{"not_picked":["Iron Wave","Sword Boomerang"],"picked":"Shrug It Off","floor":3},{"not_picked":["Warcry","Carnage"],"picked":"Armaments","floor":5},{"not_picked":["Flame Barrier","Thunderclap","Power Through"],"picked":"SKIP","floor":7},{"not_picked":["Rupture","Metallicize","Headbutt"],"picked":"SKIP","floor":12},{"not_picked":["Armaments","Iron Wave"],"picked":"Immolate","floor":13}],"player_experience":204396,"relics_obtained":[{"floor":7,"key":"Gambling Chip"},{"floor":9,"key":"Turnip"}],"event_choices":[{"damage_healed":26,"gold_gain":0,"player_choice":"Banana","damage_taken":0,"max_hp_gain":0,"max_hp_loss":0,"event_name":"Big Fish","floor":8,"gold_loss":0},{"damage_healed":0,"gold_gain":0,"player_choice":"Trade","damage_taken":0,"relics_obtained":["NlothsMask"],"max_hp_gain":0,"max_hp_loss":0,"event_name":"FaceTrader","floor":10,"gold_loss":0},{"damage_healed":0,"gold_gain":0,"player_choice":"Searched \u00270\u0027 times","damage_taken":0,"max_hp_gain":0,"max_hp_loss":0,"event_name":"Dead Adventurer","floor":14,"gold_loss":0}],"is_beta":false,"boss_relics":[],"items_purged_floors":[2],"is_endless":false,"potions_floor_spawned":[3,7,13],"killed_by":"Hexaghost","ascension_level":1}