{"gold_per_floor":[117,117,173,173,189,220,145,145,170,170,42,42,58,74,74,152,152,170,170,170,184,194,194,220,220,220,220,232,249,249,266,266,266],"floor_reached":33,"playtime":1085,"items_purged":["Strike_G"],"score":580,"play_id":"1081a129-6271-4fc4-a14d-14fda531eda5","local_time":"20190413160141","is_ascension_mode":true,"campfire_choices":[{"data":"Cloak And Dagger","floor":8.0,"key":"SMITH"},{"data":"Dagger Spray","floor":10.0,"key":"SMITH"},{"data":"Bouncing Flask","floor":15.0,"key":"SMITH"},{"floor":23,"key":"REST"},{"floor":27,"key":"REST"},{"floor":30,"key":"REST"},{"floor":32,"key":"REST"}],"neow_cost":"NONE","seed_source_timestamp":0,"circlet_count":0,"master_deck":["AscendersBane","Defend_G+1","Defend_G+1","Defend_G+1","Defend_G+1","Defend_G+1","Strike_G+1","Strike_G+1","Strike_G+1","Survivor","Neutralize+1","Dagger Spray+1","Dagger Spray","Cloak And Dagger+1","Dash","Bouncing Flask+1","Heel Hook","Malaise+1","Backflip","PiercingWail+1","Dash+1","Dodge and Roll","Backflip","Sucker Punch","Cloak And Dagger","Poisoned Stab","Quick Slash+1","Cloak And Dagger","Bane+1"],"special_seed":0,"relics":["Ring of the Snake","NeowsBlessing","Tiny Chest","Dream Catcher","Smiling Mask","Fusion Hammer","War Paint","Shuriken","Frozen Egg 2"],"potions_floor_usage":[24,31,33],"damage_taken":[{"damage":0.0,"enemies":"Jaw Worm","floor":1.0,"turns":1.0},{"damage":0.0,"enemies":"2 Louse","floor":5.0,"turns":1.0},{"damage":0.0,"enemies":"Lagavulin","floor":6.0,"turns":1.0},{"damage":0.0,"enemies":"Small Slimes","floor":13.0,"turns":2.0},{"damage":0.0,"enemies":"Blue Slaver","floor":14.0,"turns":5.0},{"damage":36.0,"enemies":"Hexaghost","floor":16.0,"turns":11.0},{"damage":0,"enemies":"3 Byrds","floor":18,"turns":4},{"damage":12,"enemies":"Shell Parasite","floor":21,"turns":6},{"damage":18,"enemies":"Snecko","floor":22,"turns":8},{"damage":30,"enemies":"Gremlin Leader","floor":24,"turns":10},{"damage":6,"enemies":"3 Cultists","floor":28,"turns":5},{"damage":7,"enemies":"Snake Plant","floor":29,"turns":4},{"damage":10,"enemies":"Shelled Parasite and Fungi","floor":31,"turns":6},{"damage":49,"enemies":"Automaton","floor":33,"turns":12}],"seed_played":"3222974484728905158","potions_obtained":[{"floor":1.0,"key":"Swift Potion"},{"floor":14.0,"key":"Poison Potion"},{"floor":22,"key":"GhostInAJar"},{"floor":24,"key":"Block Potion"}],"is_trial":false,"path_per_floor":["M","?","T","?","M","E","?","R","T","R","$","?","M","M","R","B",null,"M","?","?","M","M","R","E","T","T","R","M","M","R","M","R","B"],"character_chosen":"THE_SILENT","items_purchased":["Dash"],"campfire_rested":4,"item_purchase_floors":[11],"current_hp_per_floor":[59,59,59,59,59,59,59,59,59,59,59,59,59,59,59,23,55,55,55,55,43,25,44,14,14,14,33,27,20,39,29,48,0],"gold":266,"neow_bonus":"THREE_ENEMY_KILL","is_prod":false,"is_daily":false,"chose_seed":false,"campfire_upgraded":3,"win_rate":0,"timestamp":1555185701,"path_taken":["M","?","?","?","M","E","?","R","T","R","?","?","?","M","R","BOSS","M","?","?","M","M","R","E","?","T","R","M","M","R","M","R","BOSS"],"build_version":"2019-01-23","purchased_purges":1,"victory":false,"max_hp_per_floor":[66,66,66,66,66,66,66,66,66,66,66,66,66,66,66,66,66,66,66,66,66,66,66,66,66,66,66,66,66,66,66,66,66],"card_choices":[{"not_picked":["Skewer","Dagger Throw"],"picked":"Dagger Spray","floor":1.0},{"not_picked":["Heel Hook","Leg Sweep"],"picked":"Dagger Spray","floor":5.0},{"not_picked":["Dagger Throw","Night Terror"],"picked":"Cloak And Dagger","floor":6.0},{"not_picked":["Outmaneuver","Acrobatics"],"picked":"Bouncing Flask","floor":13.0},{"not_picked":["Unload","Poisoned Stab"],"picked":"Heel Hook","floor":14.0},{"not_picked":["Grand Finale","After Image"],"picked":"Malaise","floor":16.0},{"not_picked":["Slice","Bane"],"picked":"Backflip","floor":18},{"not_picked":["Dagger Throw","Doppelganger"],"picked":"PiercingWail","floor":21},{"not_picked":["Acrobatics","Dagger Throw"],"picked":"Dash+1","floor":22},{"not_picked":["Prepared","Bane"],"picked":"Dodge and Roll","floor":23},{"not_picked":["Distraction","Reflex"],"picked":"Backflip","floor":24},{"not_picked":["Backflip+1","Underhanded Strike"],"picked":"Sucker Punch","floor":27},{"not_picked":["Eviscerate","Quick Slash"],"picked":"Cloak And Dagger","floor":28},{"not_picked":["Distraction","Finisher"],"picked":"Poisoned Stab","floor":29},{"not_picked":["Setup","Prepared+1"],"picked":"Quick Slash+1","floor":30},{"not_picked":["Expertise","Terror"],"picked":"Cloak And Dagger","floor":31},{"not_picked":["Underhanded Strike","Acrobatics+1"],"picked":"Bane+1","floor":32}],"player_experience":636314,"relics_obtained":[{"floor":3.0,"key":"Tiny Chest"},{"floor":6.0,"key":"Dream Catcher"},{"floor":9.0,"key":"Smiling Mask"},{"floor":24,"key":"War Paint"},{"floor":25,"key":"Shuriken"},{"floor":26,"key":"Frozen Egg 2"}],"event_choices":[{"damage_healed":0.0,"max_hp_gain":0.0,"max_hp_loss":0.0,"gold_gain":0.0,"event_name":"Shining Light","player_choice":"Ignored","floor":2.0,"gold_loss":0.0,"damage_taken":0.0},{"damage_healed":0.0,"max_hp_gain":0.0,"max_hp_loss":0.0,"gold_gain":0.0,"event_name":"Living Wall","player_choice":"Grow","floor":4.0,"gold_loss":0.0,"damage_taken":0.0,"cards_upgraded":["Neutralize"]},{"cards_removed":["Strike_G"],"damage_healed":0.0,"max_hp_gain":0.0,"max_hp_loss":0.0,"gold_gain":0.0,"event_name":"The Cleric","player_choice":"Card Removal","floor":7.0,"gold_loss":75.0,"damage_taken":0.0},{"damage_healed":0.0,"max_hp_gain":0.0,"max_hp_loss":0.0,"gold_gain":0.0,"event_name":"Liars Game","player_choice":"Ignored","floor":12.0,"gold_loss":0.0,"damage_taken":0.0},{"damage_healed":0,"gold_gain":0,"player_choice":"Simplicity","damage_taken":0,"max_hp_gain":0,"max_hp_loss":0,"event_name":"Back to Basics","floor":19,"gold_loss":0,"cards_upgraded":["Defend_G","Defend_G","Defend_G","Defend_G","Defend_G","Strike_G","Strike_G","Strike_G"]},{"damage_healed":0,"gold_gain":0,"player_choice":"Ignored","damage_taken":0,"max_hp_gain":0,"max_hp_loss":0,"event_name":"Vampires","floor":20,"gold_loss":0}],"is_beta":false,"boss_relics":[{"not_picked":["Tiny House","Snecko Eye"],"picked":"Fusion Hammer"}],"items_purged_floors":[11],"is_endless":false,"potions_floor_spawned":[1,14,16,18,22,24],"killed_by":"Automaton","ascension_level":20}