{"gold_per_floor":[109,123,123,48,48,48,61,61,84,125,143,156,156,179,179,179],"floor_reached":16,"playtime":384,"items_purged":[],"score":204,"play_id":"a8496d13-e5ca-4fdf-9a2f-2e176f5c7009","local_time":"20190502194110","is_ascension_mode":true,"campfire_choices":[{"floor":6,"key":"REST"},{"data":"Neutralize","floor":8,"key":"SMITH"},{"floor":13,"key":"REST"},{"data":"Cloak And Dagger","floor":15,"key":"SMITH"}],"neow_cost":"NONE","seed_source_timestamp":459383964638802,"circlet_count":0,"master_deck":["AscendersBane","Defend_G","Defend_G+1","Defend_G","Defend_G","Defend_G","Strike_G","Strike_G","Strike_G","Strike_G","Strike_G","Survivor+1","Neutralize+1","Clumsy","Clumsy","Dodge and Roll","All Out Attack","Riddle With Holes","Heel Hook","Cloak And Dagger+1","Flying Knee","Leg Sweep"],"relics":["Calling Bell","Smiling Mask","Matryoshka","Incense Burner","Golden Idol","Boot","Vajra","War Paint"],"potions_floor_usage":[16,16],"damage_taken":[{"damage":4,"enemies":"Jaw Worm","floor":1,"turns":8},{"damage":5,"enemies":"Small Slimes","floor":2,"turns":5},{"damage":7,"enemies":"2 Louse","floor":7,"turns":4},{"damage":22,"enemies":"Gremlin Nob","floor":10,"turns":4},{"damage":0,"enemies":"Blue Slaver","floor":11,"turns":3},{"damage":0,"enemies":"Exordium Wildlife","floor":12,"turns":4},{"damage":8,"enemies":"Red Slaver","floor":14,"turns":4},{"damage":39,"enemies":"Slime Boss","floor":16,"turns":8}],"seed_played":"-4552740102637258739","potions_obtained":[{"floor":10,"key":"AttackPotion"},{"floor":12,"key":"SpeedPotion"}],"is_trial":false,"path_per_floor":["M","M","?","?","?","R","M","R","T","E","M","M","R","M","R","B"],"character_chosen":"THE_SILENT","items_purchased":[],"campfire_rested":2,"item_purchase_floors":[],"current_hp_per_floor":[55,50,55,55,32,52,45,45,45,23,23,23,43,35,35,0],"gold":179,"neow_bonus":"BOSS_RELIC","is_prod":false,"is_daily":false,"chose_seed":false,"campfire_upgraded":2,"win_rate":0,"timestamp":1556840470,"path_taken":["M","M","?","?","?","R","M","R","T","E","M","M","R","M","R","BOSS"],"build_version":"2019-01-23","purchased_purges":0,"victory":false,"max_hp_per_floor":[66,66,71,68,68,68,68,68,68,68,68,68,68,68,68,68],"card_choices":[{"not_picked":["Deflect","Backflip"],"picked":"Dodge and Roll","floor":1},{"not_picked":["Blade Dance","Outmaneuver"],"picked":"All Out Attack","floor":2},{"not_picked":["Masterful Stab","Outmaneuver"],"picked":"Riddle With Holes","floor":7},{"not_picked":["Flechettes","PiercingWail"],"picked":"Heel Hook","floor":10},{"not_picked":["Underhanded Strike","Concentrate"],"picked":"Cloak And Dagger","floor":11},{"not_picked":["All Out Attack","Reflex"],"picked":"Flying Knee","floor":12},{"not_picked":["Escape Plan","Riddle With Holes"],"picked":"Leg Sweep","floor":14}],"player_experience":670761,"relics_obtained":[{"floor":0,"key":"Smiling Mask"},{"floor":0,"key":"Matryoshka"},{"floor":0,"key":"Incense Burner"},{"floor":9,"key":"Boot"},{"floor":9,"key":"Vajra"},{"floor":10,"key":"War Paint"}],"event_choices":[{"damage_healed":0,"gold_gain":0,"player_choice":"Donut","damage_taken":0,"max_hp_gain":5,"max_hp_loss":0,"event_name":"Big Fish","floor":3,"gold_loss":0},{"cards_removed":["Parasite"],"damage_healed":0,"gold_gain":0,"player_choice":"Card Removal","damage_taken":0,"max_hp_gain":0,"max_hp_loss":0,"event_name":"The Cleric","floor":4,"gold_loss":75},{"damage_healed":0,"gold_gain":0,"player_choice":"Take Damage","damage_taken":23,"relics_obtained":["Golden Idol"],"max_hp_gain":0,"max_hp_loss":0,"event_name":"Golden Idol","floor":5,"gold_loss":0}],"is_beta":false,"boss_relics":[],"items_purged_floors":[],"is_endless":false,"potions_floor_spawned":[10,12],"killed_by":"Slime Boss","ascension_level":20}