{"gold_per_floor":[118,132,132,152,77,102,102,120,145,165,165,181,181,197,197,302,302,319,336,6,24,24],"floor_reached":22,"playtime":803,"items_purged":["Strike_R","Strike_R"],"score":276,"play_id":"d9961b75-5166-4ba6-87b7-7fce98cab8c2","local_time":"20181220175318","is_ascension_mode":true,"campfire_choices":[{"data":"Armaments","floor":7.0,"key":"SMITH"},{"data":"Bash","floor":11.0,"key":"SMITH"},{"data":"Clothesline","floor":15.0,"key":"SMITH"}],"neow_cost":"PERCENT_DAMAGE","seed_source_timestamp":1654049820506241,"circlet_count":0,"master_deck":["Strike_R+1","Strike_R","Defend_R","Defend_R","Defend_R","Defend_R","Bash+1","Clothesline+1","Headbutt+1","Armaments+1","Iron Wave","Dropkick","Flex","Double Tap","Twin Strike","Demon Form","Twin Strike","Metallicize","Metallicize","Go for the Eyes"],"special_seed":0,"relics":["Black Blood","StoneCalendar","Regal Pillow","Blood Vial","PrismaticShard"],"potions_floor_usage":[18,19],"damage_taken":[{"damage":0.0,"enemies":"Small Slimes","floor":1.0,"turns":3.0},{"damage":7.0,"enemies":"2 Louse","floor":2.0,"turns":4.0},{"damage":0.0,"enemies":"Cultist","floor":4.0,"turns":3.0},{"damage":20.0,"enemies":"Lagavulin","floor":6.0,"turns":7.0},{"damage":6.0,"enemies":"Looter","floor":8.0,"turns":3.0},{"damage":0.0,"enemies":"Large Slime","floor":10.0,"turns":5.0},{"damage":9.0,"enemies":"2 Fungi Beasts","floor":12.0,"turns":3.0},{"damage":6.0,"enemies":"Looter","floor":14.0,"turns":2.0},{"damage":12.0,"enemies":"Hexaghost","floor":16.0,"turns":8.0},{"damage":14,"enemies":"Chosen","floor":18,"turns":5},{"damage":13,"enemies":"3 Byrds","floor":19,"turns":7},{"damage":27,"enemies":"Snecko","floor":21,"turns":6},{"damage":54,"enemies":"3 Cultists","floor":22,"turns":5}],"seed_played":"5287225693641077243","potions_obtained":[{"floor":4.0,"key":"Ancient Potion"},{"floor":6.0,"key":"Fire Potion"},{"floor":10.0,"key":"Energy Potion"}],"is_trial":false,"path_per_floor":["M","M","M","?","M","$","E","R","M","T","M","R","M","?","M","R","B",null,"M","M","$","M","M"],"character_chosen":"IRONCLAD","items_purchased":["PrismaticShard","Metallicize"],"campfire_rested":0,"item_purchase_floors":[20,20],"current_hp_per_floor":[57,56,40,46,46,32,32,32,32,40,40,39,39,41,41,37,69,67,66,66,51,0],"gold":24,"neow_bonus":"ONE_RARE_RELIC","is_prod":false,"is_daily":false,"chose_seed":false,"campfire_upgraded":3,"win_rate":0,"timestamp":1545346398,"path_taken":["M","M","?","M","$","E","R","M","T","M","R","M","?","?","R","BOSS","M","M","$","M","M"],"build_version":"2018-12-13","purchased_purges":2,"victory":false,"max_hp_per_floor":[80,80,80,80,80,80,80,80,80,80,80,80,80,80,80,80,80,80,80,80,80,80],"card_choices":[{"not_picked":["Warcry","Power Through"],"picked":"Clothesline","floor":1.0},{"not_picked":["Hemokinesis","Heavy Blade"],"picked":"Headbutt","floor":2.0},{"not_picked":["Body Slam","Fiend Fire"],"picked":"Armaments","floor":4.0},{"not_picked":["Burning Pact","Warcry","Sever Soul"],"picked":"SKIP","floor":6.0},{"not_picked":["Warcry","Corruption"],"picked":"Iron Wave","floor":8.0},{"not_picked":["Limit Break","Anger"],"picked":"Dropkick","floor":10.0},{"not_picked":["Whirlwind","Cleave"],"picked":"Flex","floor":12.0},{"not_picked":["Body Slam","Sentinel"],"picked":"Twin Strike","floor":14.0},{"not_picked":["Barricade","Berserk"],"picked":"Demon Form","floor":16.0},{"not_picked":["Ghostly Armor","Searing Blow"],"picked":"Twin Strike","floor":18},{"not_picked":["Clash+1","Iron Wave"],"picked":"Metallicize","floor":19},{"not_picked":["Warcry","Blade Dance"],"picked":"Go for the Eyes","floor":21}],"player_experience":526770,"relics_obtained":[{"floor":6.0,"key":"Regal Pillow"},{"floor":9.0,"key":"Blood Vial"}],"event_choices":[{"damage_healed":0.0,"max_hp_gain":0.0,"max_hp_loss":0.0,"gold_gain":0.0,"event_name":"Shining Light","player_choice":"Entered Light","floor":3.0,"gold_loss":0.0,"damage_taken":16.0,"cards_upgraded":["Headbutt","Strike_R"]},{"damage_healed":0.0,"max_hp_gain":0.0,"max_hp_loss":0.0,"gold_gain":0.0,"cards_transformed":["Strike_R"],"event_name":"Transmorgrifier","player_choice":"Transformed","floor":13.0,"gold_loss":0.0,"damage_taken":0.0,"cards_obtained":["Double Tap"]}],"is_beta":false,"boss_relics":[{"not_picked":["Runic Dome","Velvet Choker"],"picked":"Black Blood"}],"items_purged_floors":[5,20],"is_endless":false,"potions_floor_spawned":[4,6,10,12,14],"killed_by":"3 Cultists","ascension_level":9}