{"gold_per_floor":[116,191,204,219,219,219,251,251,251,265,265,279,291,216,216,293,293,309,37,52,52,52,52,52],"floor_reached":24,"playtime":585,"items_purged":["Strike_R","Strike_R"],"score":392,"play_id":"d9146a96-5601-41d3-ba06-84fee76cd7b9","local_time":"20190609210729","is_ascension_mode":true,"campfire_choices":[{"data":"Whirlwind","floor":6.0,"key":"SMITH"},{"data":"Bludgeon","floor":8.0,"key":"SMITH"},{"data":"Strike_R","floor":11.0,"key":"PURGE"},{"data":"Strike_R","floor":15.0,"key":"PURGE"},{"floor":23,"key":"REST"}],"neow_cost":"NONE","seed_source_timestamp":10309589917900,"circlet_count":0,"master_deck":["AscendersBane","Defend_R","Defend_R","Defend_R","Bash+1","Anger","Shrug It Off","Cleave","Bludgeon+1","Whirlwind+1","Hemokinesis","Metallicize","Fiend Fire","Metallicize","Immolate","Rupture+1","Decay"],"special_seed":0,"relics":["Burning Blood","Pocketwatch","Peace Pipe","Empty Cage","Red Skull"],"potions_floor_usage":[24],"damage_taken":[{"damage":10.0,"enemies":"Small Slimes","floor":1.0,"turns":4.0},{"damage":4.0,"enemies":"2 Louse","floor":3.0,"turns":3.0},{"damage":6.0,"enemies":"Cultist","floor":4.0,"turns":3.0},{"damage":8.0,"enemies":"Gremlin Nob","floor":7.0,"turns":3.0},{"damage":3.0,"enemies":"Looter","floor":10.0,"turns":2.0},{"damage":13.0,"enemies":"Exordium Thugs","floor":12.0,"turns":3.0},{"damage":4.0,"enemies":"3 Louse","floor":13.0,"turns":2.0},{"damage":37.0,"enemies":"Hexaghost","floor":16.0,"turns":9.0},{"damage":23.0,"enemies":"2 Thieves","floor":18.0,"turns":3.0},{"damage":27.0,"enemies":"Shell Parasite","floor":20.0,"turns":4.0},{"damage":45,"enemies":"Book of Stabbing","floor":24,"turns":4}],"seed_played":"-2336460020331991438","potions_obtained":[{"floor":7.0,"key":"GamblersBrew"},{"floor":13.0,"key":"Fruit Juice"},{"floor":16.0,"key":"Poison Potion"}],"is_trial":false,"path_per_floor":["M","?","M","M","?","R","E","R","T","M","R","M","M","$","R","B",null,"M","$","M","?","$","R","E"],"character_chosen":"IRONCLAD","items_purchased":["Red Skull"],"campfire_rested":1,"item_purchase_floors":[19],"current_hp_per_floor":[64,53,55,55,55,55,53,53,53,56,56,49,56,56,56,25,66,49,49,28,28,28,52,7],"gold":52,"neow_bonus":"UPGRADE_CARD","is_prod":false,"is_daily":false,"chose_seed":false,"campfire_upgraded":2,"win_rate":0,"timestamp":1560110849,"path_taken":["M","?","M","M","?","R","E","R","T","M","R","M","?","$","R","BOSS","M","$","M","?","?","R","E"],"build_version":"2019-01-23","purchased_purges":2,"victory":false,"max_hp_per_floor":[75,75,75,75,75,75,75,75,75,75,75,75,80,80,80,80,80,80,80,80,80,80,80,80],"card_choices":[{"not_picked":["Clash","True Grit"],"picked":"Anger","floor":1.0},{"not_picked":["Perfected Strike","Heavy Blade"],"picked":"Shrug It Off","floor":3.0},{"not_picked":["Perfected Strike","Combust"],"picked":"Cleave","floor":4.0},{"not_picked":["Cleave","Shockwave"],"picked":"Hemokinesis","floor":7.0},{"not_picked":["Havoc","Shrug It Off"],"picked":"Metallicize","floor":10.0},{"not_picked":["Perfected Strike","Armaments"],"picked":"Fiend Fire","floor":12.0},{"not_picked":["Bloodletting","Havoc"],"picked":"Metallicize","floor":13.0},{"not_picked":["Bludgeon","Feed"],"picked":"Immolate","floor":16.0},{"not_picked":["Intimidate","Wild Strike"],"picked":"Rupture+1","floor":18.0},{"not_picked":["Sever Soul","Perfected Strike","Thunderclap"],"picked":"SKIP","floor":20.0}],"player_experience":1438709,"relics_obtained":[{"floor":7.0,"key":"Pocketwatch"},{"floor":9.0,"key":"Peace Pipe"}],"event_choices":[{"damage_healed":0.0,"max_hp_gain":0.0,"max_hp_loss":0.0,"gold_gain":75.0,"event_name":"World of Goop","player_choice":"Gather Gold","floor":2.0,"gold_loss":0.0,"damage_taken":11.0},{"damage_healed":0.0,"max_hp_gain":0.0,"max_hp_loss":0.0,"gold_gain":0.0,"event_name":"Match and Keep!","player_choice":"2 cards matched","floor":5.0,"gold_loss":0.0,"damage_taken":0.0,"cards_obtained":["Bludgeon","Whirlwind"]},{"damage_healed":0.0,"max_hp_gain":0.0,"max_hp_loss":0.0,"gold_gain":0.0,"event_name":"Wheel of Change","player_choice":"Cursed","floor":21.0,"gold_loss":0.0,"damage_taken":0.0,"cards_obtained":["Decay"]}],"is_beta":false,"boss_relics":[{"not_picked":["Calling Bell","Mark of Pain"],"picked":"Empty Cage"}],"items_purged_floors":[14,19],"is_endless":false,"potions_floor_spawned":[7,13,16],"killed_by":"Book of Stabbing","ascension_level":20}