{"gold_per_floor":[111,111,29,43,57,57,85,85,85,85,35,35,63,73,73,149,149,167,181,181,181,281,281,300,164,164,195,206,206,235,253,253,330,330,350,362,409,302,319,319,332,202,272,289,289,289,289,319,319,319,319],"floor_reached":52,"playtime":2233,"items_purged":["Strike_G","Strike_G","Infinite Blades","Underhanded Strike"],"score":1881,"play_id":"b4ce2f94-7d9d-4f2b-94b4-42bc3daa85f9","local_time":"20190604211925","is_ascension_mode":true,"campfire_choices":[{"floor":6.0,"key":"REST"},{"data":"Noxious Fumes","floor":8.0,"key":"SMITH"},{"data":"Neutralize","floor":10.0,"key":"SMITH"},{"data":"Catalyst","floor":15.0,"key":"SMITH"},{"data":"Wraith Form v2","floor":23.0,"key":"SMITH"},{"data":"Catalyst","floor":29,"key":"SMITH"},{"data":"Caltrops","floor":32,"key":"SMITH"},{"data":"Ghostly","floor":40,"key":"SMITH"},{"data":"Ghostly","floor":46,"key":"SMITH"},{"data":"Ghostly","floor":49,"key":"SMITH"}],"neow_cost":"NONE","seed_source_timestamp":8815123348600,"circlet_count":0,"master_deck":["AscendersBane","Defend_G","Defend_G","Defend_G","Defend_G","Survivor","Neutralize+1","Deadly Poison","Noxious Fumes+1","Crippling Poison","Caltrops+1","Catalyst+1","Wraith Form v2+1","Caltrops","Catalyst+1","Ghostly+1","Ghostly+1","Ghostly+1","Deflect+1","Blade Dance+1","Bouncing Flask+1","Corpse Explosion+1","Acrobatics+1","Catalyst+1","PiercingWail+1","Night Terror+1","Underhanded Strike+1","Calculated Gamble+1","Crippling Poison+1","Setup+1","Deflect+1","Prepared+1","Backflip+1","PiercingWail+1","Calculated Gamble+1","Panacea+1","Leg Sweep+1"],"special_seed":0,"relics":["Philosopher\u0027s Stone","Meat on the Bone","Smiling Mask","Potion Belt","Runic Pyramid","Du-Vu Doll","Toxic Egg 2","Torii","Incense Burner","Paper Crane","Astrolabe","Nunchaku","Shuriken","Pantograph"],"potions_floor_usage":[31,37,51,51,51],"damage_taken":[{"damage":8.0,"enemies":"Jaw Worm","floor":1.0,"turns":6.0},{"damage":6.0,"enemies":"Small Slimes","floor":4.0,"turns":3.0},{"damage":0.0,"enemies":"2 Louse","floor":5.0,"turns":3.0},{"damage":22.0,"enemies":"3 Sentries","floor":7.0,"turns":8.0},{"damage":13.0,"enemies":"Lagavulin","floor":13.0,"turns":6.0},{"damage":12.0,"enemies":"Exordium Wildlife","floor":14.0,"turns":5.0},{"damage":19.0,"enemies":"The Guardian","floor":16.0,"turns":7.0},{"damage":24.0,"enemies":"3 Byrds","floor":18.0,"turns":3.0},{"damage":14.0,"enemies":"Shell Parasite","floor":19.0,"turns":3.0},{"damage":14.0,"enemies":"Colosseum Slavers","floor":22.0,"turns":5.0},{"damage":13.0,"enemies":"Colosseum Nobs","floor":22.0,"turns":6.0},{"damage":3.0,"enemies":"Centurion and Healer","floor":24.0,"turns":7.0},{"damage":3.0,"enemies":"Book of Stabbing","floor":27.0,"turns":5.0},{"damage":0.0,"enemies":"3 Cultists","floor":28.0,"turns":5.0},{"damage":2,"enemies":"Gremlin Leader","floor":30,"turns":5},{"damage":0,"enemies":"Snake Plant","floor":31,"turns":3},{"damage":7,"enemies":"Collector","floor":33,"turns":6},{"damage":2,"enemies":"Orb Walker","floor":35,"turns":4},{"damage":2,"enemies":"3 Shapes","floor":36,"turns":5},{"damage":21,"enemies":"2 Orb Walkers","floor":37,"turns":4},{"damage":0,"enemies":"Maw","floor":39,"turns":10},{"damage":14,"enemies":"Sphere and 2 Shapes","floor":41,"turns":5},{"damage":0,"enemies":"Writhing Mass","floor":44,"turns":4},{"damage":1,"enemies":"Giant Head","floor":48,"turns":6},{"damage":15,"enemies":"Donu and Deca","floor":50,"turns":7},{"damage":1,"enemies":"Time Eater","floor":51,"turns":8}],"seed_played":"-150190181763851183","potions_obtained":[{"floor":5.0,"key":"Ancient Potion"},{"floor":13.0,"key":"SkillPotion"},{"floor":14.0,"key":"Ancient Potion"},{"floor":16.0,"key":"PowerPotion"},{"floor":22.0,"key":"Swift Potion"},{"floor":27.0,"key":"SmokeBomb"},{"floor":28,"key":"SkillPotion"},{"floor":37,"key":"Explosive Potion"},{"floor":41,"key":"Weak Potion"}],"is_trial":false,"path_per_floor":["M","?","$","M","M","R","E","R","T","R","$","?","E","M","R","B",null,"M","M","?","?","?","R","M","$","T","E","M","R","E","M","R","B",null,"M","M","?","$","M","R","M","$","T","M","?","R","?","E","R","B","B",null],"character_chosen":"THE_SILENT","items_purchased":["Deadly Poison","Bane","Bouncing Flask+1","Backflip+1","GhostInAJar"],"campfire_rested":1,"item_purchase_floors":[3,3,25,38,42],"current_hp_per_floor":[51,44,44,38,38,57,35,35,35,35,35,57,44,44,44,37,59,35,33,46,33,18,18,27,27,27,24,24,24,22,22,22,27,32,30,28,19,19,19,19,17,17,17,17,17,17,17,28,28,18,32],"gold":319,"neow_bonus":"BOSS_RELIC","is_prod":false,"is_daily":false,"chose_seed":false,"campfire_upgraded":9,"win_rate":0,"timestamp":1559679565,"path_taken":["M","?","$","M","M","R","E","R","T","R","$","?","E","M","R","BOSS","M","M","?","?","?","R","M","$","T","E","M","R","E","M","R","BOSS","M","M","?","$","M","R","M","$","T","M","?","R","?","E","R","BOSS","BOSS"],"build_version":"2019-01-23","purchased_purges":4,"victory":true,"max_hp_per_floor":[66,66,66,66,66,66,66,66,66,66,66,66,66,66,66,66,66,66,66,66,33,33,33,33,33,33,33,33,33,33,33,33,33,33,33,33,33,33,33,33,33,33,33,33,33,33,33,33,33,33,33],"card_choices":[{"not_picked":["Outmaneuver","Expertise"],"picked":"Underhanded Strike","floor":1.0},{"not_picked":["Deadly Poison","Tactician"],"picked":"Noxious Fumes","floor":4.0},{"not_picked":["Poisoned Stab","Calculated Gamble"],"picked":"Crippling Poison","floor":5.0},{"not_picked":["Reflex","Prepared"],"picked":"Caltrops","floor":7.0},{"not_picked":["Distraction","Well Laid Plans"],"picked":"Catalyst","floor":13.0},{"not_picked":["Sucker Punch","Heel Hook"],"picked":"Infinite Blades","floor":14.0},{"not_picked":["Glass Knife","Storm of Steel"],"picked":"Wraith Form v2","floor":16.0},{"not_picked":["Dagger Throw","PiercingWail"],"picked":"Caltrops","floor":18.0},{"not_picked":["Cloak And Dagger","Backflip"],"picked":"Catalyst","floor":19.0},{"not_picked":["Endless Agony","PiercingWail"],"picked":"Deflect","floor":22.0},{"not_picked":["Dagger Throw","Flying Knee"],"picked":"Blade Dance+1","floor":24.0},{"not_picked":["Prepared+1","Masterful Stab"],"picked":"Corpse Explosion+1","floor":27.0},{"not_picked":["PiercingWail+1","Bane"],"picked":"Acrobatics+1","floor":28},{"not_picked":["Prepared+1","Infinite Blades"],"picked":"Catalyst+1","floor":30},{"not_picked":["Well Laid Plans","Quick Slash"],"picked":"PiercingWail+1","floor":31},{"not_picked":["Burst+1","Bullet Time+1"],"picked":"Night Terror+1","floor":33},{"not_picked":["Dagger Spray","Flying Knee"],"picked":"Setup+1","floor":35},{"not_picked":["Cloak And Dagger+1","Underhanded Strike+1"],"picked":"Deflect+1","floor":36},{"not_picked":["Sucker Punch+1","Tactician+1"],"picked":"Prepared+1","floor":37},{"not_picked":["Choke+1","Sucker Punch"],"picked":"PiercingWail+1","floor":39},{"not_picked":["Concentrate+1","Infinite Blades"],"picked":"Calculated Gamble+1","floor":41},{"not_picked":["Accuracy+1","Masterful Stab","Backstab"],"picked":"SKIP","floor":44},{"not_picked":["Forethought+1","HandOfGreed"],"picked":"Panacea+1","floor":47},{"not_picked":["Outmaneuver+1","Slice"],"picked":"Leg Sweep+1","floor":48}],"player_experience":1429735,"relics_obtained":[{"floor":7.0,"key":"Meat on the Bone"},{"floor":9.0,"key":"Smiling Mask"},{"floor":13.0,"key":"Potion Belt"},{"floor":22.0,"key":"Du-Vu Doll"},{"floor":22.0,"key":"Toxic Egg 2"},{"floor":26.0,"key":"Torii"},{"floor":27.0,"key":"Incense Burner"},{"floor":30,"key":"Paper Crane"},{"floor":37,"key":"Nunchaku"},{"floor":43,"key":"Shuriken"},{"floor":48,"key":"Pantograph"}],"event_choices":[{"cards_removed":["Strike_G"],"damage_healed":0.0,"max_hp_gain":0.0,"max_hp_loss":0.0,"gold_gain":0.0,"event_name":"Golden Wing","player_choice":"Card Removal","floor":2.0,"gold_loss":0.0,"damage_taken":7.0},{"damage_healed":22.0,"max_hp_gain":0.0,"max_hp_loss":0.0,"gold_gain":0.0,"event_name":"Big Fish","player_choice":"Banana","floor":12.0,"gold_loss":0.0,"damage_taken":0.0},{"damage_healed":13.0,"max_hp_gain":0.0,"max_hp_loss":0.0,"gold_gain":0.0,"event_name":"The Library","player_choice":"Heal","floor":20.0,"gold_loss":0.0,"damage_taken":0.0},{"damage_healed":0.0,"max_hp_gain":0.0,"max_hp_loss":33.0,"gold_gain":0.0,"event_name":"Ghosts","player_choice":"Became a Ghost","floor":21.0,"gold_loss":0.0,"damage_taken":0.0,"cards_obtained":["Ghostly","Ghostly","Ghostly"]},{"damage_healed":0.0,"max_hp_gain":0.0,"max_hp_loss":0.0,"gold_gain":0.0,"event_name":"Colosseum","player_choice":"Fight","floor":22.0,"gold_loss":0.0,"damage_taken":0.0},{"damage_healed":0.0,"max_hp_gain":0.0,"max_hp_loss":0.0,"gold_gain":0.0,"event_name":"Colosseum","player_choice":"Fought Nobs","floor":22.0,"gold_loss":0.0,"damage_taken":0.0},{"damage_healed":0,"gold_gain":0,"player_choice":"Fight","damage_taken":0,"max_hp_gain":0,"max_hp_loss":0,"event_name":"Mysterious Sphere","floor":37,"gold_loss":0},{"cards_removed":["Bane"],"damage_healed":0,"gold_gain":0,"player_choice":"Removed Attack","damage_taken":0,"max_hp_gain":0,"max_hp_loss":0,"event_name":"Falling","floor":45,"gold_loss":0},{"damage_healed":0,"gold_gain":0,"player_choice":"Memory 1","damage_taken":0,"max_hp_gain":0,"max_hp_loss":0,"event_name":"SensoryStone","floor":47,"gold_loss":0}],"is_beta":false,"boss_relics":[{"not_picked":["Sozu","Ectoplasm"],"picked":"Runic Pyramid"},{"not_picked":["Pandora\u0027s Box","Eternal Feather"],"picked":"Astrolabe"}],"items_purged_floors":[11,25,38,42],"is_endless":false,"potions_floor_spawned":[5,13,14,16,22,22,27,28,37,41],"ascension_level":20}