{"gold_per_floor":[211,12,187,187,199,224,224,243,293,320,320,339,351,379,379,379],"floor_reached":16,"playtime":638,"items_purged":[],"score":126,"play_id":"c2b4ddc8-0838-4f54-bee3-bd9a3455c58e","local_time":"20190627213741","is_ascension_mode":true,"campfire_choices":[{"floor":7,"key":"REST"},{"floor":11,"key":"REST"},{"data":"Doubt","floor":15,"key":"PURGE"}],"neow_cost":"NONE","seed_source_timestamp":3821085196224,"circlet_count":0,"master_deck":["Strike_R","Strike_R","Strike_R","Strike_R","Strike_R","Defend_R","Defend_R","Defend_R","Defend_R","Bash+1","Shrug It Off+1","Perfected Strike","Battle Trance","Shrug It Off","Clothesline","Combust","Inflame"],"relics":["Burning Blood","Blood Vial","Regal Pillow","Potion Belt","Singing Bowl","Peace Pipe"],"potions_floor_usage":[10,14,16,16],"damage_taken":[{"damage":1,"enemies":"Cultist","floor":1,"turns":3},{"damage":2,"enemies":"Small Slimes","floor":5,"turns":5},{"damage":26,"enemies":"3 Sentries","floor":6,"turns":14},{"damage":3,"enemies":"Jaw Worm","floor":8,"turns":4},{"damage":37,"enemies":"Gremlin Nob","floor":10,"turns":6},{"damage":39,"enemies":"Large Slime","floor":12,"turns":8},{"damage":7,"enemies":"Red Slaver","floor":13,"turns":6},{"damage":22,"enemies":"Lagavulin","floor":14,"turns":5},{"damage":43,"enemies":"The Guardian","floor":16,"turns":14}],"seed_played":"5577199605087689896","potions_obtained":[{"floor":1,"key":"SpeedPotion"},{"floor":6,"key":"SteroidPotion"},{"floor":8,"key":"Dexterity Potion"},{"floor":10,"key":"AttackPotion"}],"is_trial":false,"path_per_floor":["M","$","?","?","M","E","R","M","T","E","R","M","M","E","R","B"],"character_chosen":"IRONCLAD","items_purchased":["Blood Vial","Perfected Strike"],"campfire_rested":2,"item_purchase_floors":[2,2],"current_hp_per_floor":[80,80,80,64,70,52,80,80,80,51,82,51,52,38,38,0],"gold":379,"neow_bonus":"HUNDRED_GOLD","is_prod":false,"is_daily":false,"chose_seed":false,"campfire_upgraded":0,"win_rate":0,"timestamp":1561696661,"path_taken":["M","$","?","?","M","E","R","M","T","E","R","M","M","E","R","BOSS"],"build_version":"2019-01-23","purchased_purges":0,"victory":false,"max_hp_per_floor":[80,80,80,80,80,80,80,80,80,82,82,84,84,84,84,84],"card_choices":[{"not_picked":["Seeing Red","Warcry"],"picked":"Shrug It Off","floor":1},{"not_picked":["Wild Strike","Warcry"],"picked":"Battle Trance","floor":5},{"not_picked":["Warcry","Twin Strike"],"picked":"Shrug It Off","floor":6},{"not_picked":["Warcry","Pommel Strike"],"picked":"Clothesline","floor":8},{"not_picked":["Wild Strike","Rupture","Bludgeon"],"picked":"Singing Bowl","floor":10},{"not_picked":["Headbutt","Clothesline","Wild Strike"],"picked":"Singing Bowl","floor":12},{"not_picked":["Havoc","Sword Boomerang"],"picked":"Combust","floor":13},{"not_picked":["Wild Strike","Entrench"],"picked":"Inflame","floor":14}],"player_experience":257761,"relics_obtained":[{"floor":6,"key":"Regal Pillow"},{"floor":9,"key":"Potion Belt"},{"floor":10,"key":"Singing Bowl"},{"floor":14,"key":"Peace Pipe"}],"event_choices":[{"damage_healed":0,"gold_gain":175,"player_choice":"AGREE","damage_taken":0,"max_hp_gain":0,"max_hp_loss":0,"event_name":"Liars Game","floor":3,"gold_loss":0,"cards_obtained":["Doubt"]},{"damage_healed":0,"gold_gain":0,"player_choice":"Entered Light","damage_taken":16,"max_hp_gain":0,"max_hp_loss":0,"event_name":"Shining Light","floor":4,"gold_loss":0,"cards_upgraded":["Shrug It Off","Bash"]}],"is_beta":false,"boss_relics":[],"items_purged_floors":[],"is_endless":false,"potions_floor_spawned":[1,6,8,10],"killed_by":"The Guardian","ascension_level":1}