{"path_per_floor":["M","?","?","?","?","R","M","M","T","T","R","$","M","M","R","B",null,"M","?","?","M","M","R","?","?","T","E","M","R","M","M","R"],"character_chosen":"THE_SILENT","items_purchased":["Quick Slash","Acrobatics"],"gold_per_floor":[115,115,115,85,85,85,101,120,143,169,169,25,41,51,51,146,146,146,146,146,71,71,71,71,71,71,71,71,71,71,71,71],"floor_reached":33,"campfire_rested":5,"playtime":1608,"current_hp_per_floor":[70,56,56,56,49,70,65,61,61,68,68,68,60,55,77,61,77,68,54,54,48,46,70,70,70,70,62,29,53,19,19,43],"items_purged":["Strike_G"],"gold":71,"score":257,"play_id":"d94da035-516a-4c3e-a1ac-212c9df4fe14","is_prod":false,"is_daily":false,"is_ascension_mode":false,"campfire_upgraded":1,"path_taken":["M","?","?","?","?","R","M","M","T","?","R","$","?","M","R","BOSS","M","?","?","M","M","R","?","?","T","E","?","R","M","M","R","BOSS"],"build_version":"2018-02-12-PROD1","purchased_purges":1,"victory":false,"master_deck":["Defend_G+1","Defend_G+1","Defend_G+1","Defend_G+1","Strike_G+1","Strike_G+1","Strike_G+1","Survivor","Neutralize","After Image+1","Crippling Poison","Poisoned Stab","Dagger Throw","Quick Slash","Acrobatics","Expertise","Footwork","Burst","Outmaneuver","Prepared","Flechettes+1","Catalyst","Distraction+1","Deflect+1","Calculated Gamble"],"max_hp_per_floor":[70,70,70,70,70,70,70,70,70,77,77,77,77,77,77,77,77,77,82,82,82,82,82,82,82,82,82,82,82,82,82,82],"relics":["Ring of the Snake","Oddly Smooth Stone","Strawberry","Ectoplasm","Lantern","Pen Nib","Ginger"],"card_choices":[{"not_picked":["Flechettes","Poisoned Stab"],"picked":"Crippling Poison"},{"not_picked":["Dagger Spray","Underhanded Strike"],"picked":"Poisoned Stab"},{"not_picked":["Underhanded Strike","Crippling Poison"],"picked":"Dagger Throw"},{"not_picked":["Deadly Poison","Deflect"],"picked":"Expertise"},{"not_picked":["Cloak And Dagger","Noxious Fumes"],"picked":"Footwork"},{"not_picked":["Corpse Explosion","Wraith Form"],"picked":"Burst"},{"not_picked":["Poisoned Stab","Acrobatics"],"picked":"Outmaneuver"},{"not_picked":["Crippling Poison","Masterful Stab"],"picked":"Prepared"},{"not_picked":["Deflect","Dagger Spray"],"picked":"Flechettes"},{"not_picked":["Heel Hook","Noxious Fumes"],"picked":"Catalyst"},{"not_picked":["After Image","Cloak And Dagger"],"picked":"Distraction"},{"not_picked":["Deadly Poison","All Out Attack"],"picked":"Deflect"},{"not_picked":["Distraction","Deadly Poison"],"picked":"Calculated Gamble"}],"player_experience":84214,"potions_floor_usage":[16,16,30,33,33],"damage_taken":[{"damage":0,"enemies":"Cultist","floor":1,"turns":5},{"damage":5,"enemies":"Small Slimes","floor":7,"turns":4},{"damage":4,"enemies":"Blue Slaver","floor":8,"turns":4},{"damage":8,"enemies":"3 Louse","floor":13,"turns":3},{"damage":5,"enemies":"Lots of Slimes","floor":14,"turns":7},{"damage":16,"enemies":"The Guardian","floor":16,"turns":11},{"damage":9,"enemies":"Shell Parasite","floor":18,"turns":9},{"damage":6,"enemies":"2 Thieves","floor":21,"turns":4},{"damage":2,"enemies":"Snecko","floor":22,"turns":7},{"damage":8,"enemies":"Book of Stabbing","floor":27,"turns":8},{"damage":33,"enemies":"Slaver and Parasite","floor":28,"turns":10},{"damage":34,"enemies":"Cultist and Chosen","floor":30,"turns":9},{"damage":0,"enemies":"Snake Plant","floor":31,"turns":5},{"damage":68,"enemies":"Automaton","floor":33,"turns":12}],"event_choices":[{"event_name":"Shining Light","player_choice":"Entered Light","floor":2,"damage_taken":0},{"event_name":"Purifier","player_choice":"One Purge","floor":3,"damage_taken":0},{"event_name":"The Woman in Blue","player_choice":"Bought 2 Potions","floor":4,"damage_taken":0},{"event_name":"Golden Wing","player_choice":"Card Removal","floor":5,"damage_taken":0},{"event_name":"Forgotten Altar","player_choice":"Shed Blood","floor":19,"damage_taken":0},{"event_name":"Back to Basics","player_choice":"Simplicity","floor":20,"damage_taken":0},{"event_name":"Drug Dealer","player_choice":"Ignored","floor":24,"damage_taken":0},{"event_name":"The Mausoleum","player_choice":"Yes","floor":25,"damage_taken":0}],"boss_relics":[{"not_picked":["Astrolabe","Eternal Feather"],"picked":"Ectoplasm"}],"potions_floor_spawned":[1,8,16,21,22,28],"seed_played":"7977857337880468388","killed_by":"Automaton","ascension_level":0,"is_trial":false}