{"gold_per_floor":[110,260,275,288,34,63,63,28,51,76,351,369,79,108,108,108],"floor_reached":16,"playtime":435,"items_purged":["Regret"],"score":236,"play_id":"ec28dc27-827c-4a54-af2f-693d9dcf7907","local_time":"20190710112833","is_ascension_mode":true,"campfire_choices":[{"data":"Glacier","floor":7.0,"key":"SMITH"},{"data":"Mayhem","floor":15.0,"key":"SMITH"}],"neow_cost":"NONE","seed_source_timestamp":12658230112600,"circlet_count":0,"master_deck":["AscendersBane","Strike_B","Strike_B","Strike_B","Strike_B","Defend_B","Defend_B","Defend_B","Defend_B","Zap","Dualcast","Sweeping Beam","Doubt","Gash","Tempest","Glacier+1","Reboot","Mayhem+1"],"special_seed":0,"relics":["Cracked Core","NeowsBlessing","Chemical X","Art of War","Thread and Needle","Mango"],"potions_floor_usage":[16],"damage_taken":[{"damage":0.0,"enemies":"Small Slimes","floor":1.0,"turns":1.0},{"damage":0.0,"enemies":"Jaw Worm","floor":3.0,"turns":1.0},{"damage":0.0,"enemies":"Cultist","floor":4.0,"turns":1.0},{"damage":25.0,"enemies":"Lagavulin","floor":6.0,"turns":6.0},{"damage":8.0,"enemies":"Gremlin Nob","floor":10.0,"turns":3.0},{"damage":1.0,"enemies":"3 Louse","floor":12.0,"turns":4.0},{"damage":11.0,"enemies":"3 Sentries","floor":14.0,"turns":5.0},{"damage":71,"enemies":"Hexaghost","floor":16,"turns":11}],"seed_played":"-7394887982723524893","potions_obtained":[{"floor":3.0,"key":"Regen Potion"},{"floor":4.0,"key":"AttackPotion"},{"floor":6.0,"key":"AttackPotion"},{"floor":12.0,"key":"Fire Potion"}],"is_trial":false,"path_per_floor":["M","?","M","M","$","E","R","?","T","E","?","M","$","E","R","B"],"character_chosen":"DEFECT","items_purchased":["Chemical X","Tempest","Mayhem"],"campfire_rested":0,"item_purchase_floors":[5,5,13],"current_hp_per_floor":[64,64,64,64,64,39,39,56,56,48,48,47,47,50,50,0],"gold":108,"neow_bonus":"THREE_ENEMY_KILL","is_prod":false,"is_daily":false,"chose_seed":false,"campfire_upgraded":2,"win_rate":0,"timestamp":1562783313,"path_taken":["M","?","M","M","$","E","R","?","T","E","?","M","$","E","R","BOSS"],"build_version":"2019-07-05","purchased_purges":1,"victory":false,"max_hp_per_floor":[71,71,71,71,71,71,71,71,71,71,71,71,71,85,85,85],"card_choices":[{"not_picked":["Ball Lightning","Reinforced Body"],"picked":"Sweeping Beam","floor":1.0},{"not_picked":["FTL","Consume"],"picked":"Gash","floor":3.0},{"not_picked":["Stack","Steam Power","Redo"],"picked":"SKIP","floor":4.0},{"not_picked":["Sweeping Beam","Streamline"],"picked":"Glacier","floor":6.0},{"not_picked":["White Noise","Steam Power"],"picked":"Reboot","floor":10.0},{"not_picked":["Streamline","Go for the Eyes","Stack"],"picked":"SKIP","floor":12.0},{"not_picked":["Hologram","Stack","Turbo"],"picked":"SKIP","floor":14.0}],"player_experience":1257162,"relics_obtained":[{"floor":6.0,"key":"Art of War"},{"floor":10.0,"key":"Thread and Needle"},{"floor":14.0,"key":"Mango"}],"event_choices":[{"damage_healed":0.0,"max_hp_gain":0.0,"max_hp_loss":0.0,"gold_gain":150.0,"event_name":"Liars Game","player_choice":"AGREE","floor":2.0,"gold_loss":0.0,"damage_taken":0.0,"cards_obtained":["Doubt"]},{"damage_healed":17.0,"max_hp_gain":0.0,"max_hp_loss":0.0,"gold_gain":0.0,"event_name":"The Cleric","player_choice":"Healed","floor":8.0,"gold_loss":35.0,"damage_taken":0.0},{"damage_healed":0.0,"max_hp_gain":0.0,"max_hp_loss":0.0,"gold_gain":275.0,"event_name":"Golden Shrine","player_choice":"Desecrate","floor":11.0,"gold_loss":0.0,"damage_taken":0.0,"cards_obtained":["Regret"]}],"is_beta":false,"boss_relics":[],"items_purged_floors":[13],"is_endless":false,"potions_floor_spawned":[3,4,6,12],"killed_by":"Hexaghost","ascension_level":20}