{"gold_per_floor":[119,169,181,53,18,18,45,45,72,101,111,111,121,141,141,213,213,230,72,72,86,97,97],"floor_reached":23,"playtime":937,"items_purged":["Strike_G"],"score":398,"play_id":"e951c02f-bf61-4453-9b51-3c5d093f5467","local_time":"20190522114039","is_ascension_mode":true,"campfire_choices":[{"data":"Noxious Fumes","floor":6.0,"key":"SMITH"},{"data":"Neutralize","floor":8.0,"key":"SMITH"},{"floor":12.0,"key":"REST"},{"floor":15,"key":"REST"}],"neow_cost":"NONE","seed_source_timestamp":0,"circlet_count":0,"master_deck":["AscendersBane","Defend_G","Defend_G","Defend_G","Defend_G","Defend_G","Strike_G","Strike_G","Strike_G","Survivor","Neutralize+1","Flechettes","Deadly Poison","Noxious Fumes+1","All Out Attack","Flying Knee","Venomology","Quick Slash","Well Laid Plans","Dash","A Thousand Cuts","Deadly Poison","Noxious Fumes"],"special_seed":0,"relics":["Ring of the Snake","Snake Skull","Omamori","Vajra","Regal Pillow","Odd Mushroom","Cursed Key"],"potions_floor_usage":[16,21,22,22,23,23],"damage_taken":[{"damage":0.0,"enemies":"2 Louse","floor":1.0,"turns":3.0},{"damage":4.0,"enemies":"Cultist","floor":3.0,"turns":5.0},{"damage":28.0,"enemies":"Lagavulin","floor":7.0,"turns":6.0},{"damage":22.0,"enemies":"Gremlin Nob","floor":10.0,"turns":4.0},{"damage":9.0,"enemies":"Jaw Worm","floor":11.0,"turns":4.0},{"damage":3.0,"enemies":"2 Fungi Beasts","floor":13.0,"turns":4.0},{"damage":9,"enemies":"The Mushroom Lair","floor":14,"turns":4},{"damage":25,"enemies":"Slime Boss","floor":16,"turns":6},{"damage":17,"enemies":"Spheric Guardian","floor":18,"turns":4},{"damage":19,"enemies":"2 Thieves","floor":21,"turns":4},{"damage":10,"enemies":"Snecko","floor":22,"turns":5},{"damage":16,"enemies":"Slavers","floor":23,"turns":1}],"seed_played":"8390616119438965691","potions_obtained":[{"floor":3.0,"key":"Weak Potion"},{"floor":11.0,"key":"Strength Potion"},{"floor":16,"key":"Strength Potion"},{"floor":22,"key":"SkillPotion"}],"is_trial":false,"path_per_floor":["M","?","M","$","?","R","E","R","T","E","M","R","M","?","R","B",null,"M","$","?","M","M","E"],"character_chosen":"THE_SILENT","items_purchased":["Noxious Fumes","All Out Attack","Noxious Fumes"],"campfire_rested":2,"item_purchase_floors":[4,4,19],"current_hp_per_floor":[59,59,55,55,66,66,38,38,38,16,7,41,38,29,63,38,59,42,42,42,23,13,0],"gold":97,"neow_bonus":"RANDOM_COMMON_RELIC","is_prod":false,"is_daily":false,"chose_seed":false,"campfire_upgraded":2,"win_rate":0,"timestamp":1558521639,"path_taken":["M","?","M","?","?","R","E","R","T","E","M","R","?","?","R","BOSS","M","$","?","M","?","E"],"build_version":"2019-01-23","purchased_purges":1,"victory":false,"max_hp_per_floor":[66,66,66,66,66,66,66,66,66,66,66,66,66,66,66,66,66,66,66,66,66,66,66],"card_choices":[{"not_picked":["Underhanded Strike","Sucker Punch"],"picked":"Flechettes","floor":1.0},{"not_picked":["Slice","Outmaneuver"],"picked":"Deadly Poison","floor":3.0},{"not_picked":["Prepared","Infinite Blades"],"picked":"Flying Knee","floor":7.0},{"not_picked":["Blade Dance","Outmaneuver"],"picked":"Venomology","floor":10.0},{"not_picked":["Masterful Stab","Outmaneuver"],"picked":"Quick Slash","floor":11.0},{"not_picked":["Concentrate","Underhanded Strike"],"picked":"Well Laid Plans","floor":13.0},{"not_picked":["PiercingWail","Cloak And Dagger"],"picked":"Dash","floor":14},{"not_picked":["Night Terror","Wraith Form v2"],"picked":"A Thousand Cuts","floor":16},{"not_picked":["Concentrate","Prepared"],"picked":"Deadly Poison","floor":18},{"not_picked":["Heel Hook","Flying Knee","Distraction"],"picked":"SKIP","floor":21},{"not_picked":["Outmaneuver","Expertise","Poisoned Stab"],"picked":"SKIP","floor":22}],"player_experience":1377728,"relics_obtained":[{"floor":7.0,"key":"Omamori"},{"floor":9.0,"key":"Vajra"},{"floor":10.0,"key":"Regal Pillow"},{"floor":14,"key":"Odd Mushroom"}],"event_choices":[{"damage_healed":0.0,"max_hp_gain":0.0,"max_hp_loss":0.0,"gold_gain":50.0,"event_name":"Golden Shrine","player_choice":"Pray","floor":2.0,"gold_loss":0.0,"damage_taken":0.0},{"damage_healed":16.0,"max_hp_gain":0.0,"max_hp_loss":0.0,"gold_gain":0.0,"event_name":"The Cleric","player_choice":"Healed","floor":5.0,"gold_loss":35.0,"damage_taken":0.0},{"damage_healed":0,"gold_gain":0,"player_choice":"Fought Mushrooms","damage_taken":0,"max_hp_gain":0,"max_hp_loss":0,"event_name":"Mushrooms","floor":14,"gold_loss":0},{"cards_removed":["Strike_G"],"damage_healed":0,"gold_gain":0,"player_choice":"Card Removal","damage_taken":0,"max_hp_gain":0,"max_hp_loss":0,"event_name":"Wheel of Change","floor":20,"gold_loss":0}],"is_beta":false,"boss_relics":[{"not_picked":["WristBlade","Calling Bell"],"picked":"Cursed Key"}],"items_purged_floors":[19],"is_endless":false,"potions_floor_spawned":[3,11,14,16,18,21,22],"killed_by":"Slavers","ascension_level":20}