{"gold_per_floor":[115,115,115,61,78,90,100,100,100,100,100,100,100,128,128,201,201,220,46,64,64],"floor_reached":21,"playtime":714,"items_purged":[],"score":327,"play_id":"fde70b72-1d8b-4f58-8719-21228be26aab","local_time":"20180826215147","is_ascension_mode":true,"campfire_choices":[{"data":"Zap","floor":8.0,"key":"SMITH"},{"data":"Go for the Eyes","floor":11.0,"key":"SMITH"},{"data":"Zap","floor":13.0,"key":"SMITH"},{"data":"Hologram","floor":15,"key":"SMITH"}],"neow_cost":"NONE","seed_source_timestamp":4323643956578854,"circlet_count":0,"master_deck":["Strike_B","Strike_B","Strike_B","Defend_B","Defend_B","Defend_B","Defend_B","Zap+1","Dualcast","AscendersBane","Genetic Algorithm","Ball Lightning","Hologram+1","Go for the Eyes+1","Zap+1","BootSequence","Biased Cognition","Cold Snap","Conserve Battery"],"special_seed":0,"relics":["Cracked Core","Omamori","NlothsMask","Shuriken","Eternal Feather","Strawberry"],"potions_floor_usage":[14,14,21],"damage_taken":[{"damage":7.0,"enemies":"Small Slimes","floor":1.0,"turns":3.0},{"damage":0.0,"enemies":"Cultist","floor":5.0,"turns":3.0},{"damage":3.0,"enemies":"2 Louse","floor":6.0,"turns":3.0},{"damage":3.0,"enemies":"Blue Slaver","floor":7.0,"turns":3.0},{"damage":20,"enemies":"3 Sentries","floor":14,"turns":5},{"damage":7,"enemies":"The Guardian","floor":16,"turns":11},{"damage":41,"enemies":"2 Thieves","floor":18,"turns":4},{"damage":11,"enemies":"Shell Parasite","floor":20,"turns":9},{"damage":20,"enemies":"Sentry and Sphere","floor":21,"turns":5}],"seed_played":"148419339421283378","potions_obtained":[{"floor":5.0,"key":"Strength Potion"},{"floor":6.0,"key":"Fire Potion"},{"floor":20,"key":"Fire Potion"}],"is_trial":false,"path_per_floor":["M","?","?","$","M","M","M","R","T","?","R","?","R","E","R","B",null,"M","$","M"],"character_chosen":"DEFECT","items_purchased":["Ball Lightning","Strawberry"],"campfire_rested":0,"item_purchase_floors":[4,19],"current_hp_per_floor":[57,57,57,57,57,54,51,51,51,68,68,68,68,48,48,41,64,23,30,19,0],"gold":64,"neow_bonus":"RANDOM_COMMON_RELIC","is_prod":false,"is_daily":false,"chose_seed":false,"campfire_upgraded":4,"win_rate":0,"timestamp":1535334707,"path_taken":["M","?","?","?","M","M","M","R","T","?","R","?","R","E","R","BOSS","M","$","?","M"],"build_version":"2018-08-23v2","purchased_purges":0,"victory":false,"max_hp_per_floor":[71,71,71,71,71,71,71,71,71,71,71,71,71,71,71,71,71,71,78,78,78],"card_choices":[{"not_picked":["Coolheaded","Redo"],"picked":"Genetic Algorithm","floor":1.0},{"not_picked":["Rebound","Stack"],"picked":"Hologram","floor":5.0},{"not_picked":["Reprogram","Undo","Heatsinks"],"picked":"SKIP","floor":6.0},{"not_picked":["Loop","Hyperbeam"],"picked":"Go for the Eyes","floor":7.0},{"not_picked":["Compile Driver","Rip and Tear"],"picked":"BootSequence","floor":14},{"not_picked":["All For One","Multi-Cast"],"picked":"Biased Cognition","floor":16},{"not_picked":["White Noise","Steam Power"],"picked":"Cold Snap","floor":18},{"not_picked":["FTL+1","Reprogram"],"picked":"Conserve Battery","floor":20}],"player_experience":281300,"relics_obtained":[{"floor":14,"key":"Shuriken"}],"event_choices":[{"event_name":"Purifier","player_choice":"One Purge","floor":2.0,"damage_taken":0.0},{"event_name":"FaceTrader","player_choice":"Trade","floor":3.0,"damage_taken":0.0},{"event_name":"Mushrooms","player_choice":"Healed and dodged fight","floor":10.0,"damage_taken":0.0},{"event_name":"Match and Keep!","player_choice":"1 cards matched","floor":12.0,"damage_taken":0.0}],"is_beta":false,"boss_relics":[{"not_picked":["Velvet Choker","Calling Bell"],"picked":"Eternal Feather"}],"items_purged_floors":[],"is_endless":false,"potions_floor_spawned":[5,6,20],"killed_by":"Sentry and Sphere","ascension_level":17}