{"gold_per_floor":[117,42,52,52,52,52,52,87,87,87,97,115,115,115,115,193,193,206,28,28,46,46,46,78,91,117,117,129,129,163,63,63,63],"floor_reached":33,"playtime":714,"items_purged":["Strike_R","Strike_R"],"score":612,"play_id":"b6aab7a3-7c16-40d2-858d-102515741b20","local_time":"20190511192113","is_ascension_mode":true,"campfire_choices":[{"data":"Bash","floor":6.0,"key":"SMITH"},{"data":"Flex","floor":10.0,"key":"SMITH"},{"data":"Dramatic Entrance","floor":13.0,"key":"SMITH"},{"floor":15.0,"key":"REST"},{"data":"Dark Shackles","floor":23.0,"key":"SMITH"},{"floor":27.0,"key":"REST"},{"data":"Shrug It Off","floor":29.0,"key":"SMITH"},{"data":"Inflame","floor":32.0,"key":"SMITH"}],"neow_cost":"NONE","seed_source_timestamp":0,"circlet_count":0,"master_deck":["AscendersBane","Strike_R","Defend_R","Defend_R","Defend_R+1","Defend_R+1","Bash+1","Dramatic Entrance+1","Flex+1","Inflame+1","Carnage+1","Twin Strike+1","Feed+1","Headbutt+1","Dark Shackles+1","Iron Wave+1","Pummel+1","Shrug It Off","Shrug It Off+1"],"special_seed":0,"relics":["Burning Blood","Anchor","Molten Egg 2","Bottled Lightning","Potion Belt","Runic Pyramid","Meat on the Bone","Regal Pillow","Gambling Chip"],"potions_floor_usage":[],"damage_taken":[{"damage":5.0,"enemies":"Small Slimes","floor":1.0,"turns":3.0},{"damage":6.0,"enemies":"2 Louse","floor":3.0,"turns":2.0},{"damage":33.0,"enemies":"Lagavulin","floor":8.0,"turns":6.0},{"damage":0.0,"enemies":"Jaw Worm","floor":11.0,"turns":3.0},{"damage":0.0,"enemies":"Red Slaver","floor":12.0,"turns":2.0},{"damage":23.0,"enemies":"The Guardian","floor":16.0,"turns":9.0},{"damage":16.0,"enemies":"Shell Parasite","floor":18.0,"turns":3.0},{"damage":0.0,"enemies":"3 Byrds","floor":21.0,"turns":4.0},{"damage":24.0,"enemies":"Slavers","floor":24.0,"turns":5.0},{"damage":12.0,"enemies":"3 Cultists","floor":25.0,"turns":4.0},{"damage":25.0,"enemies":"Sentry and Sphere","floor":28.0,"turns":4.0},{"damage":0.0,"enemies":"Gremlin Leader","floor":30.0,"turns":6.0},{"damage":0,"enemies":"Automaton","floor":33,"turns":2}],"seed_played":"7494020996584912691","potions_obtained":[{"floor":8.0,"key":"PowerPotion"},{"floor":11.0,"key":"Ancient Potion"},{"floor":16.0,"key":"Dexterity Potion"},{"floor":18.0,"key":"Fire Potion"},{"floor":24.0,"key":"Strength Potion"},{"floor":28.0,"key":"SpeedPotion"}],"is_trial":false,"path_per_floor":["M","?","M","?","?","R","T","E","T","R","M","M","R","?","R","B",null,"M","$","?","M","?","R","E","M","T","R","M","R","E","$","R","B"],"character_chosen":"IRONCLAD","items_purchased":["Dark Shackles"],"campfire_rested":2,"item_purchase_floors":[19],"current_hp_per_floor":[69,69,69,46,46,46,46,19,19,19,25,31,31,20,42,25,63,53,53,32,42,42,42,28,34,34,75,60,60,66,66,66,66],"gold":63,"neow_bonus":"RANDOM_COLORLESS","is_prod":false,"is_daily":false,"chose_seed":false,"campfire_upgraded":6,"win_rate":0,"timestamp":1557598873,"path_taken":["M","?","M","?","?","R","?","E","T","R","M","M","R","?","R","BOSS","M","$","?","M","?","R","E","M","T","R","?","R","E","$","R","BOSS"],"build_version":"2019-01-23","purchased_purges":2,"victory":false,"max_hp_per_floor":[75,75,75,75,75,75,75,75,75,75,75,75,75,75,75,75,75,75,75,80,84,84,84,88,88,88,88,92,92,92,92,92,92],"card_choices":[{"not_picked":["True Grit","Warcry"],"picked":"Flex","floor":1.0},{"not_picked":["Body Slam","Combust"],"picked":"Inflame","floor":3.0},{"not_picked":["Rupture","Clothesline"],"picked":"Carnage","floor":8.0},{"not_picked":["Hemokinesis+1","Wild Strike+1"],"picked":"Twin Strike+1","floor":11.0},{"not_picked":["Blood for Blood+1","Havoc","Rage"],"picked":"SKIP","floor":12.0},{"not_picked":["Fiend Fire+1","Juggernaut"],"picked":"Feed+1","floor":16.0},{"not_picked":["Havoc","Sword Boomerang+1"],"picked":"Headbutt+1","floor":18.0},{"not_picked":["Entrench+1","Shrug It Off"],"picked":"Iron Wave+1","floor":21.0},{"not_picked":["Pommel Strike+1","Headbutt+1"],"picked":"Pummel+1","floor":24.0},{"not_picked":["Heavy Blade+1","Anger+1"],"picked":"Shrug It Off","floor":25.0},{"not_picked":["Clash+1","Infernal Blade"],"picked":"Shrug It Off","floor":28.0},{"not_picked":["Entrench","Rampage+1","Sever Soul+1"],"picked":"SKIP","floor":30.0}],"player_experience":1351417,"relics_obtained":[{"floor":7.0,"key":"Anchor"},{"floor":8.0,"key":"Molten Egg 2"},{"floor":9.0,"key":"Bottled Lightning"},{"floor":24.0,"key":"Meat on the Bone"},{"floor":26.0,"key":"Regal Pillow"},{"floor":30.0,"key":"Gambling Chip"}],"event_choices":[{"cards_removed":["Strike_R"],"damage_healed":0.0,"max_hp_gain":0.0,"max_hp_loss":0.0,"gold_gain":0.0,"event_name":"The Cleric","player_choice":"Card Removal","floor":2.0,"gold_loss":75.0,"damage_taken":0.0},{"damage_healed":0.0,"max_hp_gain":0.0,"max_hp_loss":0.0,"gold_gain":0.0,"event_name":"Shining Light","player_choice":"Entered Light","floor":4.0,"gold_loss":0.0,"damage_taken":23.0,"cards_upgraded":["Defend_R","Defend_R"]},{"damage_healed":0.0,"max_hp_gain":0.0,"max_hp_loss":0.0,"gold_gain":0.0,"event_name":"Liars Game","player_choice":"Ignored","floor":5.0,"gold_loss":0.0,"damage_taken":0.0},{"damage_healed":0.0,"max_hp_gain":0.0,"max_hp_loss":0.0,"gold_gain":0.0,"event_name":"Scrap Ooze","player_choice":"Success","floor":14.0,"gold_loss":0.0,"damage_taken":11.0,"relics_obtained":["Potion Belt"]},{"damage_healed":0.0,"max_hp_gain":5.0,"max_hp_loss":0.0,"gold_gain":0.0,"event_name":"Forgotten Altar","player_choice":"Shed Blood","floor":20.0,"gold_loss":0.0,"damage_taken":26.0},{"cards_removed":["Strike_R"],"damage_healed":0.0,"max_hp_gain":0.0,"max_hp_loss":0.0,"gold_gain":0.0,"event_name":"Purifier","player_choice":"Purged","floor":22.0,"gold_loss":0.0,"damage_taken":0.0}],"is_beta":false,"boss_relics":[{"not_picked":["Sozu","Empty Cage"],"picked":"Runic Pyramid"}],"items_purged_floors":[19,31],"is_endless":false,"potions_floor_spawned":[8,11,16,18,24,28],"killed_by":"Automaton","ascension_level":20}