{"gold_per_floor":[114,34,34,34,34,34,34,34,59,59,85,95,128,138,138,213,213,233,158,73,88,88,88],"floor_reached":23,"playtime":382,"items_purged":["Strike_R"],"score":390,"play_id":"df407ef1-c19a-42f4-8e7c-046ebcea1981","local_time":"20190517185321","is_ascension_mode":true,"campfire_choices":[{"data":"Whirlwind","floor":6.0,"key":"SMITH"},{"data":"Bash","floor":8.0,"key":"SMITH"},{"data":"Whirlwind","floor":15.0,"key":"SMITH"}],"neow_cost":"NONE","seed_source_timestamp":91239528895900,"circlet_count":0,"master_deck":["AscendersBane","Strike_R","Strike_R","Strike_R","Defend_R","Defend_R","Defend_R","Defend_R","Bash+1","Twin Strike","Inflame","Whirlwind+1","Inflame","Whirlwind+1","True Grit","Inflame","Double Tap","Pommel Strike+1","True Grit"],"special_seed":0,"relics":["Burning Blood","Potion Belt","Bronze Scales","Paper Frog","Lantern","Runic Pyramid","Orichalcum","Bottled Flame"],"potions_floor_usage":[18],"damage_taken":[{"damage":2.0,"enemies":"Jaw Worm","floor":1.0,"turns":3.0},{"damage":5.0,"enemies":"3 Sentries","floor":11.0,"turns":2.0},{"damage":18.0,"enemies":"Small Slimes","floor":12.0,"turns":3.0},{"damage":8.0,"enemies":"Gremlin Nob","floor":13.0,"turns":3.0},{"damage":2.0,"enemies":"2 Louse","floor":14.0,"turns":3.0},{"damage":36,"enemies":"The Guardian","floor":16,"turns":9},{"damage":11,"enemies":"2 Thieves","floor":18,"turns":2},{"damage":0,"enemies":"3 Byrds","floor":21,"turns":2},{"damage":39,"enemies":"Book of Stabbing","floor":23,"turns":4}],"seed_played":"1269924885617386988","potions_obtained":[{"floor":1.0,"key":"Energy Potion"},{"floor":12.0,"key":"AttackPotion"}],"is_trial":false,"path_per_floor":["M","$","?","?","?","R","$","R","T","T","E","M","E","M","R","B",null,"M","$","?","M","T","E"],"character_chosen":"IRONCLAD","items_purchased":["Whirlwind"],"campfire_rested":0,"item_purchase_floors":[2],"current_hp_per_floor":[72,72,65,65,65,65,65,65,65,65,66,54,52,56,56,26,63,58,58,58,64,64,25],"gold":88,"neow_bonus":"THREE_CARDS","is_prod":false,"is_daily":false,"chose_seed":false,"campfire_upgraded":3,"win_rate":0,"timestamp":1558115601,"path_taken":["M","$","?","?","?","R","?","R","T","?","E","M","E","M","R","BOSS","M","$","?","M","?","E"],"build_version":"2019-01-23","purchased_purges":1,"victory":false,"max_hp_per_floor":[75,75,75,75,75,75,75,75,75,75,75,75,75,75,75,75,75,75,75,75,75,75,75],"card_choices":[{"not_picked":["Sword Boomerang","Infernal Blade"],"picked":"Twin Strike","floor":0.0},{"not_picked":["Entrench","Perfected Strike"],"picked":"Inflame","floor":1.0},{"not_picked":["Perfected Strike","Second Wind"],"picked":"Inflame","floor":11.0},{"not_picked":["Twin Strike","Power Through"],"picked":"Whirlwind","floor":12.0},{"not_picked":["Brutality","Warcry"],"picked":"True Grit","floor":13.0},{"not_picked":["Shrug It Off","True Grit"],"picked":"Inflame","floor":14.0},{"not_picked":["Exhume","Fiend Fire"],"picked":"Double Tap","floor":16},{"not_picked":["Hemokinesis","Second Wind"],"picked":"Pommel Strike+1","floor":18},{"not_picked":["Havoc","Fire Breathing"],"picked":"True Grit","floor":21}],"player_experience":1361682,"relics_obtained":[{"floor":9.0,"key":"Potion Belt"},{"floor":10.0,"key":"Bronze Scales"},{"floor":11.0,"key":"Paper Frog"},{"floor":13.0,"key":"Lantern"},{"floor":22,"key":"Bottled Flame"}],"event_choices":[{"cards_removed":["Strike_R"],"damage_healed":0.0,"max_hp_gain":0.0,"max_hp_loss":0.0,"gold_gain":0.0,"event_name":"Golden Wing","player_choice":"Card Removal","floor":3.0,"gold_loss":0.0,"damage_taken":7.0},{"damage_healed":0.0,"max_hp_gain":0.0,"max_hp_loss":0.0,"gold_gain":0.0,"event_name":"The Cleric","player_choice":"Leave","floor":4.0,"gold_loss":0.0,"damage_taken":0.0},{"damage_healed":0.0,"max_hp_gain":0.0,"max_hp_loss":0.0,"gold_gain":0.0,"event_name":"Liars Game","player_choice":"Ignored","floor":5.0,"gold_loss":0.0,"damage_taken":0.0},{"damage_healed":0,"gold_gain":0,"player_choice":"Obtained Relic","damage_taken":0,"relics_obtained":["Orichalcum"],"max_hp_gain":0,"max_hp_loss":0,"event_name":"Addict","floor":20,"gold_loss":85}],"is_beta":false,"boss_relics":[{"not_picked":["Calling Bell","Orrery"],"picked":"Runic Pyramid"}],"items_purged_floors":[19],"is_endless":false,"potions_floor_spawned":[1,12],"killed_by":"Book of Stabbing","ascension_level":20}