{"gold_per_floor":[111,111,38,38,12,12,28,57,84,109,109,127,141,155,155,257,257,274,286,286,300,318,318],"floor_reached":23,"playtime":922,"items_purged":[],"score":223,"play_id":"5e5f132f-fc99-4084-9832-05fdcbd5cbd3","local_time":"20180801183716","is_ascension_mode":true,"campfire_choices":[{"data":"Neutralize","floor":6.0,"key":"SMITH"},{"data":"Noxious Fumes","floor":11.0,"key":"SMITH"},{"data":"Caltrops","floor":15.0,"key":"SMITH"}],"neow_cost":"NONE","seed_source_timestamp":0,"circlet_count":0,"master_deck":["Defend_G","Defend_G","Defend_G","Defend_G","Defend_G","Strike_G","Strike_G","Strike_G","Strike_G","Strike_G","Survivor","Neutralize+1","Grand Finale","Dagger Throw","Noxious Fumes+1","Dagger Spray","Crippling Poison+1","Leg Sweep+1","Dodge and Roll+1","Poisoned Stab","Caltrops+1","After Image","Dagger Spray+1","Sucker Punch","Poisoned Stab","Cloak And Dagger+1"],"special_seed":0,"relics":["Ring of the Snake","Toxic Egg 2","Blood Vial","Question Card","Eternal Feather"],"potions_floor_usage":[22,22,23],"damage_taken":[{"damage":5.0,"enemies":"Cultist","floor":1.0,"turns":5.0},{"damage":3.0,"enemies":"Small Slimes","floor":7.0,"turns":4.0},{"damage":15.0,"enemies":"Lagavulin","floor":8.0,"turns":9.0},{"damage":10.0,"enemies":"Gremlin Nob","floor":10.0,"turns":4.0},{"damage":5.0,"enemies":"Jaw Worm","floor":12.0,"turns":5.0},{"damage":1.0,"enemies":"2 Fungi Beasts","floor":13.0,"turns":4.0},{"damage":2.0,"enemies":"Lots of Slimes","floor":14.0,"turns":2.0},{"damage":2.0,"enemies":"Hexaghost","floor":16.0,"turns":9.0},{"damage":16,"enemies":"3 Byrds","floor":18,"turns":4},{"damage":19,"enemies":"Chosen","floor":19,"turns":6},{"damage":15,"enemies":"Snake Plant","floor":21,"turns":5},{"damage":26,"enemies":"Snecko","floor":22,"turns":8},{"damage":19,"enemies":"Slavers","floor":23,"turns":1}],"seed_played":"-592116866280347942","potions_obtained":[{"floor":1.0,"key":"Fire Potion"},{"floor":10.0,"key":"Weak Potion"},{"floor":14.0,"key":"EssenceOfSteel"},{"floor":22,"key":"EssenceOfSteel"}],"is_trial":false,"path_per_floor":["M","?","$","?","?","R","M","E","T","E","R","M","M","M","R","B",null,"M","M","?","M","M"],"character_chosen":"THE_SILENT","items_purchased":["Noxious Fumes"],"campfire_rested":0,"item_purchase_floors":[3],"current_hp_per_floor":[65,70,70,70,70,70,67,52,52,44,44,41,42,42,42,42,75,59,42,42,29,5,0],"gold":318,"neow_bonus":"ONE_RANDOM_RARE_CARD","is_prod":false,"is_daily":false,"chose_seed":false,"campfire_upgraded":3,"win_rate":0,"timestamp":1533163036,"path_taken":["M","?","?","?","?","R","M","E","T","E","R","M","M","?","R","BOSS","M","M","?","M","?","E"],"build_version":"2018-07-26","purchased_purges":0,"victory":false,"max_hp_per_floor":[70,75,75,75,75,75,75,75,75,75,75,75,75,75,75,75,75,75,75,75,75,75,75],"card_choices":[{"not_picked":["Endless Agony","Setup"],"picked":"Dagger Throw","floor":1.0},{"not_picked":["Infinite Blades","PiercingWail"],"picked":"Dagger Spray","floor":7.0},{"not_picked":["PiercingWail","Deadly Poison"],"picked":"Crippling Poison","floor":8.0},{"not_picked":["Blur+1","PiercingWail+1"],"picked":"Leg Sweep+1","floor":10.0},{"not_picked":["PiercingWail+1","Dagger Spray","Venomology+1"],"picked":"Dodge and Roll+1","floor":12.0},{"not_picked":["Prepared+1","Leg Sweep+1","Calculated Gamble+1"],"picked":"Poisoned Stab","floor":13.0},{"not_picked":["Underhanded Strike","Eviscerate","Bane"],"picked":"Caltrops","floor":14.0},{"not_picked":["Burst+1","Glass Knife","Night Terror+1"],"picked":"After Image","floor":16.0},{"not_picked":["Deflect+1","Poisoned Stab","Deadly Poison+1"],"picked":"Dagger Spray+1","floor":18},{"not_picked":["Eviscerate","Outmaneuver+1","Escape Plan+1"],"picked":"Sucker Punch","floor":19},{"not_picked":["PiercingWail+1","Dodge and Roll+1","Prepared+1"],"picked":"Poisoned Stab","floor":21},{"not_picked":["Adrenaline+1","Calculated Gamble+1","Escape Plan+1"],"picked":"Cloak And Dagger+1","floor":22}],"player_experience":195103,"relics_obtained":[{"floor":8.0,"key":"Toxic Egg 2"},{"floor":9.0,"key":"Blood Vial"},{"floor":10.0,"key":"Question Card"}],"event_choices":[{"event_name":"Big Fish","player_choice":"Donut","floor":2.0,"damage_taken":0.0},{"event_name":"Liars Game","player_choice":"disagreed","floor":4.0,"damage_taken":0.0},{"event_name":"World of Goop","player_choice":"Left","floor":5.0,"damage_taken":0.0},{"event_name":"Ghosts","player_choice":"Ignored","floor":20,"damage_taken":0}],"is_beta":false,"boss_relics":[{"not_picked":["Orrery","HoveringKite"],"picked":"Eternal Feather"}],"items_purged_floors":[],"is_endless":false,"potions_floor_spawned":[1,10,14,22],"killed_by":"Slavers","ascension_level":2}