{"gold_per_floor":[111,111,125,140,151,180,255,285,285,285,285,311,311,321,321,425,425,437,437,437,362,362,362,396,396,396,396,427,252,270,280,280,385,385,404,404,415,415,428,428],"floor_reached":40,"playtime":1961,"items_purged":["Strike_G","Strike_G"],"score":486,"play_id":"9040faf8-801d-48ff-abe1-73cb9f585a23","local_time":"20180731220627","is_ascension_mode":true,"campfire_choices":[{"floor":11,"key":"REST"},{"floor":15,"key":"REST"},{"floor":23,"key":"REST"},{"floor":25,"key":"REST"},{"data":"Envenom","floor":27,"key":"SMITH"},{"floor":32,"key":"REST"}],"neow_cost":"NONE","seed_source_timestamp":2077529555917832,"circlet_count":0,"master_deck":["Defend_G","Defend_G","Defend_G","Defend_G","Defend_G","Survivor","Neutralize+1","Backflip","Injury","Dagger Spray","Poisoned Stab","Flying Knee","Backflip","Riddle With Holes","Sucker Punch","Corpse Explosion","Acrobatics","Dodge and Roll","Catalyst+1","Envenom+1","Dodge and Roll+1","Dagger Spray","Deadly Poison+1","Noxious Fumes","Accuracy","Setup+1","Terror","Tools of the Trade","Prepared","Decay","Blade Dance","Cloak And Dagger+1"],"relics":["Ring of the Serpent","Unceasing Top","Dream Catcher","Ornamental Fan","FaceOfCleric","Mango","Snake Skull","Gremlin Horn","Ninja Scroll","Matryoshka","Eternal Feather"],"potions_floor_usage":[16,33],"damage_taken":[{"damage":2,"enemies":"2 Louse","floor":1,"turns":3},{"damage":0,"enemies":"Cultist","floor":3,"turns":4},{"damage":1,"enemies":"Small Slimes","floor":4,"turns":4},{"damage":3,"enemies":"Looter","floor":5,"turns":4},{"damage":24,"enemies":"Lagavulin","floor":6,"turns":12},{"damage":20,"enemies":"3 Sentries","floor":8,"turns":11},{"damage":28,"enemies":"Gremlin Nob","floor":12,"turns":5},{"damage":2,"enemies":"Red Slaver","floor":14,"turns":4},{"damage":39,"enemies":"Slime Boss","floor":16,"turns":17},{"damage":32,"enemies":"3 Byrds","floor":18,"turns":5},{"damage":34,"enemies":"Book of Stabbing","floor":24,"turns":8},{"damage":29,"enemies":"Gremlin Leader","floor":28,"turns":5},{"damage":10,"enemies":"Shell Parasite","floor":30,"turns":4},{"damage":9,"enemies":"Centurion and Healer","floor":31,"turns":7},{"damage":53,"enemies":"Champ","floor":33,"turns":11},{"damage":39,"enemies":"Orb Walker","floor":35,"turns":6},{"damage":13,"enemies":"3 Shapes","floor":37,"turns":4},{"damage":59,"enemies":"Spire Growth","floor":39,"turns":7},{"damage":25,"enemies":"Giant Head","floor":40,"turns":5}],"seed_played":"175212856148708430","potions_obtained":[{"floor":3,"key":"GhostInAJar"},{"floor":4,"key":"FairyPotion"},{"floor":16,"key":"Fire Potion"},{"floor":18,"key":"AttackPotion"},{"floor":24,"key":"Explosive Potion"},{"floor":37,"key":"SteroidPotion"}],"is_trial":false,"path_per_floor":["M","?","M","M","M","E","?","E","T","?","R","E","?","M","R","B",null,"M","?","?","$","?","R","E","R","T","R","E","$","M","M","R","B",null,"M","?","M","?","M"],"character_chosen":"THE_SILENT","items_purchased":["Noxious Fumes"],"campfire_rested":5,"item_purchase_floors":[29],"current_hp_per_floor":[68,68,68,67,64,40,29,9,9,9,30,17,17,16,41,3,87,56,56,56,56,56,82,49,75,75,75,47,47,38,30,57,5,93,55,55,43,83,25,0],"gold":428,"neow_bonus":"REMOVE_CARD","is_prod":false,"is_daily":false,"chose_seed":false,"campfire_upgraded":1,"win_rate":0,"timestamp":1533089187,"path_taken":["M","?","M","M","M","E","?","E","T","?","R","E","?","M","R","BOSS","M","?","?","$","?","R","E","R","T","R","E","?","M","M","R","BOSS","M","?","M","?","M","E"],"build_version":"2018-07-26","purchased_purges":2,"victory":false,"max_hp_per_floor":[70,70,70,70,70,70,70,70,70,70,70,85,85,86,86,87,87,88,88,88,88,88,88,89,89,89,89,90,90,91,92,92,93,93,94,94,95,83,84,84],"card_choices":[{"not_picked":["Sucker Punch","Choke"],"picked":"Backflip","floor":1},{"not_picked":["Slice","PiercingWail"],"picked":"Dagger Spray","floor":3},{"not_picked":["Dodge and Roll","Concentrate"],"picked":"Poisoned Stab","floor":4},{"not_picked":["PiercingWail","Dagger Throw"],"picked":"Flying Knee","floor":5},{"not_picked":["Dagger Spray","Bouncing Flask"],"picked":"Backflip","floor":6},{"not_picked":["Bullet Time","Accuracy"],"picked":"Riddle With Holes","floor":8},{"not_picked":["Reflex","Flying Knee"],"picked":"Sucker Punch","floor":11},{"not_picked":["Outmaneuver","Deflect"],"picked":"Corpse Explosion","floor":12},{"not_picked":["Outmaneuver","Underhanded Strike"],"picked":"Acrobatics","floor":14},{"not_picked":["All Out Attack","Crippling Poison"],"picked":"Dodge and Roll","floor":15},{"not_picked":["Predator","PiercingWail+1"],"picked":"Catalyst+1","floor":18},{"not_picked":["Escape Plan+1","Backstab+1"],"picked":"Dodge and Roll+1","floor":23},{"not_picked":["Reflex","Endless Agony"],"picked":"Dagger Spray","floor":24},{"not_picked":["Blur","Eviscerate"],"picked":"Deadly Poison+1","floor":25},{"not_picked":["Outmaneuver","Bane","Underhanded Strike"],"picked":"SKIP","floor":28},{"not_picked":["Bane+1","Endless Agony"],"picked":"Accuracy","floor":30},{"not_picked":["Unload","Slice+1"],"picked":"Setup+1","floor":31},{"not_picked":["Predator+1","Acrobatics"],"picked":"Terror","floor":32},{"not_picked":["Unload","Grand Finale"],"picked":"Tools of the Trade","floor":33},{"not_picked":["Quick Slash","Accuracy"],"picked":"Prepared","floor":35},{"not_picked":["Underhanded Strike+1","Deadly Poison"],"picked":"Blade Dance","floor":37},{"not_picked":["Bane","Skewer"],"picked":"Cloak And Dagger+1","floor":39}],"player_experience":193142,"relics_obtained":[{"floor":6,"key":"Unceasing Top"},{"floor":8,"key":"Dream Catcher"},{"floor":9,"key":"Ornamental Fan"},{"floor":12,"key":"Mango"},{"floor":24,"key":"Gremlin Horn"},{"floor":26,"key":"Ninja Scroll"},{"floor":28,"key":"Matryoshka"}],"event_choices":[{"event_name":"Accursed Blacksmith","player_choice":"Forge","floor":2,"damage_taken":0},{"event_name":"World of Goop","player_choice":"Gather Gold","floor":7,"damage_taken":0},{"event_name":"FaceTrader","player_choice":"Trade","floor":10,"damage_taken":0},{"event_name":"WeMeetAgain","player_choice":"Potion","floor":13,"damage_taken":0},{"event_name":"Purifier","player_choice":"One Purge","floor":19,"damage_taken":0},{"event_name":"Match and Keep!","player_choice":"0 cards matched","floor":20,"damage_taken":0},{"event_name":"Transmorgrifier","player_choice":"Transform","floor":22,"damage_taken":0},{"event_name":"Wheel of Change","player_choice":"Curse","floor":36,"damage_taken":0},{"event_name":"The Moai Head","player_choice":"Heal","floor":38,"damage_taken":0}],"is_beta":false,"boss_relics":[{"not_picked":["Busted Crown","Sozu"],"picked":"Ring of the Serpent"},{"not_picked":["Orrery","Coffee Dripper"],"picked":"Eternal Feather"}],"items_purged_floors":[21,29],"is_endless":false,"potions_floor_spawned":[3,4,16,18,24,30,37],"killed_by":"Giant Head","ascension_level":2}