{"gold_per_floor":[114,29,29,53,53,53,74,74,74,99,137,137,203,353,353,449,449,473,388,388,401,416,416,459,459,485,485,500,544,544,107,107,200,200,224,204,217,280,280,324,324,657,657,686,25,58,58,73,73,73,73],"floor_reached":52,"playtime":2610,"items_purged":["Doubt"],"score":2194,"play_id":"add25171-63d7-4711-a03c-71f19ac3624a","local_time":"20190710092326","is_ascension_mode":true,"campfire_choices":[{"data":"Sweeping Beam","floor":6.0,"key":"SMITH"},{"floor":12.0,"key":"REST"},{"data":"Scrape","floor":15.0,"key":"SMITH"},{"floor":23.0,"key":"REST"},{"floor":25,"key":"REST"},{"data":"Leap","floor":30,"key":"SMITH"},{"floor":32,"key":"REST"},{"floor":47,"key":"REST"},{"floor":49,"key":"REST"}],"neow_cost":"NONE","seed_source_timestamp":2390671894200,"circlet_count":0,"master_deck":["AscendersBane","Strike_B","Strike_B","Strike_B","Strike_B","Defend_B","Defend_B","Defend_B","Zap","Dualcast","Sweeping Beam+1","All For One","Injury","Sweeping Beam","Scrape+1","Electrodynamics","Leap+1","Hologram+1","Sweeping Beam","Electrodynamics","Decay","Sunder","Meteor Strike","Coolheaded+1","Glacier+1","Scrape","Reboot","Conserve Battery","Thunder Strike","Coolheaded+1","Glacier+1"],"special_seed":0,"relics":["Snecko Eye","Dodecahedron","Shuriken","Ornamental Fan","Kunai","Cursed Key","StoneCalendar","Regal Pillow","Orichalcum","Omamori","Frozen Egg 2","Lizard Tail","Shovel","Vajra","Blue Candle","Dream Catcher","Bag of Preparation","TheAbacus","Gambling Chip"],"potions_floor_usage":[24,38,44,51],"damage_taken":[{"damage":12.0,"enemies":"2 Louse","floor":1.0,"turns":3.0},{"damage":2.0,"enemies":"Jaw Worm","floor":4.0,"turns":3.0},{"damage":6.0,"enemies":"Cultist","floor":7.0,"turns":4.0},{"damage":7.0,"enemies":"Looter","floor":10.0,"turns":4.0},{"damage":8.0,"enemies":"Gremlin Nob","floor":11.0,"turns":3.0},{"damage":1.0,"enemies":"3 Sentries","floor":13.0,"turns":3.0},{"damage":45.0,"enemies":"The Guardian","floor":16.0,"turns":10.0},{"damage":1.0,"enemies":"Spheric Guardian","floor":18.0,"turns":3.0},{"damage":4.0,"enemies":"2 Thieves","floor":21.0,"turns":3.0},{"damage":25.0,"enemies":"Centurion and Healer","floor":22.0,"turns":6.0},{"damage":39,"enemies":"Book of Stabbing","floor":24,"turns":4},{"damage":0,"enemies":"Cultist and Chosen","floor":28,"turns":3},{"damage":0,"enemies":"Slavers","floor":29,"turns":2},{"damage":0,"enemies":"Champ","floor":33,"turns":3},{"damage":20,"enemies":"3 Darklings","floor":35,"turns":3},{"damage":1,"enemies":"3 Shapes","floor":37,"turns":7},{"damage":14,"enemies":"2 Orb Walkers","floor":38,"turns":3},{"damage":18,"enemies":"Nemesis","floor":40,"turns":7},{"damage":22,"enemies":"Reptomancer","floor":44,"turns":5},{"damage":0,"enemies":"Giant Head","floor":46,"turns":4},{"damage":9,"enemies":"Writhing Mass","floor":48,"turns":4},{"damage":39,"enemies":"Awakened One","floor":50,"turns":9},{"damage":12,"enemies":"Donu and Deca","floor":51,"turns":8}],"seed_played":"-6484261876970277306","potions_obtained":[{"floor":4.0,"key":"Fire Potion"},{"floor":10.0,"key":"LiquidBronze"},{"floor":13.0,"key":"Strength Potion"},{"floor":22.0,"key":"SteroidPotion"},{"floor":24,"key":"Fire Potion"},{"floor":33,"key":"AttackPotion"},{"floor":37,"key":"Regen Potion"},{"floor":38,"key":"GamblersBrew"},{"floor":48,"key":"SteroidPotion"}],"is_trial":false,"path_per_floor":["M","$","?","M","$","R","M","?","T","M","E","R","?","?","R","B",null,"M","?","?","M","M","R","E","R","T","?","M","E","R","$","R","B",null,"M","?","M","?","?","E","?","?","T","E","$","E","R","M","R","B","B",null],"character_chosen":"DEFECT","items_purchased":["All For One","Sunder","Frozen Egg 2","Bag of Preparation","Scrape","TheAbacus","Reboot","Conserve Battery"],"campfire_rested":6,"item_purchase_floors":[2,31,31,45,45,45,45,45],"current_hp_per_floor":[52,52,52,50,50,50,44,44,44,37,29,50,49,49,49,4,54,53,53,53,49,24,45,6,42,42,42,42,42,42,42,71,71,71,51,51,50,36,36,18,32,32,32,10,10,10,46,37,71,32,35],"gold":73,"neow_bonus":"BOSS_RELIC","is_prod":false,"is_daily":false,"chose_seed":false,"campfire_upgraded":3,"win_rate":0,"timestamp":1562775806,"path_taken":["M","$","?","M","$","R","M","?","T","?","E","R","?","?","R","BOSS","M","?","?","?","M","R","E","R","T","?","M","E","R","$","R","BOSS","M","?","?","?","?","E","?","?","T","E","$","E","R","M","R","BOSS","BOSS"],"build_version":"2019-07-05","purchased_purges":1,"victory":true,"max_hp_per_floor":[71,71,71,71,71,71,71,71,71,71,71,71,71,71,71,71,71,71,71,71,71,71,71,71,71,71,71,71,71,71,71,71,71,71,71,71,71,71,71,71,71,71,71,71,71,71,71,71,71,71,71],"card_choices":[{"not_picked":["Ball Lightning","Compile Driver"],"picked":"Sweeping Beam","floor":1.0},{"not_picked":["Go for the Eyes","Melter"],"picked":"Sweeping Beam","floor":4.0},{"not_picked":["Compile Driver","Redo","Gash"],"picked":"SKIP","floor":7.0},{"not_picked":["Turbo","Leap"],"picked":"Scrape","floor":10.0},{"not_picked":["Gash","Rebound","Steam"],"picked":"SKIP","floor":11.0},{"not_picked":["Multi-Cast","Biased Cognition"],"picked":"Electrodynamics","floor":16.0},{"not_picked":["Tempest","Rip and Tear"],"picked":"Leap","floor":18.0},{"not_picked":["Sweeping Beam","Force Field"],"picked":"Hologram+1","floor":21.0},{"not_picked":["Leap","Reprogram"],"picked":"Sweeping Beam","floor":22.0},{"not_picked":["Sweeping Beam","Barrage"],"picked":"Electrodynamics","floor":24},{"not_picked":["Rebound","Recycle","Force Field"],"picked":"SKIP","floor":28},{"not_picked":["Consume","Redo","Turbo"],"picked":"SKIP","floor":29},{"not_picked":["Fission","Machine Learning+1"],"picked":"Meteor Strike","floor":33},{"not_picked":["White Noise","Stack"],"picked":"Coolheaded+1","floor":35},{"not_picked":["Genetic Algorithm","Streamline+1","Steam Power"],"picked":"SKIP","floor":37},{"not_picked":["Rebound","Gash+1","Doom and Gloom+1"],"picked":"SKIP","floor":40},{"not_picked":["Self Repair+1","Streamline"],"picked":"Glacier+1","floor":44},{"not_picked":["Compile Driver","Lockon"],"picked":"Thunder Strike","floor":46},{"not_picked":["Beam Cell+1","Compile Driver"],"picked":"Coolheaded+1","floor":48},{"not_picked":["Redo","Sweeping Beam"],"picked":"Glacier+1","floor":49}],"player_experience":1253517,"relics_obtained":[{"floor":9.0,"key":"Shuriken"},{"floor":11.0,"key":"Ornamental Fan"},{"floor":13.0,"key":"Kunai"},{"floor":24,"key":"Regal Pillow"},{"floor":26,"key":"Orichalcum"},{"floor":29,"key":"Omamori"},{"floor":38,"key":"Shovel"},{"floor":40,"key":"Vajra"},{"floor":43,"key":"Blue Candle"},{"floor":44,"key":"Dream Catcher"},{"floor":46,"key":"Gambling Chip"}],"event_choices":[{"damage_healed":0.0,"max_hp_gain":0.0,"max_hp_loss":0.0,"gold_gain":0.0,"event_name":"Golden Idol","player_choice":"Take Wound","floor":3.0,"gold_loss":0.0,"damage_taken":0.0,"relics_obtained":["Golden Idol"],"cards_obtained":["Injury"]},{"damage_healed":0.0,"max_hp_gain":0.0,"max_hp_loss":0.0,"gold_gain":0.0,"event_name":"WeMeetAgain","player_choice":"Gave Potion","floor":8.0,"gold_loss":0.0,"damage_taken":0.0,"relics_obtained":["Dodecahedron"]},{"damage_healed":0.0,"max_hp_gain":0.0,"max_hp_loss":0.0,"gold_gain":30.0,"event_name":"Dead Adventurer","player_choice":"Searched \u00272\u0027 times","floor":13.0,"gold_loss":0.0,"damage_taken":0.0},{"damage_healed":0.0,"max_hp_gain":0.0,"max_hp_loss":0.0,"gold_gain":150.0,"event_name":"Liars Game","player_choice":"AGREE","floor":14.0,"gold_loss":0.0,"damage_taken":0.0,"cards_obtained":["Doubt"]},{"damage_healed":0.0,"max_hp_gain":0.0,"max_hp_loss":0.0,"gold_gain":0.0,"event_name":"Addict","player_choice":"Obtained Relic","floor":19.0,"gold_loss":85.0,"damage_taken":0.0,"relics_obtained":["StoneCalendar"]},{"damage_healed":0.0,"max_hp_gain":0.0,"max_hp_loss":0.0,"gold_gain":0.0,"event_name":"N\u0027loth","player_choice":"Ignored","floor":20.0,"gold_loss":0.0,"damage_taken":0.0},{"damage_healed":0,"gold_gain":0,"player_choice":"Ignored","damage_taken":0,"max_hp_gain":0,"max_hp_loss":0,"event_name":"Vampires","floor":27,"gold_loss":0},{"damage_healed":0,"gold_gain":0,"player_choice":"Bought 1 Potion","damage_taken":0,"max_hp_gain":0,"max_hp_loss":0,"event_name":"The Woman in Blue","floor":36,"gold_loss":0},{"damage_healed":0,"gold_gain":0,"player_choice":"Fight","damage_taken":0,"max_hp_gain":0,"max_hp_loss":0,"event_name":"Mysterious Sphere","floor":38,"gold_loss":0},{"cards_removed":["Defend_B"],"damage_healed":0,"gold_gain":0,"player_choice":"Removed Skill","damage_taken":0,"max_hp_gain":0,"max_hp_loss":0,"event_name":"Falling","floor":39,"gold_loss":0},{"damage_healed":14,"gold_gain":0,"player_choice":"Writhe","damage_taken":0,"max_hp_gain":0,"max_hp_loss":0,"event_name":"Winding Halls","floor":41,"gold_loss":0,"cards_obtained":["Writhe"]},{"damage_healed":0,"gold_gain":333,"player_choice":"Gave Idol","damage_taken":0,"max_hp_gain":0,"max_hp_loss":0,"event_name":"The Moai Head","floor":42,"relics_lost":["Golden Idol"],"gold_loss":0}],"is_beta":false,"boss_relics":[{"not_picked":["Tiny House","Coffee Dripper"],"picked":"Cursed Key"},{"not_picked":["Sozu","Orrery"],"picked":"Lizard Tail"}],"items_purged_floors":[31],"is_endless":false,"potions_floor_spawned":[4,10,13,22,24,33,37,38,48],"ascension_level":20}