{"gold_per_floor":[112,37,112,212,222,256,256,276,276,276,287,287,322,340,340,340],"floor_reached":16,"playtime":340,"items_purged":["Defend_R"],"score":132,"play_id":"9c885c8f-6036-4116-a56b-d48c311b1026","local_time":"20190126194819","is_ascension_mode":true,"campfire_choices":[{"floor":7,"key":"REST"},{"floor":15,"key":"REST"}],"neow_cost":"NONE","seed_source_timestamp":184393737341169,"circlet_count":0,"master_deck":["Strike_R","Strike_R","Strike_R","Strike_R","Strike_R","Defend_R","Defend_R","Defend_R","Bash","Perfected Strike","Whirlwind","Demon Form","Pommel Strike"],"relics":["Burning Blood","Bag of Marbles","Turnip","Nunchaku","Potion Belt","PreservedInsect"],"potions_floor_usage":[13],"damage_taken":[{"damage":2,"enemies":"Jaw Worm","floor":1,"turns":3},{"damage":0,"enemies":"Small Slimes","floor":5,"turns":3},{"damage":16,"enemies":"Gremlin Nob","floor":6,"turns":3},{"damage":0,"enemies":"Cultist","floor":8,"turns":2},{"damage":12,"enemies":"Looter","floor":11,"turns":3},{"damage":40,"enemies":"3 Sentries","floor":13,"turns":6},{"damage":19,"enemies":"Blue Slaver","floor":14,"turns":4},{"damage":61,"enemies":"The Guardian","floor":16,"turns":7}],"seed_played":"1755083597983055305","potions_obtained":[{"floor":1,"key":"SpeedPotion"},{"floor":8,"key":"Regen Potion"}],"is_trial":false,"path_per_floor":["M","$","?","?","M","E","R","M","T","$","M","?","E","M","R","B"],"character_chosen":"IRONCLAD","items_purchased":[],"campfire_rested":2,"item_purchase_floors":[],"current_hp_per_floor":[80,80,69,69,75,65,80,80,80,80,74,62,43,30,54,0],"gold":340,"neow_bonus":"RANDOM_COMMON_RELIC","is_prod":false,"is_daily":false,"chose_seed":false,"campfire_upgraded":0,"win_rate":0,"timestamp":1548560899,"path_taken":["M","$","?","?","M","E","R","M","T","$","?","?","E","M","R","BOSS"],"build_version":"2019-01-23","purchased_purges":1,"victory":false,"max_hp_per_floor":[80,80,80,80,80,80,80,80,80,80,80,80,80,80,80,80],"card_choices":[{"not_picked":["True Grit","Body Slam"],"picked":"Perfected Strike","floor":1},{"not_picked":["Intimidate","Pommel Strike"],"picked":"Whirlwind","floor":5},{"not_picked":["Fiend Fire","Rupture"],"picked":"Demon Form","floor":6},{"not_picked":["Heavy Blade","Inflame","Carnage"],"picked":"SKIP","floor":8},{"not_picked":["Clash","Iron Wave"],"picked":"Pommel Strike","floor":11},{"not_picked":["Sword Boomerang","Juggernaut","Fire Breathing"],"picked":"SKIP","floor":13},{"not_picked":["Rampage","Searing Blow","Iron Wave"],"picked":"SKIP","floor":14}],"player_experience":167081,"relics_obtained":[{"floor":6,"key":"Turnip"},{"floor":9,"key":"Nunchaku"},{"floor":13,"key":"PreservedInsect"}],"event_choices":[{"damage_healed":0,"gold_gain":75,"player_choice":"Gather Gold","damage_taken":11,"max_hp_gain":0,"max_hp_loss":0,"event_name":"World of Goop","floor":3,"gold_loss":0},{"damage_healed":0,"gold_gain":100,"player_choice":"Pray","damage_taken":0,"max_hp_gain":0,"max_hp_loss":0,"event_name":"Golden Shrine","floor":4,"gold_loss":0},{"damage_healed":0,"gold_gain":0,"player_choice":"Success","damage_taken":12,"relics_obtained":["Potion Belt"],"max_hp_gain":0,"max_hp_loss":0,"event_name":"Scrap Ooze","floor":12,"gold_loss":0}],"is_beta":false,"boss_relics":[],"items_purged_floors":[2],"is_endless":false,"potions_floor_spawned":[1,8],"killed_by":"The Guardian","ascension_level":4}