{"gold_per_floor":[110,110,35,49,63,63,63,73,96,96,127,277,277,277,277,277],"floor_reached":16,"playtime":444,"items_purged":["Strike_B"],"score":196,"play_id":"ada57f35-c97b-464d-814b-a1cf104fb4c7","local_time":"20190710220208","is_ascension_mode":true,"campfire_choices":[{"data":"Sweeping Beam","floor":6,"key":"SMITH"},{"data":"Hologram","floor":15,"key":"SMITH"}],"neow_cost":"NONE","seed_source_timestamp":50805213301700,"circlet_count":0,"master_deck":["AscendersBane","Defend_B","Defend_B","Defend_B+1","Defend_B","Dualcast+1","Hyperbeam+1","Ball Lightning+1","Aggregate+1","Conserve Battery","Sweeping Beam+1","Gash","Hologram+1","Undo","Doubt"],"relics":["Astrolabe","Dream Catcher","Juzu Bracelet","Mummified Hand","Ancient Tea Set","War Paint"],"potions_floor_usage":[16],"damage_taken":[{"damage":2,"enemies":"Jaw Worm","floor":1,"turns":3},{"damage":0,"enemies":"Cultist","floor":4,"turns":3},{"damage":0,"enemies":"Small Slimes","floor":5,"turns":1},{"damage":1,"enemies":"Blue Slaver","floor":8,"turns":2},{"damage":4,"enemies":"Gremlin Nob","floor":11,"turns":3},{"damage":47,"enemies":"Hexaghost","floor":16,"turns":10}],"seed_played":"-7192514132947386862","potions_obtained":[{"floor":5,"key":"EssenceOfSteel"}],"is_trial":false,"path_per_floor":["M","?","$","M","M","R","T","M","T","?","E","?","?","T","R","B"],"character_chosen":"DEFECT","items_purchased":[],"campfire_rested":0,"item_purchase_floors":[],"current_hp_per_floor":[62,62,62,62,62,62,62,61,61,61,57,57,46,46,46,0],"gold":277,"neow_bonus":"BOSS_RELIC","is_prod":false,"is_daily":false,"chose_seed":false,"campfire_upgraded":2,"win_rate":0,"timestamp":1562821328,"path_taken":["M","?","?","M","M","R","?","M","T","?","E","?","?","?","R","BOSS"],"build_version":"2019-07-05","purchased_purges":1,"victory":false,"max_hp_per_floor":[71,71,71,71,71,71,71,71,71,71,71,71,71,71,71,71],"card_choices":[{"not_picked":["Steam","Turbo"],"picked":"Conserve Battery","floor":1},{"not_picked":["Cold Snap","Coolheaded","Capacitor"],"picked":"SKIP","floor":4},{"not_picked":["Scrape","Loop"],"picked":"Sweeping Beam","floor":5},{"not_picked":["Conserve Battery","Go for the Eyes"],"picked":"Gash","floor":8},{"not_picked":["Rebound","Double Energy"],"picked":"Undo","floor":11}],"player_experience":1263461,"relics_obtained":[{"floor":7,"key":"Dream Catcher"},{"floor":9,"key":"Juzu Bracelet"},{"floor":11,"key":"Mummified Hand"},{"floor":14,"key":"War Paint"}],"event_choices":[{"cards_removed":["Zap"],"damage_healed":0,"gold_gain":0,"player_choice":"Card Removal","damage_taken":0,"max_hp_gain":0,"max_hp_loss":0,"event_name":"Wheel of Change","floor":2,"gold_loss":0},{"damage_healed":0,"gold_gain":0,"player_choice":"1 cards matched","damage_taken":0,"max_hp_gain":0,"max_hp_loss":0,"event_name":"Match and Keep!","floor":10,"gold_loss":0,"cards_obtained":["Hologram"]},{"damage_healed":0,"gold_gain":150,"player_choice":"AGREE","damage_taken":0,"max_hp_gain":0,"max_hp_loss":0,"event_name":"Liars Game","floor":12,"gold_loss":0,"cards_obtained":["Doubt"]},{"damage_healed":0,"gold_gain":0,"player_choice":"Success","damage_taken":11,"relics_obtained":["Ancient Tea Set"],"max_hp_gain":0,"max_hp_loss":0,"event_name":"Scrap Ooze","floor":13,"gold_loss":0}],"is_beta":false,"boss_relics":[],"items_purged_floors":[3],"is_endless":false,"potions_floor_spawned":[5],"killed_by":"Hexaghost","ascension_level":20}