{"gold_per_floor":[109,35,55,75,94,94,121,121,121,133,164,202,214,226,238,329,341,365,396,408,435,54,66,66,128,128,128,138,138,38,52,52,131,131,145,145,165,175,65,65,82,92,92,109,109,109,136,149,149,149,149],"floor_reached":52,"playtime":2068,"items_purged":["Strike_R","Doubt"],"score":1832,"play_id":"3e483d97-bc33-434d-b775-718c572a6d64","local_time":"20190702102406","is_ascension_mode":true,"campfire_choices":[{"data":"Bash","floor":6.0,"key":"SMITH"},{"data":"Clothesline","floor":8.0,"key":"SMITH"},{"data":"Flame Barrier","floor":10.0,"key":"SMITH"},{"data":"Armaments","floor":13.0,"key":"SMITH"},{"floor":15.0,"key":"REST"},{"data":"1","floor":24.0,"key":"LIFT"},{"data":"2","floor":29.0,"key":"LIFT"},{"data":"Limit Break","floor":32.0,"key":"SMITH"},{"data":"3","floor":40.0,"key":"LIFT"},{"data":"Parasite","floor":46.0,"key":"PURGE"},{"data":"Offering","floor":49.0,"key":"SMITH"}],"neow_cost":"NONE","seed_source_timestamp":169438561882600,"circlet_count":0,"master_deck":["AscendersBane","Strike_R","Strike_R+1","Defend_R+1","Defend_R","Defend_R","Defend_R","Bash+1","Twin Strike","Flame Barrier+1","Clothesline+1","Sword Boomerang","Headbutt+1","Anger","Armaments+1","Battle Trance","Limit Break+1","Flame Barrier","Pommel Strike+1","Cleave+1","Offering+1","Impervious"],"special_seed":0,"relics":["Burning Blood","Bag of Preparation","Strawberry","MawBank","Meat on the Bone","Cursed Key","Girya","Tiny Chest","Gambling Chip","Busted Crown","WarpedTongs","Peace Pipe","Frozen Egg 2"],"potions_floor_usage":[51],"damage_taken":[{"damage":10.0,"enemies":"2 Louse","floor":1.0,"turns":4.0},{"damage":9.0,"enemies":"Jaw Worm","floor":3.0,"turns":5.0},{"damage":4.0,"enemies":"Cultist","floor":4.0,"turns":3.0},{"damage":19.0,"enemies":"Red Slaver","floor":5.0,"turns":5.0},{"damage":26.0,"enemies":"Gremlin Nob","floor":7.0,"turns":4.0},{"damage":3.0,"enemies":"Blue Slaver","floor":11.0,"turns":5.0},{"damage":20.0,"enemies":"3 Sentries","floor":12.0,"turns":7.0},{"damage":24.0,"enemies":"Hexaghost","floor":16.0,"turns":11.0},{"damage":34.0,"enemies":"3 Byrds","floor":18.0,"turns":5.0},{"damage":26.0,"enemies":"Shell Parasite","floor":19.0,"turns":7.0},{"damage":5.0,"enemies":"3 Cultists","floor":21.0,"turns":5.0},{"damage":29.0,"enemies":"Shelled Parasite and Fungi","floor":23.0,"turns":6.0},{"damage":21.0,"enemies":"Book of Stabbing","floor":25.0,"turns":5.0},{"damage":26.0,"enemies":"Cultist and Chosen","floor":28.0,"turns":5.0},{"damage":6.0,"enemies":"Chosen and Byrds","floor":31.0,"turns":3.0},{"damage":25.0,"enemies":"Collector","floor":33.0,"turns":7.0},{"damage":0.0,"enemies":"Orb Walker","floor":35.0,"turns":3.0},{"damage":0.0,"enemies":"3 Shapes","floor":37.0,"turns":5.0},{"damage":8.0,"enemies":"Spire Growth","floor":38.0,"turns":3.0},{"damage":6.0,"enemies":"3 Darklings","floor":41.0,"turns":4.0},{"damage":6.0,"enemies":"Transient","floor":42.0,"turns":6.0},{"damage":20.0,"enemies":"Writhing Mass","floor":44.0,"turns":4.0},{"damage":19.0,"enemies":"Reptomancer","floor":47.0,"turns":4.0},{"damage":24.0,"enemies":"Sphere and 2 Shapes","floor":48.0,"turns":5.0},{"damage":67.0,"enemies":"Time Eater","floor":50.0,"turns":8.0},{"damage":18,"enemies":"Awakened One","floor":51,"turns":4}],"seed_played":"3786812746973183528","potions_obtained":[{"floor":11.0,"key":"Fire Potion"},{"floor":12.0,"key":"Regen Potion"},{"floor":16.0,"key":"Fruit Juice"},{"floor":18.0,"key":"FairyPotion"},{"floor":21.0,"key":"Fire Potion"},{"floor":31.0,"key":"SkillPotion"},{"floor":42.0,"key":"LiquidBronze"}],"is_trial":false,"path_per_floor":["M","$","M","M","M","R","E","R","T","R","M","E","R","?","R","B",null,"M","M","?","M","$","M","R","E","T","T","M","R","$","M","R","B",null,"M","?","M","M","?","R","M","M","T","M","?","R","E","M","R","B","B",null],"character_chosen":"IRONCLAD","items_purchased":["Flame Barrier","Girya"],"campfire_rested":1,"item_purchase_floors":[2,22],"current_hp_per_floor":[64,64,61,63,50,50,37,37,37,37,40,26,26,1,25,39,75,59,51,51,52,52,41,41,38,38,38,30,30,30,42,42,35,74,80,80,86,84,84,84,84,84,84,70,70,70,57,51,51,26,26],"gold":149,"neow_bonus":"RANDOM_COMMON_RELIC","is_prod":false,"is_daily":false,"chose_seed":false,"campfire_upgraded":6,"win_rate":0,"timestamp":1562059446,"path_taken":["M","$","M","M","M","R","E","R","T","R","M","E","R","?","R","BOSS","M","M","?","?","?","M","R","E","T","?","M","R","$","?","R","BOSS","M","?","?","M","?","R","M","M","T","?","?","R","E","M","R","BOSS","BOSS"],"build_version":"2019-07-01","purchased_purges":2,"victory":true,"max_hp_per_floor":[75,75,75,75,75,75,82,82,82,82,82,82,82,82,82,87,87,87,87,87,87,87,87,87,87,87,87,87,87,87,87,87,87,87,87,87,87,87,87,87,87,87,87,87,87,84,84,84,84,84,84],"card_choices":[{"not_picked":["Clash","Heavy Blade"],"picked":"Twin Strike","floor":1.0},{"not_picked":["Iron Wave","Heavy Blade"],"picked":"Clothesline","floor":3.0},{"not_picked":["Second Wind","Power Through"],"picked":"Sword Boomerang","floor":4.0},{"not_picked":["Shrug It Off","Thunderclap"],"picked":"Headbutt","floor":5.0},{"not_picked":["Infernal Blade","Havoc"],"picked":"Anger","floor":7.0},{"not_picked":["Juggernaut","Wild Strike"],"picked":"Armaments","floor":11.0},{"not_picked":["Flex","Havoc"],"picked":"Battle Trance","floor":12.0},{"not_picked":["Fiend Fire","Brutality"],"picked":"Limit Break","floor":16.0},{"not_picked":["Clothesline","Seeing Red"],"picked":"Flame Barrier","floor":18.0},{"not_picked":["Clothesline","Heavy Blade"],"picked":"Pommel Strike+1","floor":19.0},{"not_picked":["Power Through","Bloodletting"],"picked":"Cleave+1","floor":21.0},{"not_picked":["Havoc","Pommel Strike","Second Wind"],"picked":"SKIP","floor":23.0},{"not_picked":["Burning Pact","Combust","Wild Strike"],"picked":"SKIP","floor":25.0},{"not_picked":["Iron Wave","Warcry"],"picked":"Offering","floor":28.0},{"not_picked":["Seeing Red","Armaments","Headbutt"],"picked":"SKIP","floor":31.0},{"not_picked":["Dark Embrace","Berserk"],"picked":"Impervious","floor":33.0},{"not_picked":["Wild Strike"],"picked":"SKIP","floor":35.0},{"not_picked":["Blood for Blood"],"picked":"SKIP","floor":37.0},{"not_picked":["Rampage+1"],"picked":"SKIP","floor":38.0},{"not_picked":["Armaments"],"picked":"SKIP","floor":41.0},{"not_picked":["Hemokinesis"],"picked":"SKIP","floor":42.0},{"not_picked":["Heavy Blade"],"picked":"SKIP","floor":44.0},{"not_picked":["Armaments"],"picked":"SKIP","floor":47.0},{"not_picked":["Sword Boomerang"],"picked":"SKIP","floor":48.0}],"player_experience":1528107,"relics_obtained":[{"floor":7.0,"key":"Strawberry"},{"floor":9.0,"key":"MawBank"},{"floor":12.0,"key":"Meat on the Bone"},{"floor":25.0,"key":"Tiny Chest"},{"floor":27.0,"key":"Gambling Chip"},{"floor":43.0,"key":"Peace Pipe"},{"floor":47.0,"key":"Frozen Egg 2"}],"event_choices":[{"damage_healed":0.0,"max_hp_gain":0.0,"max_hp_loss":0.0,"gold_gain":0.0,"event_name":"Shining Light","player_choice":"Entered Light","floor":14.0,"gold_loss":0.0,"damage_taken":25.0,"cards_upgraded":["Headbutt","Strike_R"]},{"cards_removed":["Strike_R"],"damage_healed":0.0,"max_hp_gain":0.0,"max_hp_loss":0.0,"gold_gain":0.0,"event_name":"Bonfire Elementals","player_choice":"Offered Basic","floor":20.0,"gold_loss":0.0,"damage_taken":0.0},{"damage_healed":0.0,"max_hp_gain":0.0,"max_hp_loss":0.0,"gold_gain":0.0,"event_name":"Accursed Blacksmith","player_choice":"Rummage","floor":36.0,"gold_loss":0.0,"damage_taken":0.0,"relics_obtained":["WarpedTongs"],"cards_obtained":["Pain"]},{"cards_removed":["Pain"],"damage_healed":0.0,"max_hp_gain":0.0,"max_hp_loss":0.0,"gold_gain":0.0,"event_name":"Designer","player_choice":"Upgrade and Remove","floor":39.0,"gold_loss":110.0,"damage_taken":0.0,"cards_upgraded":["Defend_R"]},{"cards_removed":["Strike_R"],"damage_healed":0.0,"max_hp_gain":0.0,"max_hp_loss":0.0,"gold_gain":0.0,"event_name":"Falling","player_choice":"Removed Attack","floor":45.0,"gold_loss":0.0,"damage_taken":0.0}],"is_beta":false,"boss_relics":[{"not_picked":["Coffee Dripper","Mark of Pain"],"picked":"Cursed Key"},{"not_picked":["Runic Dome","Empty Cage"],"picked":"Busted Crown"}],"items_purged_floors":[22,30],"is_endless":false,"potions_floor_spawned":[11,12,16,18,21,31,42,47],"ascension_level":20}