{"gold_per_floor":[117,129,129,129,129,129,157,157,157,182,198,218,218,232,232,309,309,326,118,133,133,148,148,174,174,219,219,239,254,0,0],"floor_reached":31,"playtime":1225,"items_purged":[],"score":530,"play_id":"d6a39096-483c-4875-a2fc-be9784324641","local_time":"20190513143756","is_ascension_mode":true,"campfire_choices":[{"data":"Zap","floor":6.0,"key":"SMITH"},{"floor":8.0,"key":"DIG"},{"floor":13.0,"key":"REST"},{"floor":15.0,"key":"DIG"},{"floor":23.0,"key":"REST"},{"floor":25.0,"key":"REST"},{"floor":27.0,"key":"DIG"}],"neow_cost":"NONE","seed_source_timestamp":0,"circlet_count":0,"master_deck":["AscendersBane","Strike_B+1","Defend_B+1","Defend_B+1","Defend_B+1","Defend_B+1","Zap+1","Dualcast","Blind","Leap","FTL","Pain","Ball Lightning","Seek","Cold Snap","Streamline","Multi-Cast+1","Amplify+1","Echo Form+1","Mayhem","Sunder","Sunder+1"],"special_seed":0,"relics":["Cracked Core","Singing Bowl","WarpedTongs","Shovel","Darkstone Periapt","Pantograph","Centennial Puzzle","Vajra","Astrolabe","Matryoshka","Smiling Mask","Potion Belt","FossilizedHelix"],"potions_floor_usage":[],"damage_taken":[{"damage":0.0,"enemies":"Cultist","floor":1.0,"turns":4.0},{"damage":0.0,"enemies":"2 Louse","floor":2.0,"turns":2.0},{"damage":18.0,"enemies":"Lagavulin","floor":7.0,"turns":8.0},{"damage":8.0,"enemies":"Gremlin Nob","floor":10.0,"turns":3.0},{"damage":3.0,"enemies":"Small Slimes","floor":11.0,"turns":2.0},{"damage":18.0,"enemies":"Exordium Wildlife","floor":12.0,"turns":4.0},{"damage":9.0,"enemies":"3 Louse","floor":14.0,"turns":3.0},{"damage":32.0,"enemies":"The Guardian","floor":16.0,"turns":9.0},{"damage":9.0,"enemies":"Spheric Guardian","floor":18.0,"turns":3.0},{"damage":21.0,"enemies":"3 Byrds","floor":20.0,"turns":4.0},{"damage":10.0,"enemies":"Snake Plant","floor":22.0,"turns":5.0},{"damage":19.0,"enemies":"Gremlin Leader","floor":24.0,"turns":6.0},{"damage":25.0,"enemies":"Centurion and Healer","floor":28.0,"turns":8.0},{"damage":17.0,"enemies":"Sentry and Sphere","floor":29.0,"turns":6.0},{"damage":16,"enemies":"Book of Stabbing","floor":31,"turns":4}],"seed_played":"8289965049994734718","potions_obtained":[{"floor":1.0,"key":"FearPotion"},{"floor":7.0,"key":"SteroidPotion"},{"floor":10.0,"key":"LiquidBronze"},{"floor":16.0,"key":"PowerPotion"},{"floor":22.0,"key":"Energy Potion"},{"floor":29.0,"key":"SpeedPotion"}],"is_trial":false,"path_per_floor":["M","M","?","?","?","R","E","R","T","E","M","M","R","M","R","B",null,"M","$","M","?","M","R","E","R","T","R","M","M","?","E"],"character_chosen":"DEFECT","items_purchased":["Mayhem"],"campfire_rested":3,"item_purchase_floors":[19],"current_hp_per_floor":[64,64,38,61,61,61,43,43,43,35,32,16,37,28,28,23,62,55,55,34,34,26,49,32,56,56,56,33,16,16,0],"gold":0,"neow_bonus":"RANDOM_COLORLESS","is_prod":false,"is_daily":false,"chose_seed":false,"campfire_upgraded":1,"win_rate":0,"timestamp":1557772676,"path_taken":["M","?","?","?","?","R","E","R","T","E","M","M","R","?","R","BOSS","M","$","M","?","M","R","E","R","T","R","M","M","?","E"],"build_version":"2019-01-23","purchased_purges":0,"victory":false,"max_hp_per_floor":[71,71,71,71,71,71,71,71,71,71,71,73,73,73,73,75,75,77,77,77,77,79,79,81,81,81,81,83,83,83,83],"card_choices":[{"not_picked":["Doom and Gloom","Turbo"],"picked":"Leap","floor":1.0},{"not_picked":["Heatsinks","Hologram"],"picked":"FTL","floor":2.0},{"not_picked":["Storm","Double Energy"],"picked":"Ball Lightning","floor":7.0},{"not_picked":["White Noise","Compile Driver"],"picked":"Seek","floor":10.0},{"not_picked":["Beam Cell","Static Discharge"],"picked":"Cold Snap","floor":11.0},{"not_picked":["Leap","Beam Cell","Barrage"],"picked":"Singing Bowl","floor":12.0},{"not_picked":["Leap","Stack"],"picked":"Streamline","floor":14.0},{"not_picked":["Hyperbeam","Meteor Strike","Multi-Cast"],"picked":"Singing Bowl","floor":16.0},{"not_picked":["Streamline","Steam Power","Heatsinks"],"picked":"Singing Bowl","floor":18.0},{"not_picked":["Ball Lightning","Stack"],"picked":"Sunder","floor":20.0},{"not_picked":["BootSequence","Steam Power","Storm"],"picked":"Singing Bowl","floor":22.0},{"not_picked":["Redo","Streamline+1","Rebound"],"picked":"Singing Bowl","floor":24.0},{"not_picked":["Rebound+1","Turbo","Beam Cell"],"picked":"Singing Bowl","floor":28.0},{"not_picked":["Hello World","Auto Shields"],"picked":"Sunder+1","floor":29.0}],"player_experience":683271,"relics_obtained":[{"floor":7.0,"key":"Shovel"},{"floor":8.0,"key":"Darkstone Periapt"},{"floor":9.0,"key":"Pantograph"},{"floor":10.0,"key":"Centennial Puzzle"},{"floor":15.0,"key":"Vajra"},{"floor":24.0,"key":"Matryoshka"},{"floor":26.0,"key":"Smiling Mask"},{"floor":26.0,"key":"Potion Belt"},{"floor":27.0,"key":"FossilizedHelix"}],"event_choices":[{"damage_healed":0.0,"max_hp_gain":0.0,"max_hp_loss":0.0,"gold_gain":0.0,"event_name":"Scrap Ooze","player_choice":"Success","floor":3.0,"gold_loss":0.0,"damage_taken":26.0,"relics_obtained":["Singing Bowl"]},{"damage_healed":23.0,"max_hp_gain":0.0,"max_hp_loss":0.0,"gold_gain":0.0,"event_name":"Big Fish","player_choice":"Banana","floor":4.0,"gold_loss":0.0,"damage_taken":0.0},{"damage_healed":0.0,"max_hp_gain":0.0,"max_hp_loss":0.0,"gold_gain":0.0,"event_name":"Accursed Blacksmith","player_choice":"Rummage","floor":5.0,"gold_loss":0.0,"damage_taken":0.0,"relics_obtained":["WarpedTongs"],"cards_obtained":["Pain"]},{"damage_healed":0.0,"max_hp_gain":0.0,"max_hp_loss":0.0,"gold_gain":0.0,"event_name":"Back to Basics","player_choice":"Simplicity","floor":21.0,"gold_loss":0.0,"damage_taken":0.0,"cards_upgraded":["Strike_B","Defend_B","Defend_B","Defend_B","Defend_B"]},{"damage_healed":0,"gold_gain":0,"player_choice":"Paid Fearfully","damage_taken":0,"max_hp_gain":0,"max_hp_loss":0,"event_name":"Masked Bandits","floor":30,"gold_loss":254}],"is_beta":false,"boss_relics":[{"not_picked":["Busted Crown","Calling Bell"],"picked":"Astrolabe"}],"items_purged_floors":[],"is_endless":false,"potions_floor_spawned":[1,7,10,16,22,29],"killed_by":"Book of Stabbing","ascension_level":20}