{"gold_per_floor":[117,117,127,142,158,173,173,173,219,219,254,254,11,27,27,99,99,113,131,131,149,169,169,183,183,183,200,100,129,142,152,152,152],"floor_reached":33,"playtime":1084,"items_purged":["Strike_B","Strike_B"],"score":546,"play_id":"03e7be54-1cfc-4de4-adb1-2ca4559ea47f","local_time":"20190519211850","is_ascension_mode":true,"campfire_choices":[{"data":"Streamline","floor":8.0,"key":"SMITH"},{"data":"Doom and Gloom","floor":12.0,"key":"SMITH"},{"floor":15.0,"key":"REST"},{"data":"Defragment","floor":23,"key":"SMITH"},{"floor":32,"key":"REST"}],"neow_cost":"PERCENT_DAMAGE","seed_source_timestamp":272082952048000,"circlet_count":0,"master_deck":["AscendersBane","Strike_B","Defend_B","Defend_B","Defend_B","Defend_B","Zap","Dualcast","Streamline+1","Doom and Gloom+1","Coolheaded","Self Repair","Ball Lightning","Cold Snap","Rebound","Electrodynamics","Hologram","Static Discharge","Defragment+1","Double Energy","RitualDagger","Hologram+1","Thunder Strike","Fusion+1","Storm+1"],"special_seed":0,"relics":["Cracked Core","Meat on the Bone","DataDisk","Boot","Happy Flower","Philosopher\u0027s Stone","MutagenicStrength","Sundial","The Courier"],"potions_floor_usage":[31,31,33],"damage_taken":[{"damage":12.0,"enemies":"Small Slimes","floor":1.0,"turns":5.0},{"damage":0.0,"enemies":"2 Louse","floor":3.0,"turns":1.0},{"damage":9.0,"enemies":"Jaw Worm","floor":4.0,"turns":3.0},{"damage":20.0,"enemies":"Exordium Thugs","floor":5.0,"turns":5.0},{"damage":17.0,"enemies":"Lots of Slimes","floor":6.0,"turns":3.0},{"damage":28.0,"enemies":"3 Sentries","floor":11.0,"turns":7.0},{"damage":6.0,"enemies":"2 Fungi Beasts","floor":14.0,"turns":2.0},{"damage":14,"enemies":"The Guardian","floor":16,"turns":9},{"damage":8,"enemies":"Chosen","floor":18,"turns":3},{"damage":15,"enemies":"Spheric Guardian","floor":19,"turns":4},{"damage":9,"enemies":"3 Cultists","floor":21,"turns":3},{"damage":12,"enemies":"Chosen and Byrds","floor":22,"turns":4},{"damage":15,"enemies":"Cultist and Chosen","floor":24,"turns":3},{"damage":26,"enemies":"Centurion and Healer","floor":27,"turns":4},{"damage":38,"enemies":"Gremlin Leader","floor":29,"turns":4},{"damage":17,"enemies":"Snake Plant","floor":30,"turns":3},{"damage":20,"enemies":"Snecko","floor":31,"turns":4},{"damage":56,"enemies":"Champ","floor":33,"turns":7}],"seed_played":"2069488225708928023","potions_obtained":[{"floor":5.0,"key":"FearPotion"},{"floor":11.0,"key":"Explosive Potion"},{"floor":16,"key":"FairyPotion"},{"floor":30,"key":"Poison Potion"},{"floor":31,"key":"Energy Potion"}],"is_trial":false,"path_per_floor":["M","?","M","M","M","M","?","R","T","?","E","R","$","M","R","B",null,"M","M","?","M","M","R","M","?","T","M","$","E","M","M","R","B"],"character_chosen":"DEFECT","items_purchased":["Happy Flower"],"campfire_rested":2,"item_purchase_floors":[13],"current_hp_per_floor":[48,37,49,52,44,39,39,39,39,32,23,23,23,29,54,59,79,71,63,63,54,54,54,58,52,52,38,38,27,22,21,46,0],"gold":152,"neow_bonus":"TWENTY_PERCENT_HP_BONUS","is_prod":false,"is_daily":false,"chose_seed":false,"campfire_upgraded":3,"win_rate":0,"timestamp":1558297130,"path_taken":["M","?","M","M","M","M","?","R","T","?","E","R","$","M","R","BOSS","M","M","?","M","M","R","M","?","T","?","?","E","?","M","R","BOSS"],"build_version":"2019-01-23","purchased_purges":2,"victory":false,"max_hp_per_floor":[85,85,85,85,85,85,85,85,85,85,85,85,85,85,85,85,85,85,85,85,85,85,85,85,85,85,85,85,85,85,85,85,85],"card_choices":[{"not_picked":["Go for the Eyes","Compile Driver"],"picked":"Streamline","floor":1.0},{"not_picked":["Storm","Cold Snap"],"picked":"Doom and Gloom","floor":3.0},{"not_picked":["Turbo","Auto Shields"],"picked":"Coolheaded","floor":4.0},{"not_picked":["Auto Shields","Skim"],"picked":"Self Repair","floor":5.0},{"not_picked":["Streamline","Beam Cell"],"picked":"Ball Lightning","floor":6.0},{"not_picked":["Self Repair","Biased Cognition"],"picked":"Cold Snap","floor":11.0},{"not_picked":["Turbo","Conserve Battery"],"picked":"Rebound","floor":14.0},{"not_picked":["Meteor Strike","Biased Cognition"],"picked":"Electrodynamics","floor":16},{"not_picked":["Streamline","Stack"],"picked":"Hologram","floor":18},{"not_picked":["Steam Power","Sweeping Beam"],"picked":"Static Discharge","floor":19},{"not_picked":["Streamline","Loop+1"],"picked":"Defragment","floor":21},{"not_picked":["Turbo+1","Coolheaded"],"picked":"Double Energy","floor":22},{"not_picked":["Cold Snap","Melter","Lockon"],"picked":"SKIP","floor":24},{"not_picked":["Stack","Steam"],"picked":"Hologram+1","floor":27},{"not_picked":["Tempest","Stack"],"picked":"Thunder Strike","floor":29},{"not_picked":["Hologram","Rip and Tear"],"picked":"Fusion+1","floor":30},{"not_picked":["Sweeping Beam","Streamline+1"],"picked":"Storm+1","floor":31}],"player_experience":1365631,"relics_obtained":[{"floor":9.0,"key":"DataDisk"},{"floor":11.0,"key":"Boot"},{"floor":26,"key":"Sundial"},{"floor":29,"key":"The Courier"}],"event_choices":[{"damage_healed":0.0,"max_hp_gain":0.0,"max_hp_loss":0.0,"gold_gain":0.0,"event_name":"Scrap Ooze","player_choice":"Success","floor":2.0,"gold_loss":0.0,"damage_taken":11.0,"relics_obtained":["Meat on the Bone"]},{"damage_healed":0.0,"max_hp_gain":0.0,"max_hp_loss":0.0,"gold_gain":0.0,"event_name":"Liars Game","player_choice":"Ignored","floor":7.0,"gold_loss":0.0,"damage_taken":0.0},{"cards_removed":["Strike_B"],"damage_healed":0.0,"max_hp_gain":0.0,"max_hp_loss":0.0,"gold_gain":0.0,"event_name":"Golden Wing","player_choice":"Card Removal","floor":10.0,"gold_loss":0.0,"damage_taken":7.0},{"damage_healed":0,"gold_gain":0,"player_choice":"Inject Mutagens","damage_taken":0,"relics_obtained":["MutagenicStrength"],"max_hp_gain":0,"max_hp_loss":0,"event_name":"Drug Dealer","floor":20,"gold_loss":0},{"damage_healed":0,"gold_gain":0,"player_choice":"Joined the Cult","damage_taken":6,"max_hp_gain":0,"max_hp_loss":0,"event_name":"Nest","floor":25,"gold_loss":0,"cards_obtained":["RitualDagger"]}],"is_beta":false,"boss_relics":[{"not_picked":["White Beast Statue","Tiny House"],"picked":"Philosopher\u0027s Stone"}],"items_purged_floors":[13,28],"is_endless":false,"potions_floor_spawned":[5,11,16,21,24,30,31],"killed_by":"Champ","ascension_level":20}