{"gold_per_floor":[111,111,131,56,56,56,76,76,103,203,218,229,242,277,277,374,374,385,385,485,502,502,502,513,169,196,208,243,257,274,294,294,392,392,412,412,93,103,103,137,153,173,173,23,34,64,64,75,75,75],"floor_reached":51,"playtime":1532,"items_purged":["Strike_R","Strike_R","Shame","Pain"],"score":818,"play_id":"90734f0a-4d2d-40a8-9871-d122b3fdf644","local_time":"20190628143238","is_ascension_mode":true,"campfire_choices":[{"data":"Bash","floor":6,"key":"SMITH"},{"data":"Whirlwind","floor":8,"key":"SMITH"},{"floor":15,"key":"REST"},{"data":"Double Tap","floor":23,"key":"SMITH"},{"data":"Armaments","floor":32,"key":"SMITH"},{"floor":47,"key":"REST"},{"floor":49,"key":"REST"}],"neow_cost":"NONE","seed_source_timestamp":63810835763529,"circlet_count":0,"master_deck":["Strike_R","Strike_R","Strike_R","Defend_R","Defend_R","Defend_R","Defend_R","Bash+1","Body Slam+1","Shrug It Off","Whirlwind+1","Body Slam","Shrug It Off","Intimidate","Double Tap+1","Armaments+1","Necronomicurse","Inflame","Shockwave","Barricade","Madness","Madness","Injury","Parasite"],"relics":["Burning Blood","Red Skull","Dodecahedron","Cursed Key","Necronomicon","Gambling Chip","Paper Frog","MutagenicStrength","Pear","Bronze Scales","Pen Nib","Busted Crown","Chemical X","WarpedTongs","Letter Opener","Mummified Hand","FossilizedHelix"],"potions_floor_usage":[2,16,20,20,20,33,50,50],"damage_taken":[{"damage":7,"enemies":"Cultist","floor":1,"turns":5},{"damage":0,"enemies":"Small Slimes","floor":3,"turns":3},{"damage":3,"enemies":"2 Louse","floor":7,"turns":2},{"damage":16,"enemies":"Exordium Wildlife","floor":11,"turns":6},{"damage":4,"enemies":"2 Fungi Beasts","floor":12,"turns":4},{"damage":11,"enemies":"Red Slaver","floor":13,"turns":3},{"damage":30,"enemies":"Lagavulin","floor":14,"turns":8},{"damage":17,"enemies":"The Guardian","floor":16,"turns":17},{"damage":14,"enemies":"2 Thieves","floor":18,"turns":3},{"damage":0,"enemies":"Colosseum Slavers","floor":20,"turns":2},{"damage":0,"enemies":"Colosseum Nobs","floor":20,"turns":2},{"damage":0,"enemies":"3 Byrds","floor":21,"turns":2},{"damage":15,"enemies":"Snake Plant","floor":24,"turns":2},{"damage":0,"enemies":"Centurion and Healer","floor":27,"turns":1},{"damage":14,"enemies":"Slavers","floor":28,"turns":3},{"damage":0,"enemies":"3 Cultists","floor":29,"turns":2},{"damage":6,"enemies":"Chosen and Byrds","floor":30,"turns":3},{"damage":7,"enemies":"Snake Plant","floor":31,"turns":2},{"damage":37,"enemies":"Automaton","floor":33,"turns":8},{"damage":0,"enemies":"3 Darklings","floor":35,"turns":5},{"damage":2,"enemies":"Orb Walker","floor":38,"turns":2},{"damage":0,"enemies":"Reptomancer","floor":40,"turns":1},{"damage":51,"enemies":"4 Shapes","floor":41,"turns":4},{"damage":1,"enemies":"Transient","floor":42,"turns":5},{"damage":5,"enemies":"Jaw Worm Horde","floor":45,"turns":2},{"damage":9,"enemies":"Nemesis","floor":46,"turns":3},{"damage":26,"enemies":"Writhing Mass","floor":48,"turns":4},{"damage":21,"enemies":"Donu and Deca","floor":50,"turns":4}],"seed_played":"-5543572978181021036","potions_obtained":[{"floor":2,"key":"Fruit Juice"},{"floor":2,"key":"Weak Potion"},{"floor":2,"key":"Ancient Potion"},{"floor":3,"key":"Energy Potion"},{"floor":18,"key":"SkillPotion"},{"floor":20,"key":"BloodPotion"},{"floor":30,"key":"SteroidPotion"},{"floor":31,"key":"FearPotion"},{"floor":38,"key":"Block Potion"}],"is_trial":false,"path_per_floor":["M","?","M","$","?","R","M","R","T","?","M","M","M","E","R","B",null,"M","?","?","M","?","R","M","$","T","M","E","M","M","M","R","B",null,"M","?","$","M","?","E","M","M","T","$","M","E","R","M","R","B",null],"character_chosen":"IRONCLAD","items_purchased":["Pear","Chemical X"],"campfire_rested":3,"item_purchase_floors":[25,37],"current_hp_per_floor":[87,92,93,93,93,93,93,93,93,93,83,85,80,56,83,72,93,85,69,81,87,87,87,78,88,88,94,86,92,92,91,91,70,103,103,90,90,94,94,100,55,60,60,60,61,58,88,68,98,83],"gold":75,"neow_bonus":"TEN_PERCENT_HP_BONUS","is_prod":false,"is_daily":false,"chose_seed":false,"campfire_upgraded":4,"win_rate":0,"timestamp":1561757558,"path_taken":["M","?","?","$","?","R","M","R","T","?","M","M","M","E","R","BOSS","M","?","?","M","?","R","M","$","T","M","E","M","M","M","R","BOSS","M","?","$","M","?","E","?","M","T","?","M","E","R","M","R","BOSS"],"build_version":"2019-01-23","purchased_purges":4,"victory":true,"max_hp_per_floor":[88,93,93,93,93,93,93,93,93,93,93,93,93,93,93,93,93,93,93,93,93,93,93,93,103,103,103,103,103,103,103,103,103,103,103,103,103,103,103,103,103,103,103,103,103,103,103,103,103,103],"card_choices":[{"not_picked":["Flex","Reckless Charge"],"picked":"Body Slam","floor":1},{"not_picked":["Ghostly Armor","Dual Wield"],"picked":"Shrug It Off","floor":3},{"not_picked":["Armaments","Intimidate"],"picked":"Whirlwind","floor":7},{"not_picked":["Havoc","Seeing Red"],"picked":"Body Slam","floor":11},{"not_picked":["Uppercut","Heavy Blade"],"picked":"Shrug It Off","floor":12},{"not_picked":["Infernal Blade","Whirlwind","Heavy Blade"],"picked":"SKIP","floor":13},{"not_picked":["Carnage","Heavy Blade"],"picked":"Intimidate","floor":14},{"not_picked":["Immolate","Reaper"],"picked":"Double Tap","floor":16},{"not_picked":["Burning Pact","Evolve"],"picked":"Armaments","floor":18},{"not_picked":["Evolve+1","True Grit+1","Havoc+1"],"picked":"SKIP","floor":21},{"not_picked":["Metallicize","True Grit","Havoc"],"picked":"SKIP","floor":24},{"not_picked":["Twin Strike","Body Slam","Perfected Strike"],"picked":"SKIP","floor":27},{"not_picked":["Reckless Charge","Thunderclap"],"picked":"Inflame","floor":28},{"not_picked":["Twin Strike","Sword Boomerang"],"picked":"Shockwave","floor":29},{"not_picked":["Twin Strike","Corruption","Uppercut"],"picked":"SKIP","floor":30},{"not_picked":["Wild Strike","Clothesline","Ghostly Armor"],"picked":"SKIP","floor":31},{"not_picked":["Berserk","Juggernaut"],"picked":"Barricade","floor":33},{"not_picked":["Dual Wield+1"],"picked":"SKIP","floor":35},{"not_picked":["Armaments"],"picked":"SKIP","floor":38},{"not_picked":["Clash+1"],"picked":"SKIP","floor":40},{"not_picked":["True Grit+1"],"picked":"SKIP","floor":41},{"not_picked":["Havoc"],"picked":"SKIP","floor":42},{"not_picked":["Cleave+1"],"picked":"SKIP","floor":45},{"not_picked":["Rampage+1"],"picked":"SKIP","floor":46},{"not_picked":["Cleave+1"],"picked":"SKIP","floor":48}],"player_experience":260521,"relics_obtained":[{"floor":9,"key":"Red Skull"},{"floor":14,"key":"Dodecahedron"},{"floor":19,"key":"Necronomicon"},{"floor":20,"key":"Gambling Chip"},{"floor":20,"key":"Paper Frog"},{"floor":26,"key":"Bronze Scales"},{"floor":28,"key":"Pen Nib"},{"floor":40,"key":"Letter Opener"},{"floor":43,"key":"Mummified Hand"},{"floor":46,"key":"FossilizedHelix"}],"event_choices":[{"damage_healed":0,"gold_gain":0,"player_choice":"Got Potions","damage_taken":0,"max_hp_gain":0,"max_hp_loss":0,"event_name":"Lab","floor":2,"gold_loss":0},{"damage_healed":0,"gold_gain":0,"player_choice":"Grow","damage_taken":0,"max_hp_gain":0,"max_hp_loss":0,"event_name":"Living Wall","floor":5,"gold_loss":0,"cards_upgraded":["Body Slam"]},{"damage_healed":0,"gold_gain":100,"player_choice":"Gold","damage_taken":0,"max_hp_gain":0,"max_hp_loss":0,"event_name":"Wheel of Change","floor":10,"gold_loss":0},{"damage_healed":0,"gold_gain":0,"player_choice":"Obtained Book","damage_taken":16,"max_hp_gain":0,"max_hp_loss":0,"event_name":"Cursed Tome","floor":19,"gold_loss":0},{"damage_healed":0,"gold_gain":0,"player_choice":"Fight","damage_taken":0,"max_hp_gain":0,"max_hp_loss":0,"event_name":"Colosseum","floor":20,"gold_loss":0},{"damage_healed":0,"gold_gain":0,"player_choice":"Fought Nobs","damage_taken":0,"max_hp_gain":0,"max_hp_loss":0,"event_name":"Colosseum","floor":20,"gold_loss":0},{"damage_healed":0,"gold_gain":0,"player_choice":"Inject Mutagens","damage_taken":0,"relics_obtained":["MutagenicStrength"],"max_hp_gain":0,"max_hp_loss":0,"event_name":"Drug Dealer","floor":22,"gold_loss":0},{"damage_healed":0,"gold_gain":0,"player_choice":"Embrace Madness","damage_taken":13,"max_hp_gain":0,"max_hp_loss":0,"event_name":"Winding Halls","floor":36,"gold_loss":0,"cards_obtained":["Madness","Madness"]},{"damage_healed":0,"gold_gain":0,"player_choice":"Rummage","damage_taken":0,"relics_obtained":["WarpedTongs"],"max_hp_gain":0,"max_hp_loss":0,"event_name":"Accursed Blacksmith","floor":39,"gold_loss":0,"cards_obtained":["Pain"]}],"is_beta":false,"boss_relics":[{"not_picked":["Tiny House","Orrery"],"picked":"Cursed Key"},{"not_picked":["Fusion Hammer","Runic Pyramid"],"picked":"Busted Crown"}],"items_purged_floors":[4,25,37,44],"is_endless":false,"potions_floor_spawned":[3,13,18,20,20,30,31,38,42,45,48],"ascension_level":1}