{"gold_per_floor":[114,114,114,114,29,29,58,58,58,85,114,114,134,134,134,134],"floor_reached":16,"playtime":277,"items_purged":[],"score":258,"play_id":"6b0b004e-6003-48c3-bfa3-090bd1f5cd69","local_time":"20190621172502","is_ascension_mode":true,"campfire_choices":[{"data":"Whirlwind","floor":8.0,"key":"SMITH"},{"data":"Rampage","floor":15,"key":"SMITH"}],"neow_cost":"NONE","seed_source_timestamp":4770455645796780,"circlet_count":0,"master_deck":["AscendersBane","Strike_R","Strike_R","Strike_R","Strike_R","Strike_R","Defend_R","Defend_R","Defend_R","Defend_R","Bash+1","Whirlwind+1","Thunderclap","Rampage+1","Feed","Flame Barrier"],"special_seed":0,"relics":["Burning Blood","NeowsBlessing","Ornamental Fan","Strawberry","Odd Mushroom","Omamori"],"potions_floor_usage":[16,16],"damage_taken":[{"damage":0.0,"enemies":"Jaw Worm","floor":1.0,"turns":1.0},{"damage":0.0,"enemies":"Gremlin Nob","floor":7.0,"turns":1.0},{"damage":0.0,"enemies":"The Mushroom Lair","floor":10.0,"turns":2.0},{"damage":61.0,"enemies":"3 Sentries","floor":11.0,"turns":8.0},{"damage":2,"enemies":"2 Louse","floor":13,"turns":3},{"damage":34,"enemies":"Hexaghost","floor":16,"turns":9}],"seed_played":"2489438599921857819","potions_obtained":[{"floor":7.0,"key":"Weak Potion"},{"floor":11.0,"key":"Weak Potion"}],"is_trial":false,"path_per_floor":["M","?","$","?","$","?","E","R","T","?","E","?","M","T","R","B"],"character_chosen":"IRONCLAD","items_purchased":["Whirlwind"],"campfire_rested":0,"item_purchase_floors":[5],"current_hp_per_floor":[74,74,74,74,74,74,75,75,82,82,27,27,34,34,34,0],"gold":134,"neow_bonus":"THREE_ENEMY_KILL","is_prod":false,"is_daily":false,"chose_seed":false,"campfire_upgraded":2,"win_rate":0,"timestamp":1561152302,"path_taken":["M","?","$","?","$","?","E","R","T","?","E","?","M","?","R","BOSS"],"build_version":"2019-01-23","purchased_purges":0,"victory":false,"max_hp_per_floor":[75,75,75,75,75,75,75,75,82,82,82,82,85,85,85,85],"card_choices":[{"not_picked":["Warcry","Reckless Charge","Bloodletting"],"picked":"SKIP","floor":1.0},{"not_picked":["Havoc","Heavy Blade"],"picked":"Thunderclap","floor":7.0},{"not_picked":["Cleave","Burning Pact"],"picked":"Rampage","floor":10.0},{"not_picked":["Clash","Limit Break"],"picked":"Feed","floor":11.0},{"not_picked":["Power Through","Headbutt"],"picked":"Flame Barrier","floor":13}],"player_experience":769729,"relics_obtained":[{"floor":7.0,"key":"Ornamental Fan"},{"floor":9.0,"key":"Strawberry"},{"floor":10.0,"key":"Odd Mushroom"},{"floor":11.0,"key":"Omamori"}],"event_choices":[{"damage_healed":0.0,"max_hp_gain":0.0,"max_hp_loss":0.0,"gold_gain":0.0,"event_name":"Liars Game","player_choice":"Ignored","floor":2.0,"gold_loss":0.0,"damage_taken":0.0},{"damage_healed":0.0,"max_hp_gain":0.0,"max_hp_loss":0.0,"gold_gain":0.0,"event_name":"Living Wall","player_choice":"Grow","floor":4.0,"gold_loss":0.0,"damage_taken":0.0,"cards_upgraded":["Bash"]},{"damage_healed":0.0,"max_hp_gain":0.0,"max_hp_loss":0.0,"gold_gain":0.0,"event_name":"The Cleric","player_choice":"Leave","floor":6.0,"gold_loss":0.0,"damage_taken":0.0},{"damage_healed":0.0,"max_hp_gain":0.0,"max_hp_loss":0.0,"gold_gain":0.0,"event_name":"Mushrooms","player_choice":"Fought Mushrooms","floor":10.0,"gold_loss":0.0,"damage_taken":0.0},{"damage_healed":0,"gold_gain":0,"player_choice":"Fled","damage_taken":0,"max_hp_gain":0,"max_hp_loss":0,"event_name":"Scrap Ooze","floor":12,"gold_loss":0}],"is_beta":false,"boss_relics":[],"items_purged_floors":[],"is_endless":false,"potions_floor_spawned":[7,11],"killed_by":"Hexaghost","ascension_level":20}