{"gold_per_floor":[110,128,71,71,71,104,104,130,130,130,145,156,167,195,195,269,269,169,169,169,16,16,16,16,16,16,16,16,16,16,16,16,16,16,16,16,16,16,16,16,16,16,16,16,16,16,16,16,16,16,16,16,16,16,16,16],"floor_reached":57,"playtime":2829,"items_purged":["Strike_G"],"score":2890,"play_id":"61fdafce-9ca3-4bae-973d-914ac9388eba","local_time":"20190630155546","is_ascension_mode":true,"campfire_choices":[{"data":"Blur","floor":7.0,"key":"SMITH"},{"floor":10.0,"key":"REST"},{"data":"Caltrops","floor":15.0,"key":"SMITH"},{"data":"A Thousand Cuts","floor":23.0,"key":"SMITH"},{"floor":30.0,"key":"REST"},{"data":"Wraith Form v2","floor":32.0,"key":"SMITH"},{"data":"Caltrops","floor":40.0,"key":"SMITH"},{"floor":44.0,"key":"RECALL"},{"floor":46.0,"key":"REST"},{"floor":49.0,"key":"REST"},{"data":"Survivor","floor":53.0,"key":"SMITH"}],"neow_cost":"NONE","seed_source_timestamp":16005105036100,"circlet_count":0,"master_deck":["AscendersBane","Defend_G+1","Defend_G+1","Defend_G+1","Defend_G+1","Defend_G+1","Strike_G+1","Strike_G+1","Strike_G+1","Strike_G+1","Survivor+1","Neutralize+1","Flying Knee","Blur+1","Quick Slash","Backflip+1","Blur+1","Masterful Stab+1","Burst+1","Dodge and Roll+1","Caltrops+1","A Thousand Cuts+1","Blade Dance+1","Cloak And Dagger+1","Malaise+1","Distraction+1","Wraith Form v2+1","Backflip+1","Caltrops+1","Outmaneuver+1","Bullet Time+1","Riddle With Holes+1","Backflip+1","Blade Dance+1","Wraith Form v2+1","Bouncing Flask+1","Catalyst+1","PiercingWail+1","Distraction+1"],"special_seed":0,"relics":["Ring of the Serpent","NeowsBlessing","Toxic Egg 2","Bag of Marbles","Shuriken","Potion Belt","Ice Cream","Ectoplasm","Enchiridion","Whetstone","Blue Candle","Lantern","FossilizedHelix","Bag of Preparation","Dodecahedron","Letter Opener"],"potions_floor_usage":[56,56,56,56],"damage_taken":[{"damage":0.0,"enemies":"Cultist","floor":1.0,"turns":1.0},{"damage":0.0,"enemies":"Small Slimes","floor":2.0,"turns":1.0},{"damage":0.0,"enemies":"Lagavulin","floor":6.0,"turns":1.0},{"damage":36.0,"enemies":"Gremlin Nob","floor":8.0,"turns":5.0},{"damage":0.0,"enemies":"2 Louse","floor":11.0,"turns":4.0},{"damage":0.0,"enemies":"Red Slaver","floor":12.0,"turns":5.0},{"damage":0.0,"enemies":"3 Louse","floor":13.0,"turns":4.0},{"damage":14.0,"enemies":"Lagavulin","floor":14.0,"turns":9.0},{"damage":11.0,"enemies":"Hexaghost","floor":16.0,"turns":11.0},{"damage":0.0,"enemies":"2 Thieves","floor":18.0,"turns":4.0},{"damage":0.0,"enemies":"3 Byrds","floor":19.0,"turns":3.0},{"damage":6.0,"enemies":"3 Cultists","floor":22.0,"turns":4.0},{"damage":6.0,"enemies":"Slavers","floor":24.0,"turns":5.0},{"damage":0.0,"enemies":"Snecko","floor":28.0,"turns":5.0},{"damage":0.0,"enemies":"Centurion and Healer","floor":29.0,"turns":7.0},{"damage":7.0,"enemies":"Book of Stabbing","floor":31.0,"turns":4.0},{"damage":10.0,"enemies":"Automaton","floor":33.0,"turns":9.0},{"damage":2.0,"enemies":"3 Darklings","floor":35.0,"turns":3.0},{"damage":0.0,"enemies":"Mind Bloom Boss Battle","floor":36.0,"turns":7.0},{"damage":0.0,"enemies":"3 Shapes","floor":37.0,"turns":3.0},{"damage":0.0,"enemies":"Writhing Mass","floor":39.0,"turns":7.0},{"damage":0.0,"enemies":"Reptomancer","floor":41.0,"turns":6.0},{"damage":0.0,"enemies":"Transient","floor":45.0,"turns":6.0},{"damage":4.0,"enemies":"Nemesis","floor":47.0,"turns":7.0},{"damage":0.0,"enemies":"Sphere and 2 Shapes","floor":48.0,"turns":4.0},{"damage":14.0,"enemies":"Donu and Deca","floor":50.0,"turns":9.0},{"damage":1.0,"enemies":"Time Eater","floor":51.0,"turns":11.0},{"damage":0.0,"enemies":"Shield and Spear","floor":55.0,"turns":8.0},{"damage":11,"enemies":"The Heart","floor":56,"turns":9}],"seed_played":"1375379415324420859","potions_obtained":[{"floor":1.0,"key":"EssenceOfSteel"},{"floor":11.0,"key":"Block Potion"},{"floor":12.0,"key":"Strength Potion"},{"floor":16.0,"key":"FearPotion"},{"floor":24.0,"key":"EssenceOfSteel"},{"floor":29.0,"key":"GhostInAJar"},{"floor":33.0,"key":"EssenceOfSteel"}],"is_trial":false,"path_per_floor":["M","M","$","?","?","E","R","E","T","R","M","M","M","E","R","B",null,"M","M","?","$","M","R","E","?","T","?","M","M","R","E","R","B",null,"M","?","M","?","M","R","E","?","T","R","M","R","E","M","R","B","B",null,"R","$","E","B",null],"character_chosen":"THE_SILENT","items_purchased":["Quick Slash","Malaise+1"],"campfire_rested":4,"item_purchase_floors":[3,21],"current_hp_per_floor":[59,59,59,59,59,59,59,23,23,42,42,42,42,28,28,17,54,54,54,33,33,27,27,21,21,21,21,21,21,40,33,33,23,55,53,53,53,53,53,53,53,53,53,53,53,63,59,59,63,49,48,59,59,59,59,48],"gold":16,"neow_bonus":"THREE_ENEMY_KILL","is_prod":false,"is_daily":false,"chose_seed":false,"campfire_upgraded":6,"win_rate":0,"timestamp":1561906546,"path_taken":["M","?","$","?","?","E","R","E","T","R","M","M","?","E","R","BOSS","M","M","?","$","M","R","E","?","T","?","M","M","R","E","R","BOSS","M","?","M","?","?","R","E","?","T","R","M","R","E","M","R","BOSS","BOSS","R","$","E","BOSS"],"build_version":"2019-01-23","purchased_purges":1,"victory":true,"max_hp_per_floor":[66,66,66,66,66,66,66,66,66,66,66,66,66,66,66,66,66,66,66,66,66,66,66,66,66,66,66,66,66,66,66,66,66,66,66,66,66,66,66,66,66,63,63,63,63,63,63,63,63,63,63,63,63,63,63,63],"card_choices":[{"not_picked":["Setup","Underhanded Strike"],"picked":"Flying Knee","floor":1.0},{"not_picked":["Reflex","Prepared"],"picked":"Blur","floor":2.0},{"not_picked":["Expertise+1","Slice"],"picked":"Backflip+1","floor":6.0},{"not_picked":["Flying Knee","Noxious Fumes"],"picked":"Blur+1","floor":8.0},{"not_picked":["Concentrate+1","Acrobatics+1"],"picked":"Masterful Stab","floor":11.0},{"not_picked":["Dodge and Roll+1","Blur+1"],"picked":"Burst+1","floor":12.0},{"not_picked":["Blur+1","Acrobatics+1"],"picked":"Dodge and Roll+1","floor":13.0},{"not_picked":["Tactician+1","Blur+1"],"picked":"Caltrops","floor":14.0},{"not_picked":["Night Terror+1","Wraith Form v2"],"picked":"A Thousand Cuts","floor":16.0},{"not_picked":["Masterful Stab","Calculated Gamble+1"],"picked":"Blade Dance+1","floor":18.0},{"not_picked":["Dagger Spray+1","Prepared+1"],"picked":"Cloak And Dagger+1","floor":19.0},{"not_picked":["Prepared+1","Dodge and Roll+1"],"picked":"Distraction+1","floor":22.0},{"not_picked":["Underhanded Strike","Dagger Throw"],"picked":"Wraith Form v2","floor":24.0},{"not_picked":["Bouncing Flask+1","Deadly Poison+1"],"picked":"Backflip+1","floor":28.0},{"not_picked":["Outmaneuver+1","Dodge and Roll+1"],"picked":"Caltrops","floor":29.0},{"not_picked":["Sucker Punch","Dodge and Roll+1"],"picked":"Outmaneuver+1","floor":31.0},{"not_picked":["Die Die Die","Glass Knife"],"picked":"Bullet Time+1","floor":33.0},{"not_picked":["Dagger Spray","Tactician+1"],"picked":"Riddle With Holes+1","floor":35.0},{"not_picked":["Deflect+1","Flying Knee+1"],"picked":"Backflip+1","floor":36.0},{"not_picked":["Expertise+1","Skewer+1"],"picked":"Blade Dance+1","floor":37.0},{"not_picked":["Dash+1","Cloak And Dagger+1"],"picked":"Bouncing Flask+1","floor":39.0},{"not_picked":["Dash","Outmaneuver+1"],"picked":"Catalyst+1","floor":41.0},{"not_picked":["Underhanded Strike","Masterful Stab"],"picked":"PiercingWail+1","floor":45.0},{"not_picked":["Glass Knife","Sucker Punch","Finisher"],"picked":"SKIP","floor":47.0},{"not_picked":["Dodge and Roll+1","Dagger Throw"],"picked":"Distraction+1","floor":48.0},{"not_picked":["Prepared+1","Masterful Stab","Concentrate+1"],"picked":"SKIP","floor":55.0}],"player_experience":1503804,"relics_obtained":[{"floor":5.0,"key":"Toxic Egg 2"},{"floor":6.0,"key":"Bag of Marbles"},{"floor":8.0,"key":"Shuriken"},{"floor":9.0,"key":"Potion Belt"},{"floor":14.0,"key":"Ice Cream"},{"floor":20.0,"key":"Enchiridion"},{"floor":24.0,"key":"Whetstone"},{"floor":26.0,"key":"Blue Candle"},{"floor":31.0,"key":"Lantern"},{"floor":36.0,"key":"FossilizedHelix"},{"floor":41.0,"key":"Bag of Preparation"},{"floor":47.0,"key":"Dodecahedron"},{"floor":55.0,"key":"Letter Opener"}],"event_choices":[{"damage_healed":0.0,"max_hp_gain":0.0,"max_hp_loss":0.0,"gold_gain":0.0,"event_name":"Living Wall","player_choice":"Grow","floor":4.0,"gold_loss":0.0,"damage_taken":0.0,"cards_upgraded":["Neutralize"]},{"damage_healed":0.0,"max_hp_gain":0.0,"max_hp_loss":0.0,"gold_gain":0.0,"event_name":"Wheel of Change","player_choice":"Relic","floor":5.0,"gold_loss":0.0,"damage_taken":0.0},{"damage_healed":0.0,"max_hp_gain":0.0,"max_hp_loss":0.0,"gold_gain":0.0,"event_name":"Cursed Tome","player_choice":"Obtained Book","floor":20.0,"gold_loss":0.0,"damage_taken":21.0},{"damage_healed":0.0,"max_hp_gain":0.0,"max_hp_loss":0.0,"gold_gain":0.0,"event_name":"Back to Basics","player_choice":"Simplicity","floor":25.0,"gold_loss":0.0,"damage_taken":0.0,"cards_upgraded":["Defend_G","Defend_G","Defend_G","Defend_G","Defend_G","Strike_G","Strike_G","Strike_G"]},{"damage_healed":0.0,"max_hp_gain":0.0,"max_hp_loss":0.0,"gold_gain":0.0,"event_name":"Beggar","player_choice":"Ignored","floor":27.0,"gold_loss":0.0,"damage_taken":0.0},{"damage_healed":0.0,"max_hp_gain":0.0,"max_hp_loss":0.0,"gold_gain":0.0,"event_name":"MindBloom","player_choice":"Fight","floor":36.0,"gold_loss":0.0,"damage_taken":0.0},{"damage_healed":0.0,"max_hp_gain":0.0,"max_hp_loss":0.0,"gold_gain":0.0,"event_name":"Duplicator","player_choice":"Copied","floor":38.0,"gold_loss":0.0,"damage_taken":0.0,"cards_obtained":["Wraith Form v2"]},{"damage_healed":0.0,"max_hp_gain":0.0,"max_hp_loss":3.0,"gold_gain":0.0,"event_name":"Winding Halls","player_choice":"Max HP","floor":42.0,"gold_loss":0.0,"damage_taken":0.0}],"is_beta":false,"boss_relics":[{"not_picked":["Runic Dome","Orrery"],"picked":"Ectoplasm"},{"not_picked":["Snecko Eye","Pandora\u0027s Box"],"picked":"Ring of the Serpent"}],"items_purged_floors":[21],"is_endless":false,"potions_floor_spawned":[1,11,12,16,24,28,29,33,36,37,48],"ascension_level":20}