{"gold_per_floor":[210,19,19,19,19,48,48,67,115,115,40,57,57,57,57,57],"floor_reached":16,"playtime":294,"items_purged":["Strike_R"],"score":134,"play_id":"4f335a3e-fcdc-41f0-b3f6-0beaeaf57e03","local_time":"20181218192551","is_ascension_mode":true,"campfire_choices":[{"floor":10.0,"key":"REST"},{"data":"Bash","floor":13.0,"key":"SMITH"},{"data":"Whirlwind","floor":15,"key":"SMITH"}],"neow_cost":"NONE","seed_source_timestamp":0,"circlet_count":0,"master_deck":["Strike_R","Strike_R","Defend_R","Defend_R","Defend_R","Defend_R","Bash+1","Whirlwind+1","Iron Wave","Body Slam","Wild Strike","Flex","Thunderclap"],"special_seed":0,"relics":["Burning Blood","Bag of Marbles","Juzu Bracelet","Anchor","Regal Pillow"],"potions_floor_usage":[16],"damage_taken":[{"damage":7.0,"enemies":"Jaw Worm","floor":1.0,"turns":5.0},{"damage":62.0,"enemies":"Lagavulin","floor":6.0,"turns":7.0},{"damage":0.0,"enemies":"Small Slimes","floor":8.0,"turns":2.0},{"damage":0.0,"enemies":"Cultist","floor":12.0,"turns":2.0},{"damage":66,"enemies":"Hexaghost","floor":16,"turns":9}],"seed_played":"2072796881404534358","potions_obtained":[{"floor":6.0,"key":"Swift Potion"},{"floor":8.0,"key":"SteroidPotion"}],"is_trial":false,"path_per_floor":["M","$","?","?","?","E","?","M","T","R","$","M","R","$","R","B"],"character_chosen":"IRONCLAD","items_purchased":["Bag of Marbles","Iron Wave"],"campfire_rested":1,"item_purchase_floors":[2,2],"current_hp_per_floor":[71,71,76,69,69,13,10,16,16,56,56,62,62,62,62,0],"gold":57,"neow_bonus":"HUNDRED_GOLD","is_prod":false,"is_daily":false,"chose_seed":false,"campfire_upgraded":2,"win_rate":0,"timestamp":1545179151,"path_taken":["M","$","?","?","?","E","?","M","T","R","$","M","R","$","R","BOSS"],"build_version":"2018-12-13","purchased_purges":1,"victory":false,"max_hp_per_floor":[80,80,85,85,85,85,85,85,85,85,85,85,85,85,85,85],"card_choices":[{"not_picked":["Iron Wave","Power Through"],"picked":"Whirlwind","floor":1.0},{"not_picked":["Dual Wield","Perfected Strike"],"picked":"Wild Strike","floor":6.0},{"not_picked":["Thunderclap","Anger"],"picked":"Flex","floor":8.0},{"not_picked":["Clash","Barricade"],"picked":"Thunderclap","floor":12.0}],"player_experience":522006,"relics_obtained":[{"floor":6.0,"key":"Juzu Bracelet"},{"floor":9.0,"key":"Regal Pillow"}],"event_choices":[{"damage_healed":0.0,"max_hp_gain":5.0,"max_hp_loss":0.0,"gold_gain":0.0,"event_name":"Big Fish","player_choice":"Donut","floor":3.0,"gold_loss":0.0,"damage_taken":0.0},{"cards_removed":["Strike_R"],"damage_healed":0.0,"max_hp_gain":0.0,"max_hp_loss":0.0,"gold_gain":0.0,"event_name":"Golden Wing","player_choice":"Card Removal","floor":4.0,"gold_loss":0.0,"damage_taken":7.0},{"damage_healed":0.0,"max_hp_gain":0.0,"max_hp_loss":0.0,"gold_gain":0.0,"cards_transformed":["Strike_R"],"event_name":"Transmorgrifier","player_choice":"Transformed","floor":5.0,"gold_loss":0.0,"damage_taken":0.0,"cards_obtained":["Body Slam"]},{"damage_healed":0.0,"max_hp_gain":0.0,"max_hp_loss":0.0,"gold_gain":0.0,"event_name":"Scrap Ooze","player_choice":"Success","floor":7.0,"gold_loss":0.0,"damage_taken":3.0,"relics_obtained":["Anchor"]}],"is_beta":false,"boss_relics":[],"items_purged_floors":[11],"is_endless":false,"potions_floor_spawned":[6,8],"killed_by":"Hexaghost","ascension_level":8}