{"gold_per_floor":[115,127,127,127,127,159,159,186,186,186,17,17,17,0,0,71,71,71],"floor_reached":18,"playtime":395,"items_purged":[],"score":378,"play_id":"79545e2c-5ca3-4b13-9501-b6c45a5a914a","local_time":"20190615200400","is_ascension_mode":true,"campfire_choices":[{"data":"Skewer","floor":7,"key":"SMITH"},{"floor":10,"key":"REST"},{"data":"Envenom","floor":12,"key":"SMITH"},{"data":"Neutralize","floor":15,"key":"SMITH"}],"neow_cost":"NONE","seed_source_timestamp":4261591836662288,"circlet_count":0,"master_deck":["AscendersBane","Defend_G","Defend_G","Defend_G","Defend_G","Defend_G","Strike_G","Strike_G","Strike_G","Strike_G","Strike_G","Survivor","Neutralize+1","Sucker Punch","Skewer+1","Well Laid Plans","Envenom+1","Adrenaline+1"],"relics":["Ring of the Snake","NeowsBlessing","Gremlin Horn","Regal Pillow","Toxic Egg 2","Snake Skull","WristBlade"],"potions_floor_usage":[8],"damage_taken":[{"damage":0,"enemies":"Cultist","floor":1,"turns":1},{"damage":0,"enemies":"2 Louse","floor":2,"turns":1},{"damage":0,"enemies":"3 Sentries","floor":6,"turns":1},{"damage":19,"enemies":"Gremlin Nob","floor":8,"turns":4},{"damage":20,"enemies":"The Guardian","floor":16,"turns":11},{"damage":62,"enemies":"3 Byrds","floor":18,"turns":5}],"seed_played":"-6454617244739419703","potions_obtained":[{"floor":6,"key":"Energy Potion"},{"floor":16,"key":"Ancient Potion"}],"is_trial":false,"path_per_floor":["M","M","?","?","?","E","R","E","T","R","$","R","$","?","R","B",null,"M"],"character_chosen":"THE_SILENT","items_purchased":["Envenom"],"campfire_rested":1,"item_purchase_floors":[11],"current_hp_per_floor":[59,59,59,48,48,48,48,29,29,63,63,63,63,63,63,43,60,0],"gold":71,"neow_bonus":"THREE_ENEMY_KILL","is_prod":false,"is_daily":false,"chose_seed":false,"campfire_upgraded":3,"win_rate":0,"timestamp":1560643440,"path_taken":["M","M","?","?","?","E","R","E","T","R","$","R","?","?","R","BOSS","M"],"build_version":"2019-01-23","purchased_purges":0,"victory":false,"max_hp_per_floor":[66,66,66,66,66,66,66,66,66,66,66,66,66,66,66,66,66,66],"card_choices":[{"not_picked":["Bouncing Flask","Distraction"],"picked":"Sucker Punch","floor":1},{"not_picked":["Underhanded Strike","Bane"],"picked":"Skewer","floor":2},{"not_picked":["Prepared","Finisher","Blade Dance"],"picked":"SKIP","floor":6},{"not_picked":["Riddle With Holes","Outmaneuver"],"picked":"Well Laid Plans","floor":8},{"not_picked":["Phantasmal Killer+1","Tools of the Trade"],"picked":"Adrenaline+1","floor":16}],"player_experience":739931,"relics_obtained":[{"floor":6,"key":"Regal Pillow"},{"floor":8,"key":"Toxic Egg 2"},{"floor":9,"key":"Snake Skull"}],"event_choices":[{"damage_healed":0,"gold_gain":0,"player_choice":"Ignored","damage_taken":0,"max_hp_gain":0,"max_hp_loss":0,"event_name":"Liars Game","floor":3,"gold_loss":0},{"damage_healed":0,"gold_gain":0,"player_choice":"Success","damage_taken":11,"relics_obtained":["Gremlin Horn"],"max_hp_gain":0,"max_hp_loss":0,"event_name":"Scrap Ooze","floor":4,"gold_loss":0},{"damage_healed":0,"gold_gain":0,"player_choice":"Ignored","damage_taken":0,"max_hp_gain":0,"max_hp_loss":0,"event_name":"Golden Idol","floor":5,"gold_loss":0},{"damage_healed":0,"gold_gain":0,"player_choice":"Left Gold","damage_taken":0,"max_hp_gain":0,"max_hp_loss":0,"event_name":"World of Goop","floor":14,"gold_loss":17}],"is_beta":false,"boss_relics":[{"not_picked":["Snecko Eye","White Beast Statue"],"picked":"WristBlade"}],"items_purged_floors":[],"is_endless":false,"potions_floor_spawned":[6,16],"killed_by":"3 Byrds","ascension_level":20}