{"gold_per_floor":[111,8,20,20,35,35,45,62,85,85,129,151,188,229,241,253],"floor_reached":16,"playtime":528,"items_purged":["Strike_R"],"score":224,"play_id":"5bfaf208-699b-44ea-b1c3-f1f681310ce2","local_time":"20190524182006","is_ascension_mode":true,"campfire_choices":[{"data":"Bash","floor":6,"key":"SMITH"},{"floor":15,"key":"REST"}],"neow_cost":"NONE","seed_source_timestamp":258163650007600,"circlet_count":0,"master_deck":["AscendersBane","Strike_R","Strike_R","Strike_R","Defend_R","Defend_R","Defend_R","Defend_R","Bash+1","Iron Wave","Pommel Strike","Thunderclap","Ghostly Armor","Rage","Twin Strike","Infernal Blade","Headbutt","Twin Strike","Headbutt"],"relics":["Burning Blood","Bronze Scales","Omamori","MawBank","Dream Catcher","Odd Mushroom","Juzu Bracelet"],"potions_floor_usage":[14,14],"damage_taken":[{"damage":7,"enemies":"Cultist","floor":1,"turns":4},{"damage":0,"enemies":"2 Louse","floor":3,"turns":3},{"damage":0,"enemies":"Small Slimes","floor":5,"turns":3},{"damage":6,"enemies":"3 Louse","floor":7,"turns":4},{"damage":2,"enemies":"Blue Slaver","floor":8,"turns":4},{"damage":37,"enemies":"3 Sentries","floor":11,"turns":9},{"damage":6,"enemies":"Looter","floor":12,"turns":4},{"damage":22,"enemies":"The Mushroom Lair","floor":13,"turns":3},{"damage":41,"enemies":"Lagavulin","floor":14,"turns":6},{"damage":37,"enemies":"Hexaghost","floor":16,"turns":9}],"seed_played":"6738349128597679298","potions_obtained":[{"floor":1,"key":"SpeedPotion"},{"floor":7,"key":"Block Potion"},{"floor":8,"key":"BloodPotion"},{"floor":12,"key":"Regen Potion"}],"is_trial":false,"path_per_floor":["M","$","M","?","M","R","M","M","T","?","E","M","?","E","R","B"],"character_chosen":"IRONCLAD","items_purchased":["Pommel Strike"],"campfire_rested":1,"item_purchase_floors":[2],"current_hp_per_floor":[67,67,73,66,72,72,72,75,75,70,39,39,23,10,32,0],"gold":253,"neow_bonus":"RANDOM_COMMON_RELIC","is_prod":false,"is_daily":false,"chose_seed":false,"campfire_upgraded":1,"win_rate":0,"timestamp":1558718406,"path_taken":["M","?","M","?","M","R","M","M","T","?","E","M","?","E","R","BOSS"],"build_version":"2019-01-23","purchased_purges":1,"victory":false,"max_hp_per_floor":[75,75,75,75,75,75,75,75,75,75,75,75,75,75,75,75],"card_choices":[{"not_picked":["Entrench","Cleave"],"picked":"Iron Wave","floor":1},{"not_picked":["Perfected Strike","Wild Strike"],"picked":"Thunderclap","floor":3},{"not_picked":["Clash","Infernal Blade"],"picked":"Ghostly Armor","floor":5},{"not_picked":["Demon Form","Clash"],"picked":"Rage","floor":7},{"not_picked":["Shockwave","Sever Soul"],"picked":"Twin Strike","floor":8},{"not_picked":["Sword Boomerang","Dark Embrace"],"picked":"Infernal Blade","floor":11},{"not_picked":["Dual Wield","Clash"],"picked":"Headbutt","floor":12},{"not_picked":["Second Wind","Havoc"],"picked":"Twin Strike","floor":14},{"not_picked":["Thunderclap","Iron Wave"],"picked":"Headbutt","floor":15}],"player_experience":1393175,"relics_obtained":[{"floor":9,"key":"Omamori"},{"floor":11,"key":"Dream Catcher"},{"floor":13,"key":"Odd Mushroom"},{"floor":14,"key":"Juzu Bracelet"}],"event_choices":[{"cards_removed":["Strike_R"],"damage_healed":0,"gold_gain":0,"player_choice":"Card Removal","damage_taken":7,"max_hp_gain":0,"max_hp_loss":0,"event_name":"Golden Wing","floor":4,"gold_loss":0},{"damage_healed":0,"gold_gain":0,"player_choice":"Success","damage_taken":5,"relics_obtained":["MawBank"],"max_hp_gain":0,"max_hp_loss":0,"event_name":"Scrap Ooze","floor":10,"gold_loss":0},{"damage_healed":0,"gold_gain":0,"player_choice":"Fought Mushrooms","damage_taken":0,"max_hp_gain":0,"max_hp_loss":0,"event_name":"Mushrooms","floor":13,"gold_loss":0}],"is_beta":false,"boss_relics":[],"items_purged_floors":[2],"is_endless":false,"potions_floor_spawned":[1,7,8,12],"killed_by":"Hexaghost","ascension_level":20}