{"gold_per_floor":[110,110,8,32,56,68,94,141,176,69,83,83,110,127,127,201,201,220,120,120,135,135,165,165,199,199,199,199],"floor_reached":28,"playtime":899,"items_purged":["Strike_B","Strike_B"],"score":532,"play_id":"670e95da-3060-4549-8ea2-a126ad8ea406","local_time":"20190525220912","is_ascension_mode":true,"campfire_choices":[{"data":"Defragment","floor":6.0,"key":"SMITH"},{"floor":12.0,"key":"REST"},{"data":"Defragment","floor":15.0,"key":"SMITH"},{"floor":24.0,"key":"REST"},{"data":"Buffer","floor":27.0,"key":"SMITH"}],"neow_cost":"NONE","seed_source_timestamp":12575865674500,"circlet_count":0,"master_deck":["AscendersBane","Strike_B+1","Strike_B+1","Defend_B+1","Defend_B+1","Defend_B+1","Defend_B+1","Zap+1","Dualcast","Streamline","Defragment+1","Gash","FTL","Glacier","Defragment+1","Cold Snap","Buffer+1","Echo Form"],"special_seed":0,"relics":["Cracked Core","MawBank","Blood Vial","Oddly Smooth Stone","Boot","Happy Flower","Sozu","MutagenicStrength","Emotion Chip","Pen Nib"],"potions_floor_usage":[],"damage_taken":[{"damage":4.0,"enemies":"Jaw Worm","floor":1.0,"turns":3.0},{"damage":2.0,"enemies":"2 Louse","floor":4.0,"turns":3.0},{"damage":1.0,"enemies":"Cultist","floor":5.0,"turns":3.0},{"damage":7.0,"enemies":"Looter","floor":7.0,"turns":3.0},{"damage":30.0,"enemies":"Lagavulin","floor":8.0,"turns":6.0},{"damage":0.0,"enemies":"2 Fungi Beasts","floor":11.0,"turns":3.0},{"damage":21.0,"enemies":"3 Sentries","floor":13.0,"turns":9.0},{"damage":0.0,"enemies":"Exordium Wildlife","floor":14.0,"turns":5.0},{"damage":25.0,"enemies":"Hexaghost","floor":16.0,"turns":13.0},{"damage":3.0,"enemies":"Shell Parasite","floor":18.0,"turns":6.0},{"damage":9.0,"enemies":"3 Byrds","floor":21.0,"turns":6.0},{"damage":19.0,"enemies":"Slavers","floor":23.0,"turns":7.0},{"damage":12.0,"enemies":"Gremlin Leader","floor":25.0,"turns":8.0},{"damage":56,"enemies":"Book of Stabbing","floor":28,"turns":6}],"seed_played":"-3237030295531702351","potions_obtained":[{"floor":4.0,"key":"Weak Potion"},{"floor":5.0,"key":"PowerPotion"},{"floor":7.0,"key":"Fruit Juice"},{"floor":13.0,"key":"FocusPotion"},{"floor":16.0,"key":"Explosive Potion"}],"is_trial":false,"path_per_floor":["M","?","?","M","M","R","M","E","T","$","M","R","E","M","R","B",null,"M","$","?","M","?","E","R","E","T","R","E"],"character_chosen":"DEFECT","items_purchased":["Defragment"],"campfire_rested":2,"item_purchase_floors":[10],"current_hp_per_floor":[60,49,49,49,50,50,45,22,22,22,24,46,27,29,29,6,59,58,58,58,51,51,34,56,46,46,46,0],"gold":199,"neow_bonus":"UPGRADE_CARD","is_prod":false,"is_daily":false,"chose_seed":false,"campfire_upgraded":3,"win_rate":0,"timestamp":1558818552,"path_taken":["M","?","?","M","M","R","?","E","T","$","M","R","E","M","R","BOSS","M","$","?","M","?","E","R","E","T","R","E"],"build_version":"2019-01-23","purchased_purges":2,"victory":false,"max_hp_per_floor":[71,71,71,71,71,71,71,76,76,76,76,76,76,76,76,76,76,76,76,76,76,76,76,76,76,76,76,76],"card_choices":[{"not_picked":["Rip and Tear","Hologram"],"picked":"Streamline","floor":1.0},{"not_picked":["Cold Snap","Genetic Algorithm"],"picked":"Defragment","floor":4.0},{"not_picked":["Skim","Go for the Eyes"],"picked":"Gash","floor":5.0},{"not_picked":["Fusion","Reprogram"],"picked":"FTL","floor":7.0},{"not_picked":["Chaos","Chill"],"picked":"Glacier","floor":8.0},{"not_picked":["Storm","Reprogram"],"picked":"Cold Snap","floor":11.0},{"not_picked":["Reinforced Body","Chill"],"picked":"Buffer","floor":13.0},{"not_picked":["Sweeping Beam","Compile Driver","Redo"],"picked":"SKIP","floor":14.0},{"not_picked":["Reboot","Multi-Cast"],"picked":"Echo Form","floor":16.0},{"not_picked":["Steam","Go for the Eyes","FTL"],"picked":"SKIP","floor":18.0},{"not_picked":["Go for the Eyes","Stack","Rebound"],"picked":"SKIP","floor":21.0},{"not_picked":["Steam","Sweeping Beam","Barrage"],"picked":"SKIP","floor":23.0},{"not_picked":["Tempest","Steam","Beam Cell"],"picked":"SKIP","floor":25.0}],"player_experience":1401943,"relics_obtained":[{"floor":8.0,"key":"Oddly Smooth Stone"},{"floor":9.0,"key":"Boot"},{"floor":13.0,"key":"Happy Flower"},{"floor":23.0,"key":"Emotion Chip"},{"floor":25.0,"key":"Pen Nib"}],"event_choices":[{"damage_healed":0.0,"max_hp_gain":0.0,"max_hp_loss":0.0,"gold_gain":0.0,"event_name":"Scrap Ooze","player_choice":"Success","floor":2.0,"gold_loss":0.0,"damage_taken":11.0,"relics_obtained":["MawBank"]},{"damage_healed":0.0,"max_hp_gain":0.0,"max_hp_loss":0.0,"gold_gain":0.0,"event_name":"WeMeetAgain","player_choice":"Paid Gold","floor":3.0,"gold_loss":114.0,"damage_taken":0.0,"relics_obtained":["Blood Vial"]},{"damage_healed":0.0,"max_hp_gain":0.0,"max_hp_loss":0.0,"gold_gain":0.0,"event_name":"Back to Basics","player_choice":"Simplicity","floor":20.0,"gold_loss":0.0,"damage_taken":0.0,"cards_upgraded":["Strike_B","Strike_B","Defend_B","Defend_B","Defend_B","Defend_B"]},{"damage_healed":0.0,"max_hp_gain":0.0,"max_hp_loss":0.0,"gold_gain":0.0,"event_name":"Drug Dealer","player_choice":"Inject Mutagens","floor":22.0,"gold_loss":0.0,"damage_taken":0.0,"relics_obtained":["MutagenicStrength"]}],"is_beta":false,"boss_relics":[{"not_picked":["Runic Dome","Cursed Key"],"picked":"Sozu"}],"items_purged_floors":[10,19],"is_endless":false,"potions_floor_spawned":[4,5,7,13,16,21,23,25],"killed_by":"Book of Stabbing","ascension_level":20}