{"path_per_floor":["M","?","$","?","M","R","M","M","T","E","M","R","M","M","R","B",null,"M","$","?","$","?","R","T","M","T","M","M","E","R","?","R","B",null,"M","M","M","?","$","?","R","?","T","M","$","M","$","$","R"],"character_chosen":"IRONCLAD","items_purchased":["Perfected Strike","Double Tap","Perfected Strike","Lantern","Happy Flower"],"gold_per_floor":[118,118,94,94,108,108,119,131,131,161,179,179,199,213,213,314,314,328,51,51,51,51,51,106,123,123,135,146,173,173,88,88,185,215,234,250,269,322,92,0,0,0,27,46,46,59,59,59,59],"floor_reached":50,"campfire_rested":7,"playtime":1772,"current_hp_per_floor":[80,80,80,80,80,80,80,63,63,28,34,58,57,60,80,21,80,74,74,59,59,59,84,84,80,80,63,69,27,52,59,86,52,97,97,83,82,43,43,43,72,72,72,60,60,38,38,38,68],"items_purged":["Defend_R"],"gold":59,"score":463,"play_id":"0409e1bf-b735-4cc2-986a-8b886c2a2f0f","is_prod":false,"is_daily":false,"is_ascension_mode":false,"campfire_upgraded":1,"path_taken":["M","?","$","?","M","R","M","M","T","E","?","R","M","M","R","BOSS","M","$","?","$","?","R","?","M","T","M","?","E","R","?","R","BOSS","M","M","?","?","$","?","R","?","T","?","$","M","?","$","R","BOSS"],"build_version":"2018-02-12-PROD1","purchased_purges":2,"victory":false,"master_deck":["Strike_R","Strike_R","Strike_R","Strike_R","Defend_R","Defend_R","Defend_R","Bash","Perfected Strike","Whirlwind+1","Pummel","Bloodletting","Iron Wave","Thunderclap","Perfected Strike","Perfected Strike","Flame Barrier","Double Tap","Infernal Blade","Double Tap","Perfected Strike","Iron Wave","Armaments","Inflame+1","Reaper","Perfected Strike","Uppercut+1","Seeing Red+1"],"max_hp_per_floor":[80,80,80,80,80,80,80,80,80,80,80,80,80,80,80,80,80,80,80,85,85,85,85,85,85,85,85,85,85,85,92,92,92,97,97,97,97,97,97,97,97,97,97,99,99,101,101,101,101],"relics":["Burning Blood","NeowsBlessing","Gambling Chip","Paper Frog","Sozu","Lantern","Tiny Chest","Pen Nib","Vajra","Strawberry","Tiny House","Calipers","Happy Flower","Red Mask","Singing Bowl"],"card_choices":[{"not_picked":["Twin Strike","Power Through"],"picked":"Inflame"},{"not_picked":["Twin Strike","Clash"],"picked":"Pummel"},{"not_picked":["Wild Strike","Whirlwind"],"picked":"Bloodletting"},{"not_picked":["Anger","Sword Boomerang"],"picked":"Iron Wave"},{"not_picked":["Dropkick","Flex"],"picked":"Thunderclap"},{"not_picked":["Shrug It Off","Havoc"],"picked":"Perfected Strike"},{"not_picked":["Shrug It Off","Havoc"],"picked":"Perfected Strike"},{"not_picked":["Power Through","Feel No Pain"],"picked":"Flame Barrier"},{"not_picked":["Berserk","Feed"],"picked":"Double Tap"},{"not_picked":["Burning Pact","Anger"],"picked":"Infernal Blade"},{"not_picked":["Headbutt","Sword Boomerang"],"picked":"Iron Wave"},{"not_picked":["Cleave","Anger"],"picked":"Armaments"},{"not_picked":["Pommel Strike","Shrug It Off"],"picked":"Inflame"},{"not_picked":["Bludgeon","Impervious"],"picked":"Reaper"},{"not_picked":["Anger","Fire Breathing"],"picked":"Perfected Strike"},{"not_picked":["Infernal Blade","Wild Strike"],"picked":"Uppercut"},{"not_picked":["Battle Trance","Second Wind"],"picked":"Seeing Red"}],"player_experience":85822,"potions_floor_usage":[11,16,16],"damage_taken":[{"damage":0,"enemies":"Jaw Worm","floor":1,"turns":1},{"damage":0,"enemies":"Blue Slaver","floor":5,"turns":1},{"damage":0,"enemies":"Cultist","floor":7,"turns":1},{"damage":23,"enemies":"Looter","floor":8,"turns":3},{"damage":41,"enemies":"Lagavulin","floor":10,"turns":6},{"damage":3,"enemies":"Exordium Thugs","floor":11,"turns":2},{"damage":7,"enemies":"3 Louse","floor":13,"turns":2},{"damage":3,"enemies":"Large Slime","floor":14,"turns":2},{"damage":65,"enemies":"Hexaghost","floor":16,"turns":10},{"damage":12,"enemies":"Shell Parasite","floor":18,"turns":5},{"damage":10,"enemies":"Spheric Guardian","floor":25,"turns":3},{"damage":27,"enemies":"Centurion and Healer","floor":27,"turns":4},{"damage":0,"enemies":"Snake Plant","floor":28,"turns":1},{"damage":48,"enemies":"Book of Stabbing","floor":29,"turns":6},{"damage":40,"enemies":"Champ","floor":33,"turns":8},{"damage":3,"enemies":"Orb Walker","floor":35,"turns":3},{"damage":20,"enemies":"3 Shapes","floor":36,"turns":3},{"damage":7,"enemies":"3 Darklings","floor":37,"turns":3},{"damage":67,"enemies":"Mysterious Sphere","floor":38,"turns":7},{"damage":20,"enemies":"4 Shapes","floor":44,"turns":3},{"damage":30,"enemies":"Sphere and 2 Shapes","floor":46,"turns":4},{"damage":86,"enemies":"Awakened One","floor":50,"turns":5}],"event_choices":[{"event_name":"The Lab","player_choice":"Got Potions","floor":2,"damage_taken":0},{"event_name":"Transmorgrifier","player_choice":"Transform","floor":4,"damage_taken":0},{"event_name":"Forgotten Altar","player_choice":"Shed Blood","floor":20,"damage_taken":0},{"event_name":"Vampires","player_choice":"Ignored","floor":22,"damage_taken":0},{"event_name":"Addict","player_choice":"Obtained Relic","floor":31,"damage_taken":0},{"event_name":"Mysterious Sphere","player_choice":"Fight","floor":38,"damage_taken":0},{"event_name":"Tomb of Lord Red Mask","player_choice":"Paid","floor":40,"damage_taken":0}],"boss_relics":[{"not_picked":["Black Star","Orrery"],"picked":"Sozu"},{"not_picked":["Astrolabe","Question Card"],"picked":"Tiny House"}],"potions_floor_spawned":[5,8,11,14,16,18,27,28,33,35,46],"seed_played":"1963247331158045131","killed_by":"Awakened One","ascension_level":0,"is_trial":false}