{"gold_per_floor":[109,126,138,138,155,155,187,187,187,205,205,233,251,276,276,372,372,353,353,370,381,394,394,427,440,440,467,484,494,494,508,508,606,606,619,619,0,15,15,50,67,67,67,81,112,125,125,175,175,175],"floor_reached":51,"playtime":5246,"items_purged":[],"score":998,"play_id":"cfc732ea-424c-48a4-942a-8834b0708435","local_time":"20180706211659","is_ascension_mode":false,"campfire_choices":[{"data":"Zap","floor":6.0,"key":"SMITH"},{"data":"Self Repair","floor":8.0,"key":"SMITH"},{"data":"Defragment","floor":15.0,"key":"SMITH"},{"data":"Glacier","floor":23.0,"key":"SMITH"},{"data":"Echo Form","floor":30.0,"key":"SMITH"},{"data":"Defragment","floor":32.0,"key":"SMITH"},{"data":"Reinforced Body","floor":42,"key":"SMITH"},{"data":"Defragment","floor":47,"key":"SMITH"},{"data":"Echo Form","floor":49,"key":"SMITH"}],"neow_cost":"NONE","seed_source_timestamp":0,"circlet_count":0,"master_deck":["Strike_B","Defend_B","Defend_B","Defend_B","Defend_B","Zap+1","Dualcast","Self Repair+1","Streamline","Cold Snap","Reinforced Body+1","Ball Lightning","Stack","Defragment+1","Glacier","Stack","Echo Form+1","Echo Form+1","Sweeping Beam","Glacier+1","Stack","Static Discharge","Chill","Cold Snap","Loop","Buffer","FTL","Sweeping Beam","Sweeping Beam","Coolheaded","Defragment+1","Self Repair+1","Gash+1","Recycle+1","Sunder","Sunder","Turbo","Loop","Cold Snap","Rip and Tear+1","Defragment+1"],"special_seed":0,"relics":["Cracked Core","Ornamental Fan","Shuriken","DataDisk","Centennial Puzzle","Orrery","Bag of Marbles","Dream Catcher","Happy Flower","Eternal Feather","Bird Faced Urn","Red Mask","Orichalcum","Incense Burner","Lantern","Boot"],"potions_floor_usage":[45,50],"damage_taken":[{"damage":1.0,"enemies":"Cultist","floor":1.0,"turns":3.0},{"damage":0.0,"enemies":"2 Louse","floor":2.0,"turns":1.0},{"damage":5.0,"enemies":"Small Slimes","floor":3.0,"turns":3.0},{"damage":12.0,"enemies":"3 Louse","floor":5.0,"turns":4.0},{"damage":21.0,"enemies":"3 Sentries","floor":7.0,"turns":7.0},{"damage":10.0,"enemies":"Looter","floor":10.0,"turns":3.0},{"damage":10.0,"enemies":"Lagavulin","floor":12.0,"turns":7.0},{"damage":4.0,"enemies":"2 Fungi Beasts","floor":13.0,"turns":3.0},{"damage":7.0,"enemies":"3 Sentries","floor":14.0,"turns":8.0},{"damage":13.0,"enemies":"The Guardian","floor":16.0,"turns":9.0},{"damage":9.0,"enemies":"2 Thieves","floor":18.0,"turns":5.0},{"damage":6.0,"enemies":"Shell Parasite","floor":20.0,"turns":6.0},{"damage":0.0,"enemies":"Snecko","floor":21.0,"turns":6.0},{"damage":8.0,"enemies":"3 Cultists","floor":22.0,"turns":7.0},{"damage":16.0,"enemies":"Gremlin Leader","floor":24.0,"turns":10.0},{"damage":18.0,"enemies":"Snake Plant","floor":25.0,"turns":6.0},{"damage":10.0,"enemies":"Book of Stabbing","floor":27.0,"turns":10.0},{"damage":1.0,"enemies":"Cultist and Chosen","floor":28.0,"turns":9.0},{"damage":32.0,"enemies":"Chosen and Byrds","floor":29.0,"turns":9.0},{"damage":12.0,"enemies":"Snecko","floor":31.0,"turns":7.0},{"damage":23.0,"enemies":"Champ","floor":33.0,"turns":11.0},{"damage":24,"enemies":"3 Shapes","floor":35,"turns":9},{"damage":0,"floor":36,"turns":10},{"damage":0,"enemies":"Orb Walker","floor":38,"turns":5},{"damage":12,"enemies":"Nemesis","floor":40,"turns":13},{"damage":10,"enemies":"4 Shapes","floor":41,"turns":7},{"damage":6,"enemies":"3 Darklings","floor":44,"turns":6},{"damage":5,"enemies":"Giant Head","floor":45,"turns":11},{"damage":0,"enemies":"Maw","floor":46,"turns":9},{"damage":34,"enemies":"Time Eater","floor":50,"turns":11}],"seed_played":"2166816607890536125","potions_obtained":[{"floor":3.0,"key":"SteroidPotion"},{"floor":5.0,"key":"Ancient Potion"},{"floor":7.0,"key":"SteroidPotion"},{"floor":16.0,"key":"Strength Potion"},{"floor":36,"key":"Dexterity Potion"},{"floor":46,"key":"Swift Potion"}],"is_trial":false,"path_per_floor":["M","M","M","$","M","R","E","R","T","M","?","E","M","E","R","B",null,"M","?","M","M","M","R","E","M","T","E","M","M","R","M","R","B",null,"M","?","?","M","?","E","M","R","T","M","E","M","R","T","R","B"],"character_chosen":"DEFECT","items_purchased":[],"campfire_rested":0,"item_purchase_floors":[],"current_hp_per_floor":[75,75,75,75,70,70,56,56,56,56,49,49,55,58,58,55,75,75,75,75,75,75,75,75,67,67,67,75,63,63,71,71,58,75,75,75,75,75,75,75,75,75,75,75,75,75,75,75,75,57],"gold":175,"neow_bonus":"TRANSFORM_CARD","is_prod":false,"is_daily":false,"chose_seed":false,"campfire_upgraded":9,"win_rate":0,"timestamp":1530926219,"path_taken":["M","?","M","?","M","R","E","R","T","?","?","E","M","E","R","BOSS","M","?","M","M","M","R","E","M","T","E","M","?","R","?","R","BOSS","M","?","?","M","?","E","M","R","T","M","E","M","R","?","R","BOSS"],"build_version":"2018-07-05","purchased_purges":0,"victory":true,"max_hp_per_floor":[75,75,75,75,75,75,75,75,75,75,75,75,75,75,75,75,75,75,75,75,75,75,75,75,75,75,75,75,75,75,75,75,75,75,75,75,75,75,75,75,75,75,75,75,75,75,75,75,75,75],"card_choices":[{"not_picked":["BootSequence","Beam Cell"],"picked":"Streamline","floor":1.0},{"not_picked":["Blizzard","Loop"],"picked":"Cold Snap","floor":2.0},{"not_picked":["Steam","Steam Power"],"picked":"Reinforced Body","floor":3.0},{"not_picked":["Cold Snap","Barrage"],"picked":"Ball Lightning","floor":5.0},{"not_picked":["Compile Driver","Hologram"],"picked":"Stack","floor":7.0},{"not_picked":["Consume","Coolheaded"],"picked":"Defragment","floor":10.0},{"not_picked":["Rip and Tear","Stack"],"picked":"Glacier","floor":12.0},{"not_picked":["Go for the Eyes","Gash"],"picked":"Stack","floor":13.0},{"not_picked":["Reprogram","Self Repair"],"picked":"Echo Form","floor":14.0},{"not_picked":["Seek","Fission"],"picked":"Echo Form","floor":16.0},{"not_picked":["Redo","Melter"],"picked":"Sweeping Beam","floor":17.0},{"not_picked":["Sweeping Beam","Heatsinks"],"picked":"Glacier","floor":17.0},{"not_picked":["Heatsinks","Beam Cell"],"picked":"Stack","floor":17.0},{"not_picked":["Turbo","Lockon"],"picked":"Static Discharge","floor":17.0},{"not_picked":["Barrage","Steam Power"],"picked":"Chill","floor":17.0},{"not_picked":["Barrage","Gash+1"],"picked":"Cold Snap","floor":18.0},{"not_picked":["Scrape","Chaos"],"picked":"Loop","floor":20.0},{"not_picked":["Turbo","Gash"],"picked":"Buffer","floor":21.0},{"not_picked":["Melter+1","Streamline"],"picked":"FTL","floor":22.0},{"not_picked":["Compile Driver","Tempest"],"picked":"Sweeping Beam","floor":24.0},{"not_picked":["Scrape+1","Streamline"],"picked":"Sweeping Beam","floor":25.0},{"not_picked":["Compile Driver","Turbo"],"picked":"Coolheaded","floor":27.0},{"not_picked":["White Noise","Barrage+1"],"picked":"Defragment","floor":28.0},{"not_picked":["Cold Snap+1","Redo+1"],"picked":"Self Repair+1","floor":29.0},{"not_picked":["Static Discharge+1","Melter"],"picked":"Gash+1","floor":31.0},{"not_picked":["Static Discharge","Skim"],"picked":"Recycle+1","floor":35},{"not_picked":["Streamline","Coolheaded+1"],"picked":"Sunder","floor":36},{"not_picked":["Redo+1","Hologram"],"picked":"Sunder","floor":38},{"not_picked":["Streamline","Hello World"],"picked":"Turbo","floor":40},{"not_picked":["Stack","Turbo+1"],"picked":"Loop","floor":41},{"not_picked":["Hologram+1","Coolheaded"],"picked":"Cold Snap","floor":44},{"not_picked":["Barrage","Rebound+1"],"picked":"Rip and Tear+1","floor":45},{"not_picked":["Rainbow","Redo"],"picked":"Defragment","floor":46}],"player_experience":71094,"relics_obtained":[{"floor":7.0,"key":"Ornamental Fan"},{"floor":9.0,"key":"Shuriken"},{"floor":12.0,"key":"DataDisk"},{"floor":14.0,"key":"Centennial Puzzle"},{"floor":24.0,"key":"Bag of Marbles"},{"floor":26.0,"key":"Dream Catcher"},{"floor":27.0,"key":"Happy Flower"},{"floor":36,"key":"Bird Faced Urn"},{"floor":40,"key":"Orichalcum"},{"floor":43,"key":"Incense Burner"},{"floor":45,"key":"Lantern"},{"floor":48,"key":"Boot"}],"event_choices":[{"event_name":"Golden Wing","player_choice":"Card Removal","floor":11.0,"damage_taken":0.0},{"event_name":"Vampires","player_choice":"Ignored","floor":19.0,"damage_taken":0.0},{"event_name":"MindBloom","player_choice":"Fight","floor":36,"damage_taken":0},{"event_name":"Tomb of Lord Red Mask","player_choice":"Paid","floor":37,"damage_taken":0},{"event_name":"Bonfire Elementals","player_choice":"BASIC","floor":39,"damage_taken":0}],"boss_relics":[{"not_picked":["Fusion Hammer","Lizard Tail"],"picked":"Orrery"},{"not_picked":["Velvet Choker","Runic Pyramid"],"picked":"Eternal Feather"}],"items_purged_floors":[],"is_endless":false,"potions_floor_spawned":[3,5,7,16,20,22,28,29,36,40,46],"ascension_level":0}