{"gold_per_floor":[111,130,55,66,66,66,101,167,179,341,353,383,395,436,448,531,543,570,582],"floor_reached":19,"playtime":857,"items_purged":["Strike_G"],"score":350,"play_id":"92c34fc3-fdff-4948-96ca-3b99adcbb435","local_time":"20190504195544","is_ascension_mode":true,"campfire_choices":[{"data":"Acrobatics","floor":6.0,"key":"SMITH"},{"floor":11.0,"key":"REST"},{"data":"Quick Slash","floor":13.0,"key":"SMITH"},{"floor":15.0,"key":"REST"}],"neow_cost":"NONE","seed_source_timestamp":0,"circlet_count":0,"master_deck":["AscendersBane","Defend_G","Defend_G","Defend_G","Defend_G","Strike_G","Strike_G","Strike_G","Survivor","Neutralize+1","Underhanded Strike","Expertise","Acrobatics+1","Quick Slash+1","After Image","Doppelganger","Caltrops+1"],"special_seed":0,"relics":["HoveringKite","MawBank","Tiny Chest","Omamori","Oddly Smooth Stone","Empty Cage"],"potions_floor_usage":[18],"damage_taken":[{"damage":21.0,"enemies":"Cultist","floor":1.0,"turns":6.0},{"damage":2.0,"enemies":"Jaw Worm","floor":2.0,"turns":4.0},{"damage":1.0,"enemies":"Small Slimes","floor":4.0,"turns":3.0},{"damage":15.0,"enemies":"3 Sentries","floor":7.0,"turns":16.0},{"damage":5.0,"enemies":"Exordium Wildlife","floor":12.0,"turns":3.0},{"damage":6.0,"enemies":"Gremlin Nob","floor":14.0,"turns":3.0},{"damage":37.0,"enemies":"Slime Boss","floor":16.0,"turns":15.0},{"damage":3,"enemies":"3 Byrds","floor":18,"turns":5},{"damage":50,"enemies":"Masked Bandits","floor":19,"turns":3}],"seed_played":"1403188577289272188","potions_obtained":[{"floor":1.0,"key":"Fire Potion"},{"floor":12.0,"key":"Strength Potion"},{"floor":14.0,"key":"AttackPotion"},{"floor":16.0,"key":"Swift Potion"}],"is_trial":false,"path_per_floor":["M","M","$","M","?","R","E","T","T","?","R","M","R","E","R","B",null,"M","?"],"character_chosen":"THE_SILENT","items_purchased":[],"campfire_rested":2,"item_purchase_floors":[],"current_hp_per_floor":[38,36,36,35,35,35,20,20,20,20,39,34,34,28,47,10,52,49,0],"gold":582,"neow_bonus":"BOSS_RELIC","is_prod":false,"is_daily":false,"chose_seed":false,"campfire_upgraded":2,"win_rate":0,"timestamp":1556996144,"path_taken":["M","M","$","M","?","R","E","?","T","?","R","M","R","E","R","BOSS","M","?"],"build_version":"2019-01-23","purchased_purges":1,"victory":false,"max_hp_per_floor":[66,66,66,66,66,66,66,66,66,66,66,66,66,66,66,66,66,66,66],"card_choices":[{"not_picked":["Reflex","Outmaneuver"],"picked":"Underhanded Strike","floor":1.0},{"not_picked":["Prepared","PiercingWail"],"picked":"Expertise","floor":2.0},{"not_picked":["PiercingWail","Backflip"],"picked":"Acrobatics","floor":4.0},{"not_picked":["Backstab","Slice","Prepared"],"picked":"SKIP","floor":7.0},{"not_picked":["Tactician","Cloak And Dagger"],"picked":"Quick Slash","floor":12.0},{"not_picked":["Prepared","Deflect"],"picked":"After Image","floor":14.0},{"not_picked":["Phantasmal Killer","A Thousand Cuts"],"picked":"Doppelganger","floor":16.0},{"not_picked":["Choke","Endless Agony"],"picked":"Caltrops+1","floor":18}],"player_experience":1333081,"relics_obtained":[{"floor":7.0,"key":"MawBank"},{"floor":8.0,"key":"Tiny Chest"},{"floor":9.0,"key":"Omamori"},{"floor":14.0,"key":"Oddly Smooth Stone"}],"event_choices":[{"damage_healed":0.0,"max_hp_gain":0.0,"max_hp_loss":0.0,"gold_gain":0.0,"event_name":"Living Wall","player_choice":"Grow","floor":5.0,"gold_loss":0.0,"damage_taken":0.0,"cards_upgraded":["Neutralize"]},{"damage_healed":0.0,"max_hp_gain":0.0,"max_hp_loss":0.0,"gold_gain":150.0,"event_name":"Liars Game","player_choice":"AGREE","floor":10.0,"gold_loss":0.0,"damage_taken":0.0,"cards_obtained":["Doubt"]},{"damage_healed":0,"gold_gain":0,"player_choice":"Fought Bandits","damage_taken":0,"max_hp_gain":0,"max_hp_loss":0,"event_name":"Masked Bandits","floor":19,"gold_loss":0}],"is_beta":false,"boss_relics":[{"not_picked":["Tiny House","Fusion Hammer"],"picked":"Empty Cage"}],"items_purged_floors":[3],"is_endless":false,"potions_floor_spawned":[1,12,14,16],"killed_by":"Masked Bandits","ascension_level":20}