{"gold_per_floor":[116,191,19,31,31,66,94,138,174,186],"floor_reached":10,"playtime":162,"items_purged":[],"score":202,"play_id":"3f5f0547-c96c-4df0-97b8-47ec3b4e4b98","local_time":"20190704191909","is_ascension_mode":true,"campfire_choices":[],"neow_cost":"NONE","seed_source_timestamp":5900435669957395,"circlet_count":0,"master_deck":["AscendersBane","Strike_B","Strike_B","Strike_B","Defend_B","Defend_B","Defend_B","Defend_B","Zap","Dualcast","Streamline","Rip and Tear","Doom and Gloom"],"relics":["Cracked Core","NeowsBlessing","Oddly Smooth Stone","MawBank","Strawberry","Art of War"],"potions_floor_usage":[10],"damage_taken":[{"damage":0,"enemies":"Jaw Worm","floor":1,"turns":1},{"damage":0,"enemies":"Small Slimes","floor":4,"turns":1},{"damage":0,"enemies":"Lagavulin","floor":6,"turns":1},{"damage":0,"enemies":"Cultist","floor":7,"turns":2},{"damage":32,"enemies":"Gremlin Nob","floor":8,"turns":4},{"damage":28,"enemies":"3 Sentries","floor":10,"turns":5}],"seed_played":"2035897491710048359","potions_obtained":[{"floor":1,"key":"SpeedPotion"}],"is_trial":false,"path_per_floor":["M","?","$","M","?","E","M","E","T","E"],"character_chosen":"DEFECT","items_purchased":["Oddly Smooth Stone"],"campfire_rested":0,"item_purchase_floors":[3],"current_hp_per_floor":[64,53,53,53,46,46,46,21,21,0],"gold":186,"neow_bonus":"THREE_ENEMY_KILL","is_prod":false,"is_daily":false,"chose_seed":false,"campfire_upgraded":0,"win_rate":0,"timestamp":1562282349,"path_taken":["M","?","$","M","?","E","M","E","T","E"],"build_version":"2019-07-01","purchased_purges":0,"victory":false,"max_hp_per_floor":[71,71,71,71,71,71,71,78,78,78],"card_choices":[{"not_picked":["Blizzard","Scrape"],"picked":"Streamline","floor":1},{"not_picked":["Turbo","Streamline","Barrage"],"picked":"SKIP","floor":4},{"not_picked":["Beam Cell","Auto Shields"],"picked":"Rip and Tear","floor":6},{"not_picked":["Aggregate","Leap"],"picked":"Doom and Gloom","floor":7},{"not_picked":["Barrage","Stack","Rebound"],"picked":"SKIP","floor":8}],"player_experience":864398,"relics_obtained":[{"floor":6,"key":"MawBank"},{"floor":8,"key":"Strawberry"},{"floor":9,"key":"Art of War"}],"event_choices":[{"damage_healed":0,"gold_gain":75,"player_choice":"Gather Gold","damage_taken":11,"max_hp_gain":0,"max_hp_loss":0,"event_name":"World of Goop","floor":2,"gold_loss":0},{"cards_removed":["Strike_B"],"damage_healed":0,"gold_gain":0,"player_choice":"Card Removal","damage_taken":7,"max_hp_gain":0,"max_hp_loss":0,"event_name":"Golden Wing","floor":5,"gold_loss":0}],"is_beta":false,"boss_relics":[],"items_purged_floors":[],"is_endless":false,"potions_floor_spawned":[1],"killed_by":"3 Sentries","ascension_level":20}