{"gold_per_floor":[119,119,129,140,140,140,168,182,208,208,234,234,198,198,198,271,271],"floor_reached":17,"playtime":487,"items_purged":[],"score":326,"play_id":"7aab1b38-32e0-4fce-ba91-7fa4a136086d","local_time":"20190618131823","is_ascension_mode":true,"campfire_choices":[{"data":"Venomology","floor":6,"key":"SMITH"},{"floor":10,"key":"REST"},{"floor":12,"key":"REST"},{"floor":15,"key":"REST"}],"neow_cost":"NONE","seed_source_timestamp":362486046835000,"circlet_count":0,"master_deck":["AscendersBane","Defend_G","Defend_G","Defend_G","Defend_G","Defend_G","Strike_G","Strike_G","Strike_G","Survivor","Neutralize","A Thousand Cuts","Dagger Spray","Venomology+1","Crippling Poison","Bouncing Flask","Quick Slash","Sucker Punch","Adrenaline"],"relics":["Ring of the Snake","Bag of Marbles","Bronze Scales","Boot"],"potions_floor_usage":[4,7,7,8,11,16],"damage_taken":[{"damage":2,"enemies":"Jaw Worm","floor":1,"turns":6},{"damage":7,"enemies":"Cultist","floor":3,"turns":5},{"damage":0,"enemies":"Small Slimes","floor":4,"turns":4},{"damage":28,"enemies":"Gremlin Nob","floor":7,"turns":6},{"damage":0,"enemies":"2 Fungi Beasts","floor":8,"turns":3},{"damage":35,"enemies":"Lagavulin","floor":11,"turns":7},{"damage":32,"enemies":"Hexaghost","floor":16,"turns":9}],"seed_played":"5613744901209979070","potions_obtained":[{"floor":3,"key":"GhostInAJar"},{"floor":7,"key":"EssenceOfSteel"},{"floor":11,"key":"AttackPotion"},{"floor":16,"key":"Energy Potion"}],"is_trial":false,"path_per_floor":["M","?","M","M","?","R","E","M","T","R","E","R","?","?","R","B",null],"character_chosen":"THE_SILENT","items_purchased":[],"campfire_rested":3,"item_purchase_floors":[],"current_hp_per_floor":[57,48,41,41,46,46,18,18,18,39,4,25,25,18,39,7,7],"gold":271,"neow_bonus":"TRANSFORM_CARD","is_prod":false,"is_daily":false,"chose_seed":false,"campfire_upgraded":1,"win_rate":0,"timestamp":1560860303,"path_taken":["M","?","M","?","?","R","E","M","T","R","E","R","?","?","R","BOSS"],"build_version":"2019-01-23","purchased_purges":0,"victory":false,"max_hp_per_floor":[66,66,66,66,71,71,71,71,71,71,71,71,71,71,71,71,71],"card_choices":[{"not_picked":["Quick Slash","Acrobatics"],"picked":"Dagger Spray","floor":1},{"not_picked":["Backflip","Bane"],"picked":"Venomology","floor":3},{"not_picked":["PiercingWail","Expertise"],"picked":"Crippling Poison","floor":4},{"not_picked":["Caltrops","Blade Dance"],"picked":"Bouncing Flask","floor":7},{"not_picked":["Dodge and Roll","Acrobatics"],"picked":"Quick Slash","floor":8},{"not_picked":["Dodge and Roll","Concentrate"],"picked":"Sucker Punch","floor":11},{"not_picked":["Die Die Die","Malaise"],"picked":"Adrenaline","floor":16}],"player_experience":1473987,"relics_obtained":[{"floor":7,"key":"Bag of Marbles"},{"floor":9,"key":"Bronze Scales"},{"floor":11,"key":"Boot"}],"event_choices":[{"damage_healed":0,"gold_gain":0,"player_choice":"Damaged","damage_taken":9,"max_hp_gain":0,"max_hp_loss":0,"event_name":"Wheel of Change","floor":2,"gold_loss":0},{"damage_healed":0,"gold_gain":0,"player_choice":"Donut","damage_taken":0,"max_hp_gain":5,"max_hp_loss":0,"event_name":"Big Fish","floor":5,"gold_loss":0},{"damage_healed":0,"gold_gain":0,"player_choice":"Left Gold","damage_taken":0,"max_hp_gain":0,"max_hp_loss":0,"event_name":"World of Goop","floor":13,"gold_loss":36},{"cards_removed":["Strike_G"],"damage_healed":0,"gold_gain":0,"player_choice":"Card Removal","damage_taken":7,"max_hp_gain":0,"max_hp_loss":0,"event_name":"Golden Wing","floor":14,"gold_loss":0}],"is_beta":false,"boss_relics":[],"items_purged_floors":[],"is_endless":false,"potions_floor_spawned":[3,7,11,16],"ascension_level":20}