{"gold_per_floor":[111,124,142,153,163,163,188,10,10,10,38,51,80,80,80,157,157,169,3,19,30,43,43],"floor_reached":23,"playtime":821,"items_purged":[],"score":430,"play_id":"589fa205-601e-4fe9-b8aa-676de8f012b1","local_time":"20190703154224","is_ascension_mode":true,"campfire_choices":[{"floor":6.0,"key":"REST"},{"floor":10.0,"key":"REST"},{"data":"1","floor":15.0,"key":"LIFT"}],"neow_cost":"NONE","seed_source_timestamp":5800195763997048,"circlet_count":0,"master_deck":["AscendersBane","Strike_G","Strike_G","Strike_G","Strike_G","Strike_G","Defend_G","Defend_G","Defend_G","Defend_G","Defend_G","Survivor","Neutralize","Sucker Punch","Poisoned Stab","Backstab","Infinite Blades","Slice","Apotheosis","Poisoned Stab","Heel Hook","Deflect","Storm of Steel","Quick Slash+1","Dagger Spray","Sucker Punch","Backstab"],"special_seed":0,"relics":["Ring of the Snake","NeowsBlessing","Oddly Smooth Stone","Shuriken","Girya","Dodecahedron","Philosopher\u0027s Stone","Bag of Preparation"],"potions_floor_usage":[23,23],"damage_taken":[{"damage":0.0,"enemies":"Cultist","floor":1.0,"turns":1.0},{"damage":0.0,"enemies":"Jaw Worm","floor":2.0,"turns":1.0},{"damage":0.0,"enemies":"Small Slimes","floor":3.0,"turns":1.0},{"damage":5.0,"enemies":"3 Louse","floor":4.0,"turns":7.0},{"damage":35.0,"enemies":"Gremlin Gang","floor":5.0,"turns":5.0},{"damage":26.0,"enemies":"Gremlin Nob","floor":7.0,"turns":5.0},{"damage":13.0,"enemies":"3 Sentries","floor":11.0,"turns":7.0},{"damage":0.0,"enemies":"2 Fungi Beasts","floor":12.0,"turns":3.0},{"damage":6.0,"enemies":"Gremlin Nob","floor":13.0,"turns":3.0},{"damage":7.0,"enemies":"Slime Boss","floor":16.0,"turns":7.0},{"damage":0.0,"enemies":"Spheric Guardian","floor":18.0,"turns":2.0},{"damage":12.0,"enemies":"2 Thieves","floor":20.0,"turns":3.0},{"damage":3.0,"enemies":"3 Cultists","floor":21.0,"turns":4.0},{"damage":20.0,"enemies":"Cultist and Chosen","floor":22.0,"turns":6.0},{"damage":26,"enemies":"Slavers","floor":23,"turns":3}],"seed_played":"-5148479518255688152","potions_obtained":[{"floor":1.0,"key":"Block Potion"},{"floor":4.0,"key":"Ancient Potion"},{"floor":5.0,"key":"EssenceOfSteel"},{"floor":11.0,"key":"Weak Potion"},{"floor":13.0,"key":"AttackPotion"},{"floor":16.0,"key":"FearPotion"},{"floor":20.0,"key":"Ancient Potion"},{"floor":22.0,"key":"Energy Potion"}],"is_trial":false,"path_per_floor":["M","M","M","M","M","R","E","$","T","R","E","M","E","?","R","B",null,"M","$","M","M","M","E"],"character_chosen":"THE_SILENT","items_purchased":["Apotheosis","Bag of Preparation"],"campfire_rested":2,"item_purchase_floors":[8,19],"current_hp_per_floor":[59,59,59,54,19,38,12,12,12,31,18,18,12,34,34,27,56,56,56,44,41,21,0],"gold":43,"neow_bonus":"THREE_ENEMY_KILL","is_prod":false,"is_daily":false,"chose_seed":false,"campfire_upgraded":0,"win_rate":0,"timestamp":1562182944,"path_taken":["M","?","M","?","M","R","E","$","T","R","E","M","E","?","R","BOSS","M","$","M","M","M","E"],"build_version":"2019-07-01","purchased_purges":0,"victory":false,"max_hp_per_floor":[66,66,66,66,66,66,66,66,66,66,66,66,66,66,66,66,66,66,66,66,66,66,66],"card_choices":[{"not_picked":["Tactician","Backflip","Prepared"],"picked":"SKIP","floor":1.0},{"not_picked":["Well Laid Plans","Concentrate"],"picked":"Sucker Punch","floor":2.0},{"not_picked":["Prepared","Slice"],"picked":"Poisoned Stab","floor":3.0},{"not_picked":["Backflip","PiercingWail"],"picked":"Backstab","floor":4.0},{"not_picked":["Acrobatics","Underhanded Strike"],"picked":"Infinite Blades","floor":5.0},{"not_picked":["Leg Sweep","Deadly Poison"],"picked":"Slice","floor":7.0},{"not_picked":["Venomology","Bane"],"picked":"Poisoned Stab","floor":11.0},{"not_picked":["Cloak And Dagger","Choke"],"picked":"Heel Hook","floor":12.0},{"not_picked":["Masterful Stab","Acrobatics"],"picked":"Deflect","floor":13.0},{"not_picked":["Venomology","Night Terror"],"picked":"Storm of Steel","floor":16.0},{"not_picked":["Masterful Stab+1","Poisoned Stab+1"],"picked":"Quick Slash+1","floor":18.0},{"not_picked":["Dodge and Roll+1","Cloak And Dagger"],"picked":"Dagger Spray","floor":20.0},{"not_picked":["Deadly Poison+1","Underhanded Strike"],"picked":"Sucker Punch","floor":21.0},{"not_picked":["Predator","Dodge and Roll"],"picked":"Backstab","floor":22.0}],"player_experience":848320,"relics_obtained":[{"floor":7.0,"key":"Oddly Smooth Stone"},{"floor":9.0,"key":"Shuriken"},{"floor":11.0,"key":"Girya"},{"floor":13.0,"key":"Dodecahedron"}],"event_choices":[{"damage_healed":22.0,"max_hp_gain":0.0,"max_hp_loss":0.0,"gold_gain":0.0,"event_name":"Big Fish","player_choice":"Banana","floor":14.0,"gold_loss":0.0,"damage_taken":0.0}],"is_beta":false,"boss_relics":[{"not_picked":["Calling Bell","Tiny House"],"picked":"Philosopher\u0027s Stone"}],"items_purged_floors":[],"is_endless":false,"potions_floor_spawned":[1,4,5,11,13,16,20,22],"killed_by":"Slavers","ascension_level":20}