{"path_per_floor":["M","$","?","$","?","E","M","R","T","?","R","E","M","?","R","B",null,"M","$","M","M","M","R","M","R","T","R","T","M"],"character_chosen":"IRONCLAD","items_purchased":["Finesse","Swift Strike","Dual Wield"],"gold_per_floor":[116,18,193,12,12,37,54,54,54,54,54,88,107,57,57,156,156,169,31,46,57,67,67,78,78,78,78,157,174],"floor_reached":30,"campfire_rested":3,"playtime":1799,"current_hp_per_floor":[76,76,76,76,76,52,57,57,57,80,80,62,68,68,68,32,80,72,72,54,46,14,38,21,45,45,69,69,59],"items_purged":["Strike_R","Body Slam"],"gold":174,"play_id":"2afd9aad-874c-4004-a75a-2283a0b93e28","is_prod":false,"is_daily":false,"is_ascension_mode":false,"campfire_upgraded":3,"path_taken":["M","$","?","$","?","E","M","R","T","?","R","E","?","?","R","BOSS","M","$","M","M","M","R","M","R","T","R","?","M","M"],"build_version":"2018-01-25-PROD3","purchased_purges":2,"victory":false,"master_deck":["Strike_R","Strike_R","Strike_R","Defend_R","Defend_R","Defend_R","Defend_R","Bash","Metallicize+1","Finesse+1","Swift Strike","Body Slam+1","Anger","Body Slam","Thunderclap+1","Dual Wield","Anger+1"],"max_hp_per_floor":[80,80,80,80,80,80,80,80,80,80,80,80,80,80,80,80,80,80,80,80,80,80,80,80,80,80,80,80,80],"relics":["Burning Blood","Oddly Smooth Stone","Bag of Marbles","Frozen Eye","Happy Flower","Lizard Tail","Anchor","Dodecahedron"],"card_choices":[{"not_picked":["Perfected Strike","True Grit"],"picked":"Metallicize"},{"not_picked":["Cleave","Reckless Charge"],"picked":"Body Slam"},{"not_picked":["True Grit","Clothesline"],"picked":"Anger"},{"not_picked":["Wild Strike","Impervious"],"picked":"Body Slam"},{"not_picked":["Anger","Headbutt"],"picked":"Body Slam"},{"not_picked":["Perfected Strike","Cleave"],"picked":"Thunderclap"},{"not_picked":["Armaments","Sever Soul"],"picked":"Anger"}],"player_experience":34818,"potions_floor_usage":[16,22,24],"damage_taken":[{"damage":10,"enemies":"Small Slimes","floor":1,"turns":4},{"damage":30,"enemies":"Gremlin Nob","floor":6,"turns":5},{"damage":1,"enemies":"Jaw Worm","floor":7,"turns":4},{"damage":24,"enemies":"Lagavulin","floor":12,"turns":7},{"damage":0,"enemies":"2 Louse","floor":13,"turns":3},{"damage":57,"enemies":"Hexaghost","floor":16,"turns":13},{"damage":14,"enemies":"Chosen","floor":18,"turns":6},{"damage":24,"enemies":"2 Thieves","floor":20,"turns":5},{"damage":56,"enemies":"Snake Plant","floor":21,"turns":8},{"damage":38,"enemies":"Chosen and Byrds","floor":22,"turns":8},{"damage":23,"enemies":"Snecko","floor":24,"turns":8},{"damage":16,"enemies":"Snake Plant","floor":29,"turns":4},{"damage":64,"enemies":"3 Cultists","floor":30,"turns":6}],"event_choices":[{"event_name":"Liars Game","player_choice":"agreed","floor":3,"damage_taken":0},{"event_name":"Fountain of Cleansing","player_choice":"Removed Curse","floor":5,"damage_taken":0},{"event_name":"Big Fish","player_choice":"Banana","floor":10,"damage_taken":0},{"event_name":"The Cleric","player_choice":"Card Removal","floor":14,"damage_taken":0}],"boss_relics":[{"not_picked":["Velvet Choker","White Beast Statue"],"picked":"Lizard Tail"}],"potions_floor_spawned":[6,12,16,20,21],"seed_played":"-6779778576022435572","killed_by":"3 Cultists","ascension_level":0,"is_trial":false}