{"gold_per_floor":[112,112,129,143,143,143,154,171,219,253,253,283,303,303],"floor_reached":14,"playtime":532,"items_purged":[],"score":204,"play_id":"ae3ebc46-3639-44fd-b259-0f058cb5242a","local_time":"20190709085124","is_ascension_mode":true,"campfire_choices":[{"data":"Strike_B","floor":6,"key":"SMITH"},{"floor":11,"key":"REST"}],"neow_cost":"NONE","seed_source_timestamp":6349100767500,"circlet_count":0,"master_deck":["AscendersBane","Strike_B","Strike_B","Strike_B","Strike_B+1","Defend_B+1","Defend_B","Defend_B","Defend_B","Zap","Dualcast","Fusion","Storm","Sunder","Tempest"],"relics":["Snecko Eye","Orichalcum","Singing Bowl","Regal Pillow"],"potions_floor_usage":[10,12,14,14],"damage_taken":[{"damage":2,"enemies":"Cultist","floor":1,"turns":4},{"damage":14,"enemies":"Small Slimes","floor":3,"turns":6},{"damage":8,"enemies":"2 Louse","floor":4,"turns":3},{"damage":16,"enemies":"Exordium Wildlife","floor":7,"turns":4},{"damage":8,"enemies":"Blue Slaver","floor":8,"turns":5},{"damage":14,"enemies":"Lagavulin","floor":10,"turns":7},{"damage":5,"enemies":"3 Sentries","floor":12,"turns":3},{"damage":11,"enemies":"Large Slime","floor":13,"turns":5},{"damage":17,"enemies":"Exordium Thugs","floor":14,"turns":1}],"seed_played":"-7178675579675438153","potions_obtained":[{"floor":1,"key":"Dexterity Potion"},{"floor":7,"key":"Block Potion"},{"floor":10,"key":"Energy Potion"},{"floor":13,"key":"Dexterity Potion"}],"is_trial":false,"path_per_floor":["M","$","M","M","?","R","M","M","T","E","R","E","M","M"],"character_chosen":"DEFECT","items_purchased":[],"campfire_rested":1,"item_purchase_floors":[],"current_hp_per_floor":[62,62,48,40,40,40,24,16,16,2,23,20,11,0],"gold":303,"neow_bonus":"BOSS_RELIC","is_prod":false,"is_daily":false,"chose_seed":false,"campfire_upgraded":1,"win_rate":0,"timestamp":1562687484,"path_taken":["M","$","M","?","?","R","?","M","T","E","R","E","M","M"],"build_version":"2019-07-05","purchased_purges":0,"victory":false,"max_hp_per_floor":[71,71,71,71,71,71,71,71,71,71,71,73,75,75],"card_choices":[{"not_picked":["Loop","Go for the Eyes","Stack"],"picked":"SKIP","floor":1},{"not_picked":["Chaos","Reinforced Body"],"picked":"Fusion","floor":3},{"not_picked":["Sweeping Beam","Go for the Eyes","Genetic Algorithm"],"picked":"SKIP","floor":4},{"not_picked":["Go for the Eyes","BootSequence"],"picked":"Storm","floor":7},{"not_picked":["Static Discharge","Storm"],"picked":"Sunder","floor":8},{"not_picked":["Reinforced Body","Gash"],"picked":"Tempest","floor":10},{"not_picked":["Go for the Eyes","Scrape","Capacitor"],"picked":"Singing Bowl","floor":12},{"not_picked":["Streamline","Go for the Eyes","Rebound"],"picked":"Singing Bowl","floor":13}],"player_experience":1245252,"relics_obtained":[{"floor":9,"key":"Orichalcum"},{"floor":10,"key":"Singing Bowl"},{"floor":12,"key":"Regal Pillow"}],"event_choices":[{"damage_healed":0,"gold_gain":0,"player_choice":"Forge","damage_taken":0,"max_hp_gain":0,"max_hp_loss":0,"event_name":"Accursed Blacksmith","floor":5,"gold_loss":0,"cards_upgraded":["Defend_B"]}],"is_beta":false,"boss_relics":[],"items_purged_floors":[],"is_endless":false,"potions_floor_spawned":[1,7,10,13],"killed_by":"Exordium Thugs","ascension_level":20}