{"gold_per_floor":[211,224,224,224,53,53,84,102,102,112,112,127,144,158,158,232,232,248,348,298,312,331,331,358,371,371,371,371,371,371,390,390,461,461,474,339,229,242,23,23,51,63,63,63,83,83,83],"floor_reached":47,"playtime":2074,"items_purged":["Strike_R","Doubt","Barricade"],"score":954,"play_id":"400463b5-78db-4b0e-bd9e-c81a77014d6a","local_time":"20190616171042","is_ascension_mode":true,"campfire_choices":[{"data":"Bash","floor":6.0,"key":"SMITH"},{"data":"Fiend Fire","floor":11.0,"key":"SMITH"},{"data":"Spot Weakness","floor":15.0,"key":"SMITH"},{"floor":23.0,"key":"REST"},{"floor":28.0,"key":"REST"},{"floor":32.0,"key":"REST"},{"floor":40,"key":"REST"},{"floor":44,"key":"REST"},{"floor":46,"key":"REST"}],"neow_cost":"NONE","seed_source_timestamp":0,"circlet_count":0,"master_deck":["AscendersBane","Defend_R","Defend_R","Defend_R","Defend_R","Bash+1","Shockwave+1","Cleave","Fiend Fire+1","Battle Trance","Headbutt","Spot Weakness+1","Twin Strike","Limit Break","Flame Barrier","Uppercut","Body Slam+1","Rampage+1","Entrench+1","Clothesline","Sword Boomerang","Double Tap","Entrench+1","Blood for Blood+1","Barricade+1","Headbutt","Impervious","Pommel Strike+1","Impervious","Shrug It Off","Shame"],"special_seed":0,"relics":["Burning Blood","PreservedInsect","Question Card","Smiling Mask","Cursed Key","FossilizedHelix","Letter Opener","Orichalcum","Bottled Lightning","Astrolabe","Dodecahedron"],"potions_floor_usage":[38,47],"damage_taken":[{"damage":7.0,"enemies":"2 Louse","floor":1.0,"turns":4.0},{"damage":9.0,"enemies":"Jaw Worm","floor":2.0,"turns":5.0},{"damage":15.0,"enemies":"3 Sentries","floor":7.0,"turns":4.0},{"damage":0.0,"enemies":"Cultist","floor":8.0,"turns":2.0},{"damage":13.0,"enemies":"Blue Slaver","floor":10.0,"turns":5.0},{"damage":18.0,"enemies":"3 Louse","floor":12.0,"turns":4.0},{"damage":24.0,"enemies":"Red Slaver","floor":13.0,"turns":4.0},{"damage":10.0,"enemies":"Blue Slaver","floor":14.0,"turns":4.0},{"damage":7.0,"enemies":"Hexaghost","floor":16.0,"turns":7.0},{"damage":18.0,"enemies":"Chosen","floor":18.0,"turns":5.0},{"damage":6.0,"enemies":"Colosseum Slavers","floor":19.0,"turns":3.0},{"damage":5.0,"enemies":"Colosseum Nobs","floor":19.0,"turns":2.0},{"damage":11.0,"enemies":"Spheric Guardian","floor":21.0,"turns":4.0},{"damage":19.0,"enemies":"3 Cultists","floor":22.0,"turns":5.0},{"damage":25.0,"enemies":"Slavers","floor":24.0,"turns":3.0},{"damage":31.0,"enemies":"Snake Plant","floor":25.0,"turns":5.0},{"damage":0.0,"enemies":"Centurion and Healer","floor":31.0,"turns":5.0},{"damage":52.0,"enemies":"Champ","floor":33.0,"turns":19.0},{"damage":29,"enemies":"3 Darklings","floor":35,"turns":5},{"damage":16,"enemies":"Orb Walker","floor":38,"turns":4},{"damage":9,"enemies":"Nemesis","floor":41,"turns":7},{"damage":7,"enemies":"Transient","floor":42,"turns":6},{"damage":41,"enemies":"Maw","floor":45,"turns":9},{"damage":54,"enemies":"Giant Head","floor":47,"turns":7}],"seed_played":"6492416740853893113","potions_obtained":[{"floor":1.0,"key":"PowerPotion"},{"floor":8.0,"key":"EssenceOfSteel"},{"floor":18.0,"key":"AttackPotion"},{"floor":19.0,"key":"Explosive Potion"},{"floor":22.0,"key":"Swift Potion"},{"floor":31.0,"key":"Weak Potion"},{"floor":33.0,"key":"Energy Potion"},{"floor":35,"key":"SpeedPotion"},{"floor":45,"key":"SteroidPotion"}],"is_trial":false,"path_per_floor":["M","M","?","?","$","R","E","M","T","M","R","M","M","M","R","B",null,"M","?","$","M","M","R","E","M","T","?","R","?","?","M","R","B",null,"M","$","?","M","$","R","E","M","T","R","M","R","E"],"character_chosen":"IRONCLAD","items_purchased":["PreservedInsect","Impervious","Impervious"],"campfire_rested":6,"item_purchase_floors":[5,36,39],"current_hp_per_floor":[67,64,64,57,57,57,48,54,54,47,47,35,17,13,13,12,59,47,48,48,43,30,52,33,8,8,8,30,30,30,36,58,12,59,36,36,36,26,26,48,45,44,44,66,31,53,0],"gold":83,"neow_bonus":"HUNDRED_GOLD","is_prod":false,"is_daily":false,"chose_seed":false,"campfire_upgraded":3,"win_rate":0,"timestamp":1560719442,"path_taken":["M","M","?","?","$","R","E","M","T","M","R","M","?","M","R","BOSS","M","?","$","M","M","R","E","M","T","?","R","?","?","M","R","BOSS","M","$","?","M","$","R","E","M","T","R","M","R","E"],"build_version":"2019-01-23","purchased_purges":3,"victory":false,"max_hp_per_floor":[75,75,75,75,75,75,75,75,75,75,75,75,75,75,75,75,75,75,75,75,75,75,75,75,75,75,75,75,75,75,75,75,75,75,75,75,75,75,75,75,75,75,75,75,75,75,75],"card_choices":[{"not_picked":["Thunderclap","Headbutt"],"picked":"Shockwave","floor":1.0},{"not_picked":["Twin Strike","Headbutt"],"picked":"Cleave","floor":2.0},{"not_picked":["Havoc","Flex"],"picked":"Fiend Fire","floor":7.0},{"not_picked":["Infernal Blade","Heavy Blade","Second Wind"],"picked":"Battle Trance","floor":8.0},{"not_picked":["Reckless Charge","Shockwave","Burning Pact"],"picked":"Headbutt","floor":10.0},{"not_picked":["Second Wind","Flex","Shrug It Off"],"picked":"Spot Weakness","floor":12.0},{"not_picked":["Battle Trance","Flex","Armaments"],"picked":"Twin Strike","floor":13.0},{"not_picked":["Rupture","Shockwave","Thunderclap"],"picked":"Barricade","floor":14.0},{"not_picked":["Fiend Fire","Bludgeon","Offering"],"picked":"Limit Break","floor":16.0},{"not_picked":["Havoc","Anger","Spot Weakness"],"picked":"Flame Barrier","floor":18.0},{"not_picked":["Pommel Strike","Feel No Pain","Perfected Strike"],"picked":"Uppercut","floor":19.0},{"not_picked":["True Grit","Reckless Charge","Warcry"],"picked":"Body Slam+1","floor":21.0},{"not_picked":["Bloodletting","Infernal Blade","Perfected Strike"],"picked":"Rampage","floor":22.0},{"not_picked":["Spot Weakness+1","Limit Break","Anger"],"picked":"Entrench+1","floor":24.0},{"not_picked":["Headbutt","Sever Soul","Heavy Blade"],"picked":"Clothesline","floor":25.0},{"not_picked":["Headbutt","Carnage+1","Clothesline"],"picked":"Sword Boomerang","floor":31.0},{"not_picked":["Juggernaut","Feed","Bludgeon"],"picked":"Double Tap","floor":33.0},{"not_picked":["Headbutt","Dual Wield","Wild Strike+1","Clothesline"],"picked":"SKIP","floor":35},{"not_picked":["Dual Wield","Wild Strike+1","Clothesline"],"picked":"Headbutt","floor":35},{"not_picked":["Heavy Blade","Feel No Pain+1","Twin Strike+1"],"picked":"Pommel Strike+1","floor":38},{"not_picked":["Iron Wave","Combust+1","Uppercut","Thunderclap"],"picked":"SKIP","floor":41},{"not_picked":["Havoc+1","Perfected Strike","Second Wind"],"picked":"Shrug It Off","floor":42},{"not_picked":["Offering","Clash","Heavy Blade","Headbutt"],"picked":"SKIP","floor":45}],"player_experience":743440,"relics_obtained":[{"floor":7.0,"key":"Question Card"},{"floor":9.0,"key":"Smiling Mask"},{"floor":19.0,"key":"FossilizedHelix"},{"floor":19.0,"key":"Letter Opener"},{"floor":24.0,"key":"Orichalcum"},{"floor":26.0,"key":"Bottled Lightning"},{"floor":41,"key":"Dodecahedron"}],"event_choices":[{"damage_healed":0.0,"max_hp_gain":0.0,"max_hp_loss":0.0,"gold_gain":0.0,"event_name":"Living Wall","player_choice":"Grow","floor":3.0,"gold_loss":0.0,"damage_taken":0.0,"cards_upgraded":["Shockwave"]},{"cards_removed":["Strike_R"],"damage_healed":0.0,"max_hp_gain":0.0,"max_hp_loss":0.0,"gold_gain":0.0,"event_name":"Golden Wing","player_choice":"Card Removal","floor":4.0,"gold_loss":0.0,"damage_taken":7.0},{"damage_healed":0.0,"max_hp_gain":0.0,"max_hp_loss":0.0,"gold_gain":0.0,"event_name":"Colosseum","player_choice":"Fight","floor":19.0,"gold_loss":0.0,"damage_taken":0.0},{"damage_healed":0.0,"max_hp_gain":0.0,"max_hp_loss":0.0,"gold_gain":0.0,"event_name":"Colosseum","player_choice":"Fought Nobs","floor":19.0,"gold_loss":0.0,"damage_taken":0.0},{"damage_healed":0.0,"max_hp_gain":0.0,"max_hp_loss":0.0,"gold_gain":0.0,"event_name":"Forgotten Altar","player_choice":"Smashed Altar","floor":27.0,"gold_loss":0.0,"damage_taken":0.0,"cards_obtained":["Decay"]},{"damage_healed":0.0,"max_hp_gain":0.0,"max_hp_loss":0.0,"gold_gain":0.0,"event_name":"Ghosts","player_choice":"Ignored","floor":29.0,"gold_loss":0.0,"damage_taken":0.0},{"damage_healed":0.0,"max_hp_gain":0.0,"max_hp_loss":0.0,"gold_gain":0.0,"event_name":"WeMeetAgain","player_choice":"Ignored","floor":30.0,"gold_loss":0.0,"damage_taken":0.0},{"cards_removed":["Decay"],"damage_healed":0,"gold_gain":0,"player_choice":"Upgrade and Remove","damage_taken":0,"max_hp_gain":0,"max_hp_loss":0,"event_name":"Designer","floor":37,"gold_loss":110,"cards_upgraded":["Rampage"]}],"is_beta":false,"boss_relics":[{"not_picked":["Empty Cage","Fusion Hammer"],"picked":"Cursed Key"},{"not_picked":["Black Star","Pandora\u0027s Box"],"picked":"Astrolabe"}],"items_purged_floors":[20,36,39],"is_endless":false,"potions_floor_spawned":[1,8,14,18,19,22,31,33,35,45],"killed_by":"Giant Head","ascension_level":18}