{"gold_per_floor":[19,19,30,50,64,97,97,125,125,125,156,156,183,203,203,279,279,233,233,251,48,67,67,101,128,128,141,141,169,179,197,197,270,270,283,300,221,221,321,321,354,387,387,416,316,346,359,97,97,97,97,97,97,32,32],"floor_reached":55,"playtime":3166,"items_purged":["Strike_R","Strike_R"],"score":2131,"play_id":"4a232079-c5c3-4196-86f1-5493d6e66534","local_time":"20190620001723","is_ascension_mode":true,"campfire_choices":[{"floor":7.0,"key":"REST"},{"floor":10.0,"key":"REST"},{"data":"Fiend Fire","floor":12.0,"key":"SMITH"},{"data":"Flame Barrier","floor":15.0,"key":"SMITH"},{"data":"Corruption","floor":23.0,"key":"SMITH"},{"data":"Barricade","floor":32.0,"key":"SMITH"},{"data":"Demon Form","floor":40.0,"key":"SMITH"},{"floor":49.0,"key":"RECALL"},{"data":"Dark Embrace","floor":53.0,"key":"SMITH"}],"neow_cost":"NO_GOLD","seed_source_timestamp":483804198903300,"circlet_count":0,"master_deck":["AscendersBane","Strike_R+1","Strike_R","Defend_R","Defend_R","Defend_R","Defend_R","Bash","Dropkick","Pommel Strike","Fiend Fire+1","Headbutt","Iron Wave+1","Exhume","Carnage","Spot Weakness","Seeing Red","Metallicize","Flame Barrier+1","Reaper","Exhume","Feel No Pain","J.A.X.","Pommel Strike","Corruption+1","Flame Barrier","Seeing Red","Dark Embrace+1","Impervious","Feel No Pain","Whirlwind","Barricade+1","Pommel Strike","Demon Form+1","Seeing Red","Corruption","Battle Trance","Juggernaut","Juggernaut","Shrug It Off+1","Flame Barrier","Battle Trance","Burning Pact"],"special_seed":0,"relics":["Burning Blood","StoneCalendar","Prayer Wheel","Ornamental Fan","Mummified Hand","Kunai","Ancient Tea Set","Whetstone","Black Star","Red Mask","Dream Catcher","Thread and Needle","Bag of Preparation","Blood Vial","Meat on the Bone","Eternal Feather","WingedGreaves","Girya","Anchor","Pear","Bottled Tornado","Happy Flower","Potion Belt","Nunchaku","The Courier","FossilizedHelix"],"potions_floor_usage":[55,55,55,55],"damage_taken":[{"damage":1.0,"enemies":"2 Louse","floor":1.0,"turns":4.0},{"damage":1.0,"enemies":"Cultist","floor":3.0,"turns":3.0},{"damage":0.0,"enemies":"Small Slimes","floor":4.0,"turns":2.0},{"damage":12.0,"enemies":"Looter","floor":5.0,"turns":3.0},{"damage":47.0,"enemies":"Lagavulin","floor":6.0,"turns":6.0},{"damage":19.0,"enemies":"Gremlin Nob","floor":8.0,"turns":4.0},{"damage":16.0,"enemies":"Lagavulin","floor":11.0,"turns":7.0},{"damage":8.0,"enemies":"Gremlin Nob","floor":13.0,"turns":3.0},{"damage":6.0,"enemies":"Blue Slaver","floor":14.0,"turns":4.0},{"damage":13.0,"enemies":"Hexaghost","floor":16.0,"turns":8.0},{"damage":33.0,"enemies":"2 Thieves","floor":18.0,"turns":5.0},{"damage":12.0,"enemies":"Spheric Guardian","floor":20.0,"turns":4.0},{"damage":26.0,"enemies":"Shelled Parasite and Fungi","floor":22.0,"turns":5.0},{"damage":46.0,"enemies":"Masked Bandits","floor":24.0,"turns":6.0},{"damage":24.0,"enemies":"Slavers","floor":25.0,"turns":6.0},{"damage":3.0,"enemies":"Centurion and Healer","floor":27.0,"turns":7.0},{"damage":34.0,"enemies":"Book of Stabbing","floor":29.0,"turns":7.0},{"damage":3.0,"enemies":"Snecko","floor":30.0,"turns":5.0},{"damage":11.0,"enemies":"Snake Plant","floor":31.0,"turns":3.0},{"damage":51.0,"enemies":"Collector","floor":33.0,"turns":11.0},{"damage":36.0,"enemies":"Orb Walker","floor":35.0,"turns":6.0},{"damage":18.0,"enemies":"3 Shapes","floor":36.0,"turns":6.0},{"damage":8.0,"enemies":"Mind Bloom Boss Battle","floor":39.0,"turns":9.0},{"damage":15.0,"enemies":"Giant Head","floor":41.0,"turns":6.0},{"damage":3.0,"enemies":"Nemesis","floor":42.0,"turns":6.0},{"damage":30.0,"enemies":"Reptomancer","floor":44.0,"turns":6.0},{"damage":8.0,"enemies":"Nemesis","floor":46.0,"turns":5.0},{"damage":25.0,"enemies":"Transient","floor":47.0,"turns":6.0},{"damage":12.0,"enemies":"Donu and Deca","floor":50.0,"turns":7.0},{"damage":5.0,"enemies":"Time Eater","floor":51.0,"turns":11.0},{"damage":108,"enemies":"Shield and Spear","floor":55,"turns":5}],"seed_played":"9064184614801633932","potions_obtained":[{"floor":1.0,"key":"Block Potion"},{"floor":6.0,"key":"Block Potion"},{"floor":8.0,"key":"Ancient Potion"},{"floor":14.0,"key":"Weak Potion"},{"floor":20.0,"key":"Swift Potion"},{"floor":27.0,"key":"SteroidPotion"},{"floor":30.0,"key":"Block Potion"},{"floor":31.0,"key":"Regen Potion"},{"floor":33.0,"key":"FearPotion"},{"floor":46.0,"key":"Dexterity Potion"},{"floor":47.0,"key":"BloodPotion"}],"is_trial":false,"path_per_floor":["M","?","M","M","M","E","R","E","T","R","E","R","E","M","R","B",null,"M","?","M","$","M","R","?","E","T","M","?","E","M","M","R","B",null,"M","M","$","?","?","R","E","E","T","E","$","E","M","$","R","B","B",null,"R","$","E"],"character_chosen":"IRONCLAD","items_purchased":["Corruption","Flame Barrier","Corruption","FossilizedHelix","Burning Pact"],"campfire_rested":2,"item_purchase_floors":[21,21,37,48,54],"current_hp_per_floor":[73,73,75,75,69,28,50,37,37,59,49,49,47,47,47,44,67,44,44,38,38,42,42,30,18,18,39,39,11,37,47,47,23,62,52,54,54,54,63,75,75,85,85,61,61,61,60,60,84,85,85,85,85,85,0],"gold":32,"neow_bonus":"ONE_RARE_RELIC","is_prod":false,"is_daily":false,"chose_seed":false,"campfire_upgraded":6,"win_rate":0,"timestamp":1560986243,"path_taken":["M","?","M","M","M","E","R","E","T","R","E","R","E","?","R","BOSS","M","?","M","$","M","R","?","E","T","M","?","E","M","M","R","BOSS","M","?","$","?","?","R","E","E","T","E","?","E","M","$","R","BOSS","BOSS","R","$","E"],"build_version":"2019-01-23","purchased_purges":2,"victory":false,"max_hp_per_floor":[75,75,75,75,75,75,75,75,75,75,75,75,75,75,75,75,75,75,75,75,75,75,75,75,75,75,75,75,75,75,75,75,75,75,75,75,75,75,75,75,75,85,85,85,85,85,85,85,85,85,85,85,85,85,85],"card_choices":[{"not_picked":["Blood for Blood","Twin Strike"],"picked":"Dropkick","floor":1.0},{"not_picked":["Combust","Body Slam"],"picked":"Pommel Strike","floor":3.0},{"not_picked":["Body Slam","Perfected Strike"],"picked":"Fiend Fire","floor":3.0},{"not_picked":["Thunderclap","Twin Strike"],"picked":"Headbutt","floor":4.0},{"not_picked":["Searing Blow","Flex"],"picked":"Iron Wave","floor":4.0},{"not_picked":["Iron Wave","Body Slam"],"picked":"Exhume","floor":5.0},{"not_picked":["Bloodletting","Uppercut"],"picked":"Carnage","floor":5.0},{"not_picked":["Armaments","Iron Wave"],"picked":"Spot Weakness","floor":6.0},{"not_picked":["Bloodletting","Anger"],"picked":"Seeing Red","floor":8.0},{"not_picked":["Havoc","Clash","Cleave"],"picked":"SKIP","floor":11.0},{"not_picked":["Armaments","Anger"],"picked":"Metallicize","floor":13.0},{"not_picked":["Perfected Strike","Second Wind"],"picked":"Flame Barrier","floor":14.0},{"not_picked":["Evolve","Uppercut"],"picked":"Reaper","floor":14.0},{"not_picked":["Berserk","Fiend Fire"],"picked":"Exhume","floor":16.0},{"not_picked":["Body Slam","Sentinel"],"picked":"Feel No Pain","floor":18.0},{"not_picked":["Hemokinesis","Armaments","Headbutt"],"picked":"SKIP","floor":18.0},{"not_picked":["Headbutt","True Grit"],"picked":"Pommel Strike","floor":20.0},{"not_picked":["Hemokinesis","Twin Strike","True Grit"],"picked":"SKIP","floor":20.0},{"not_picked":["Power Through","Bloodletting+1"],"picked":"Seeing Red","floor":22.0},{"not_picked":["Flex+1","Cleave","Perfected Strike"],"picked":"SKIP","floor":22.0},{"not_picked":["Heavy Blade","Feel No Pain"],"picked":"Dark Embrace","floor":24.0},{"not_picked":["Flex","True Grit"],"picked":"Impervious","floor":25.0},{"not_picked":["Perfected Strike","Wild Strike"],"picked":"Feel No Pain","floor":27.0},{"not_picked":["Body Slam","Flex","Combust"],"picked":"SKIP","floor":27.0},{"not_picked":["Intimidate","Warcry"],"picked":"Whirlwind","floor":29.0},{"not_picked":["Havoc+1","Headbutt","Perfected Strike"],"picked":"SKIP","floor":30.0},{"not_picked":["Havoc","Carnage","Infernal Blade"],"picked":"SKIP","floor":30.0},{"not_picked":["Havoc","Perfected Strike"],"picked":"Barricade","floor":31.0},{"not_picked":["Body Slam","Havoc"],"picked":"Pommel Strike","floor":31.0},{"not_picked":["Offering","Reaper"],"picked":"Demon Form","floor":33.0},{"not_picked":["Flex","Evolve","Rupture"],"picked":"SKIP","floor":35.0},{"not_picked":["Anger","Headbutt","Sword Boomerang"],"picked":"SKIP","floor":35.0},{"not_picked":["Headbutt","Armaments"],"picked":"Seeing Red","floor":36.0},{"not_picked":["Fire Breathing+1","Armaments","Thunderclap"],"picked":"SKIP","floor":36.0},{"not_picked":["Power Through","Wild Strike"],"picked":"Battle Trance","floor":41.0},{"not_picked":["Pummel","Carnage+1"],"picked":"Juggernaut","floor":42.0},{"not_picked":["Havoc","Seeing Red"],"picked":"Juggernaut","floor":44.0},{"not_picked":["Heavy Blade","Warcry"],"picked":"Shrug It Off+1","floor":46.0},{"not_picked":["Sword Boomerang","Iron Wave"],"picked":"Flame Barrier","floor":47.0},{"not_picked":["Anger","Cleave+1"],"picked":"Battle Trance","floor":47.0}],"player_experience":1483421,"relics_obtained":[{"floor":6.0,"key":"Ornamental Fan"},{"floor":8.0,"key":"Mummified Hand"},{"floor":9.0,"key":"Kunai"},{"floor":11.0,"key":"Ancient Tea Set"},{"floor":13.0,"key":"Whetstone"},{"floor":24.0,"key":"Red Mask"},{"floor":25.0,"key":"Dream Catcher"},{"floor":25.0,"key":"Thread and Needle"},{"floor":26.0,"key":"Bag of Preparation"},{"floor":29.0,"key":"Blood Vial"},{"floor":29.0,"key":"Meat on the Bone"},{"floor":39.0,"key":"WingedGreaves"},{"floor":41.0,"key":"Girya"},{"floor":41.0,"key":"Anchor"},{"floor":42.0,"key":"Pear"},{"floor":42.0,"key":"Bottled Tornado"},{"floor":44.0,"key":"Happy Flower"},{"floor":44.0,"key":"Potion Belt"},{"floor":46.0,"key":"Nunchaku"},{"floor":46.0,"key":"The Courier"}],"event_choices":[{"damage_healed":0.0,"max_hp_gain":0.0,"max_hp_loss":0.0,"gold_gain":0.0,"event_name":"WeMeetAgain","player_choice":"Gave Potion","floor":2.0,"gold_loss":0.0,"damage_taken":0.0,"relics_obtained":["Prayer Wheel"]},{"damage_healed":0.0,"max_hp_gain":0.0,"max_hp_loss":0.0,"gold_gain":0.0,"event_name":"Drug Dealer","player_choice":"Obtain J.A.X.","floor":19.0,"gold_loss":0.0,"damage_taken":0.0,"cards_obtained":["J.A.X."]},{"damage_healed":0.0,"max_hp_gain":0.0,"max_hp_loss":0.0,"gold_gain":0.0,"event_name":"Masked Bandits","player_choice":"Fought Bandits","floor":24.0,"gold_loss":0.0,"damage_taken":0.0},{"cards_removed":["Strike_R"],"damage_healed":0.0,"max_hp_gain":0.0,"max_hp_loss":0.0,"gold_gain":0.0,"event_name":"Wheel of Change","player_choice":"Card Removal","floor":28.0,"gold_loss":0.0,"damage_taken":0.0},{"damage_healed":0.0,"max_hp_gain":0.0,"max_hp_loss":0.0,"gold_gain":0.0,"event_name":"Mysterious Sphere","player_choice":"Ignored","floor":38.0,"gold_loss":0.0,"damage_taken":0.0},{"damage_healed":0.0,"max_hp_gain":0.0,"max_hp_loss":0.0,"gold_gain":0.0,"event_name":"MindBloom","player_choice":"Fight","floor":39.0,"gold_loss":0.0,"damage_taken":0.0}],"is_beta":false,"boss_relics":[{"not_picked":["Runic Cube","Black Blood"],"picked":"Black Star"},{"not_picked":["Runic Dome","Tiny House"],"picked":"Eternal Feather"}],"items_purged_floors":[21,45],"is_endless":false,"potions_floor_spawned":[1,6,8,14,20,27,30,31,33,35,39,46,47],"killed_by":"Shield and Spear","ascension_level":20}