{"gold_per_floor":[121,147,159,183,195,232,244,272,308,91,91,122,122,122,122,224,224,238,163,181,96,111,111],"floor_reached":23,"playtime":1202,"items_purged":[],"score":349,"play_id":"110caa7f-83f6-42ef-8f4e-6df10f19c417","local_time":"20180902004741","is_ascension_mode":true,"campfire_choices":[{"data":"Neutralize","floor":7.0,"key":"SMITH"},{"floor":11.0,"key":"REST"},{"data":"Mayhem","floor":13.0,"key":"SMITH"},{"floor":15.0,"key":"REST"}],"neow_cost":"NONE","seed_source_timestamp":4851837946514484,"circlet_count":0,"master_deck":["Defend_G+1","Defend_G","Defend_G","Defend_G+1","Defend_G+1","Strike_G","Strike_G","Strike_G","Strike_G+1","Survivor","Neutralize+1","Dodge and Roll","Infinite Blades","Dagger Throw","Mayhem+1","Footwork","Backstab","After Image","Blade Dance","Backflip","Cloak And Dagger","Quick Slash","Well Laid Plans","Flying Knee","Dodge and Roll","Accuracy"],"special_seed":0,"relics":["Ring of the Snake","MawBank","Ornamental Fan","Bottled Lightning","Ancient Tea Set","War Paint","Orrery","Regal Pillow"],"potions_floor_usage":[23,23],"damage_taken":[{"damage":4.0,"enemies":"Jaw Worm","floor":1.0,"turns":5.0},{"damage":0.0,"enemies":"2 Louse","floor":2.0,"turns":5.0},{"damage":0.0,"enemies":"Cultist","floor":4.0,"turns":5.0},{"damage":27.0,"enemies":"3 Sentries","floor":6.0,"turns":14.0},{"damage":14.0,"enemies":"Exordium Thugs","floor":8.0,"turns":5.0},{"damage":14.0,"enemies":"Gremlin Nob","floor":12.0,"turns":6.0},{"damage":0.0,"enemies":"The Guardian","floor":16.0,"turns":16.0},{"damage":7.0,"enemies":"3 Byrds","floor":18.0,"turns":9.0},{"damage":19.0,"enemies":"2 Thieves","floor":20.0,"turns":5.0},{"damage":12.0,"enemies":"Shelled Parasite and Fungi","floor":22.0,"turns":9.0},{"damage":23,"enemies":"Slavers","floor":23,"turns":1}],"seed_played":"1528223677229951","potions_obtained":[{"floor":4.0,"key":"FearPotion"},{"floor":8.0,"key":"SkillPotion"},{"floor":12.0,"key":"SteroidPotion"},{"floor":16.0,"key":"Strength Potion"},{"floor":18.0,"key":"Explosive Potion"},{"floor":20.0,"key":"Strength Potion"}],"is_trial":false,"path_per_floor":["M","M","?","M","T","E","R","M","T","$","R","E","R","?","R","B",null,"M","?","M","?","M"],"character_chosen":"THE_SILENT","items_purchased":["Mayhem","Footwork"],"campfire_rested":2,"item_purchase_floors":[10,10],"current_hp_per_floor":[59,59,59,59,59,32,32,18,18,18,39,25,25,11,32,32,61,54,54,35,35,23,0],"gold":111,"neow_bonus":"RANDOM_COMMON_RELIC","is_prod":false,"is_daily":false,"chose_seed":false,"campfire_upgraded":2,"win_rate":0,"timestamp":1535863661,"path_taken":["M","M","?","?","?","E","R","M","T","$","R","E","R","?","R","BOSS","M","?","M","?","M","E"],"build_version":"2018-08-30","purchased_purges":0,"victory":false,"max_hp_per_floor":[70,70,70,70,70,70,70,70,70,70,70,70,70,70,70,70,70,70,70,70,70,70,70],"card_choices":[{"not_picked":["Dagger Spray","Slice"],"picked":"Dodge and Roll","floor":1.0},{"not_picked":["Underhanded Strike","Blade Dance"],"picked":"Infinite Blades","floor":2.0},{"not_picked":["Expertise","Distraction","Flechettes"],"picked":"SKIP","floor":4.0},{"not_picked":["Reflex","Bane"],"picked":"Dagger Throw","floor":6.0},{"not_picked":["Slice","Flechettes","Distraction"],"picked":"SKIP","floor":8.0},{"not_picked":["Prepared","Finisher"],"picked":"Backstab","floor":12.0},{"not_picked":["A Thousand Cuts","Grand Finale"],"picked":"After Image","floor":16.0},{"not_picked":["Bane","Quick Slash"],"picked":"Blade Dance","floor":17.0},{"not_picked":["Skewer","Acrobatics"],"picked":"Backflip","floor":17.0},{"not_picked":["Tactician","Riddle With Holes"],"picked":"Cloak And Dagger","floor":17.0},{"not_picked":["Acrobatics","Prepared"],"picked":"Quick Slash","floor":17.0},{"not_picked":["Slice","Deadly Poison"],"picked":"Well Laid Plans","floor":17.0},{"not_picked":["Dagger Throw","PiercingWail+1"],"picked":"Flying Knee","floor":18.0},{"not_picked":["Underhanded Strike","Heel Hook"],"picked":"Dodge and Roll","floor":20.0},{"not_picked":["Caltrops","Flying Knee"],"picked":"Accuracy","floor":22.0}],"player_experience":303799,"relics_obtained":[{"floor":5.0,"key":"Ornamental Fan"},{"floor":6.0,"key":"Bottled Lightning"},{"floor":9.0,"key":"Ancient Tea Set"},{"floor":12.0,"key":"War Paint"}],"event_choices":[{"event_name":"The Cleric","player_choice":"Leave","floor":3.0,"damage_taken":0.0},{"event_name":"Shining Light","player_choice":"Entered Light","floor":14.0,"damage_taken":0.0},{"event_name":"Beggar","player_choice":"Gave Gold","floor":19.0,"damage_taken":0.0},{"event_name":"Addict","player_choice":"Obtained Relic","floor":21.0,"damage_taken":0.0}],"is_beta":false,"boss_relics":[{"not_picked":["Busted Crown","Philosopher\u0027s Stone"],"picked":"Orrery"}],"items_purged_floors":[],"is_endless":false,"potions_floor_spawned":[4,8,12,16,18,20],"killed_by":"Slavers","ascension_level":8}