{"gold_per_floor":[115,131,147,147,147,147,180,204,231,246,289,314,314,329,329,452,490,509,509,534,268,283,283,616,616,616,616,640,640,678,692,692,820,820,836,856,856,869,885,921,921,921,971,971,991,991,1011,380,380,380],"floor_reached":50,"playtime":2988,"items_purged":["Strike_G"],"score":601,"play_id":"a675ab75-ffbf-4c50-9d02-3e996b036e08","local_time":"20180707130042","is_ascension_mode":false,"campfire_choices":[{"floor":6.0,"key":"REST"},{"floor":15.0,"key":"REST"},{"floor":23.0,"key":"REST"},{"data":"Noxious Fumes","floor":25.0,"key":"SMITH"},{"floor":32.0,"key":"REST"},{"floor":41,"key":"REST"},{"floor":44,"key":"REST"},{"data":"Deadly Poison","floor":49,"key":"SMITH"}],"neow_cost":"NONE","seed_source_timestamp":5878222184833280,"circlet_count":0,"master_deck":["Defend_G","Defend_G","Defend_G","Defend_G","Defend_G","Strike_G","Strike_G","Survivor","Neutralize","Backflip","Crippling Poison+1","Leg Sweep","Corpse Explosion","Poisoned Stab","Backflip","Sucker Punch","Heel Hook","Backflip","After Image+1","Bane","Quick Slash","Neutralize","Tools of the Trade","All Out Attack+1","Noxious Fumes+1","Backflip","Sucker Punch","Deadly Poison+1","Dodge and Roll+1","Dodge and Roll","Choke","Tools of the Trade","Acrobatics+1","Terror+1","Panache","Deadly Poison+1","Adrenaline","Dagger Throw","Envenom","Underhanded Strike+1","Deadly Poison"],"special_seed":0,"relics":["Runic Dome","Golden Idol","Bag of Marbles","Snake Skull","Pen Nib","Tiny House","TwistedFunnel","Old Coin","Bag of Preparation","Question Card","Kunai","Empty Cage","Regal Pillow","Anchor","Torii","Lee\u0027s Waffle"],"potions_floor_usage":[],"damage_taken":[{"damage":7.0,"enemies":"2 Louse","floor":1.0,"turns":3.0},{"damage":0.0,"enemies":"Cultist","floor":2.0,"turns":4.0},{"damage":3.0,"enemies":"Small Slimes","floor":3.0,"turns":4.0},{"damage":28.0,"enemies":"Lagavulin","floor":7.0,"turns":14.0},{"damage":0.0,"enemies":"Looter","floor":8.0,"turns":3.0},{"damage":12.0,"enemies":"Large Slime","floor":10.0,"turns":6.0},{"damage":7.0,"enemies":"Gremlin Nob","floor":11.0,"turns":4.0},{"damage":4.0,"enemies":"3 Louse","floor":12.0,"turns":2.0},{"damage":0.0,"enemies":"Blue Slaver","floor":14.0,"turns":4.0},{"damage":18.0,"enemies":"The Guardian","floor":16.0,"turns":10.0},{"damage":12.0,"enemies":"Chosen","floor":18.0,"turns":6.0},{"damage":10.0,"enemies":"Spheric Guardian","floor":20.0,"turns":5.0},{"damage":0.0,"enemies":"Snecko","floor":22.0,"turns":4.0},{"damage":12.0,"enemies":"Slavers","floor":24.0,"turns":5.0},{"damage":4.0,"enemies":"Chosen and Byrds","floor":28.0,"turns":4.0},{"damage":1.0,"enemies":"Book of Stabbing","floor":30.0,"turns":7.0},{"damage":39.0,"enemies":"Slaver and Parasite","floor":31.0,"turns":5.0},{"damage":40,"enemies":"Automaton","floor":33,"turns":10},{"damage":0,"enemies":"3 Shapes","floor":35,"turns":5},{"damage":2,"enemies":"Orb Walker","floor":36,"turns":5},{"damage":14,"enemies":"Maw","floor":38,"turns":9},{"damage":37,"enemies":"Sphere and 2 Shapes","floor":39,"turns":5},{"damage":37,"enemies":"Nemesis","floor":40,"turns":7},{"damage":0,"enemies":"4 Shapes","floor":45,"turns":5},{"damage":22,"enemies":"Maw","floor":47,"turns":7},{"damage":102,"enemies":"Awakened One","floor":50,"turns":9}],"seed_played":"1606977195507759203","potions_obtained":[{"floor":1.0,"key":"Fire Potion"},{"floor":3.0,"key":"SpeedPotion"},{"floor":7.0,"key":"FairyPotion"},{"floor":40,"key":"Explosive Potion"}],"is_trial":false,"path_per_floor":["M","M","M","?","?","R","E","M","T","M","E","M","?","M","R","B",null,"M","?","M","$","M","R","E","R","T","?","M","T","E","M","R","B",null,"M","M","?","M","M","E","R","?","T","R","M","?","M","$","R"],"character_chosen":"THE_SILENT","items_purchased":["TwistedFunnel","Noxious Fumes","Torii","Lee\u0027s Waffle","Deadly Poison"],"campfire_rested":6,"item_purchase_floors":[21,21,48,48,48],"current_hp_per_floor":[63,63,60,60,43,64,36,36,36,24,17,13,13,13,34,16,75,63,63,53,53,53,75,63,63,63,63,59,59,58,19,41,1,75,75,73,73,59,22,7,44,44,44,75,75,75,53,82,82,0],"gold":380,"neow_bonus":"BOSS_RELIC","is_prod":false,"is_daily":false,"chose_seed":false,"campfire_upgraded":2,"win_rate":0.0,"timestamp":1530982842,"path_taken":["M","M","M","?","?","R","E","M","T","M","E","M","?","M","R","BOSS","M","?","?","$","M","R","E","R","T","?","M","?","E","M","R","BOSS","M","M","?","M","M","E","R","?","T","R","?","?","M","$","R","BOSS"],"build_version":"2018-07-05","purchased_purges":1,"victory":false,"max_hp_per_floor":[70,70,70,70,70,70,70,70,70,70,70,70,70,70,70,70,75,75,75,75,75,75,75,75,75,75,75,75,75,75,75,75,75,75,75,75,75,75,75,75,75,75,75,75,75,75,75,82,82,82],"card_choices":[{"not_picked":["Outmaneuver","Caltrops"],"picked":"Backflip","floor":1.0},{"not_picked":["Acrobatics","Sucker Punch"],"picked":"Crippling Poison","floor":2.0},{"not_picked":["Acrobatics","Calculated Gamble"],"picked":"Leg Sweep","floor":3.0},{"not_picked":["Sucker Punch","Flechettes"],"picked":"Corpse Explosion","floor":7.0},{"not_picked":["Prepared","Caltrops"],"picked":"Poisoned Stab","floor":8.0},{"not_picked":["Expertise","Acrobatics"],"picked":"Backflip","floor":10.0},{"not_picked":["Caltrops","Acrobatics"],"picked":"Sucker Punch","floor":11.0},{"not_picked":["Slice","PiercingWail"],"picked":"Heel Hook","floor":12.0},{"not_picked":["Distraction","Outmaneuver"],"picked":"Backflip","floor":14.0},{"not_picked":["A Thousand Cuts","Unload"],"picked":"After Image","floor":16.0},{"not_picked":["Quick Slash","Slice"],"picked":"Bane","floor":17.0},{"not_picked":["Skewer","Dagger Spray"],"picked":"Quick Slash","floor":18.0},{"not_picked":["Dash","Quick Slash"],"picked":"All Out Attack+1","floor":20.0},{"not_picked":["Riddle With Holes","Calculated Gamble"],"picked":"Backflip","floor":22.0},{"not_picked":["Expertise","Masterful Stab"],"picked":"Sucker Punch","floor":24.0},{"not_picked":["Backflip","Prepared"],"picked":"Dodge and Roll+1","floor":28.0},{"not_picked":["Burst","Sucker Punch","Quick Slash"],"picked":"Dodge and Roll","floor":30.0},{"not_picked":["Dagger Spray","Bane","Deflect+1"],"picked":"Choke","floor":31.0},{"not_picked":["Phantasmal Killer","Glass Knife","Bullet Time"],"picked":"Tools of the Trade","floor":33},{"not_picked":["Quick Slash","Backstab+1","Dodge and Roll+1"],"picked":"Acrobatics+1","floor":35},{"not_picked":["PiercingWail","Endless Agony","Predator+1"],"picked":"Terror+1","floor":36},{"not_picked":["Jack Of All Trades","Trip","Madness"],"picked":"Panache","floor":37},{"not_picked":["PiercingWail+1","Sucker Punch+1","Poisoned Stab+1"],"picked":"Deadly Poison+1","floor":38},{"not_picked":["Infinite Blades+1","Bane+1","Acrobatics"],"picked":"Adrenaline","floor":39},{"not_picked":["PiercingWail","Dash","Blur"],"picked":"Dagger Throw","floor":40},{"not_picked":["Poisoned Stab","Underhanded Strike","Outmaneuver"],"picked":"Envenom","floor":45},{"not_picked":["Calculated Gamble+1","Distraction","Slice"],"picked":"Underhanded Strike+1","floor":47}],"player_experience":78511,"relics_obtained":[{"floor":7.0,"key":"Bag of Marbles"},{"floor":9.0,"key":"Snake Skull"},{"floor":11.0,"key":"Pen Nib"},{"floor":24.0,"key":"Old Coin"},{"floor":26.0,"key":"Bag of Preparation"},{"floor":29.0,"key":"Question Card"},{"floor":30.0,"key":"Kunai"},{"floor":40,"key":"Regal Pillow"},{"floor":43,"key":"Anchor"}],"event_choices":[{"event_name":"Accursed Blacksmith","player_choice":"Forge","floor":4.0,"damage_taken":0.0},{"event_name":"Golden Idol","player_choice":"Take Damage","floor":5.0,"damage_taken":0.0},{"event_name":"Golden Wing","player_choice":"Ignored","floor":13.0,"damage_taken":0.0},{"event_name":"Match and Keep!","player_choice":"2 cards matched","floor":19.0,"damage_taken":0.0},{"event_name":"The Library","player_choice":"Read","floor":27.0,"damage_taken":0.0},{"event_name":"SensoryStone","player_choice":"Memory 1","floor":37,"damage_taken":0},{"event_name":"The Woman in Blue","player_choice":"Bought 0 Potions","floor":42,"damage_taken":0},{"event_name":"The Moai Head","player_choice":"Ignored","floor":46,"damage_taken":0}],"boss_relics":[{"not_picked":["Snecko Eye","Velvet Choker"],"picked":"Tiny House"},{"not_picked":["Busted Crown","Fusion Hammer"],"picked":"Empty Cage"}],"items_purged_floors":[48],"is_endless":false,"potions_floor_spawned":[1,3,7,8,14,18,24,28,35,38,40],"killed_by":"Awakened One","ascension_level":0}