{"gold_per_floor":[119,119,119,29,49,82,82,111,137,148,162,1,19,34,34,34],"floor_reached":16,"playtime":527,"items_purged":[],"score":274,"play_id":"ae80299b-1d16-4d1d-9a47-1c4504b0c2c1","local_time":"20190502195108","is_ascension_mode":true,"campfire_choices":[{"data":"Footwork","floor":7,"key":"SMITH"},{"data":"Neutralize","floor":15,"key":"SMITH"}],"neow_cost":"NONE","seed_source_timestamp":459843131656942,"circlet_count":0,"master_deck":["AscendersBane","Defend_G","Defend_G","Defend_G","Defend_G","Defend_G","Strike_G","Strike_G","Strike_G","Strike_G","Survivor","Neutralize+1","Skewer","Footwork+1","Flying Knee","Adrenaline","Blade Dance","Dodge and Roll","Deadly Poison","Leg Sweep","Poisoned Stab"],"relics":["Ring of the Snake","NeowsBlessing","Lantern","Omamori","Bag of Marbles","Oddly Smooth Stone","Strawberry"],"potions_floor_usage":[16,16],"damage_taken":[{"damage":0,"enemies":"2 Louse","floor":1,"turns":1},{"damage":0,"enemies":"Jaw Worm","floor":5,"turns":1},{"damage":0,"enemies":"Lagavulin","floor":6,"turns":1},{"damage":37,"enemies":"3 Sentries","floor":8,"turns":14},{"damage":0,"enemies":"Cultist","floor":10,"turns":2},{"damage":0,"enemies":"Lots of Slimes","floor":11,"turns":6},{"damage":1,"enemies":"2 Fungi Beasts","floor":13,"turns":5},{"damage":0,"enemies":"Large Slime","floor":14,"turns":5},{"damage":29,"enemies":"The Guardian","floor":16,"turns":6}],"seed_played":"-2107251748553788238","potions_obtained":[{"floor":8,"key":"AttackPotion"},{"floor":10,"key":"Swift Potion"},{"floor":11,"key":"LiquidBronze"}],"is_trial":false,"path_per_floor":["M","?","?","$","M","E","R","E","T","M","M","$","M","M","R","B"],"character_chosen":"THE_SILENT","items_purchased":["Footwork","Strawberry"],"campfire_rested":0,"item_purchase_floors":[4,12],"current_hp_per_floor":[59,48,48,48,48,48,48,11,11,11,11,18,17,17,17,0],"gold":34,"neow_bonus":"THREE_ENEMY_KILL","is_prod":false,"is_daily":false,"chose_seed":false,"campfire_upgraded":2,"win_rate":0,"timestamp":1556841068,"path_taken":["M","?","?","$","M","E","R","E","T","M","M","$","?","M","R","BOSS"],"build_version":"2019-01-23","purchased_purges":0,"victory":false,"max_hp_per_floor":[66,66,66,66,66,66,66,66,66,66,66,73,73,73,73,73],"card_choices":[{"not_picked":["Blade Dance","Outmaneuver"],"picked":"Skewer","floor":1},{"not_picked":["Cloak And Dagger","Backflip"],"picked":"Flying Knee","floor":5},{"not_picked":["Deadly Poison","Endless Agony"],"picked":"Adrenaline","floor":6},{"not_picked":["Eviscerate","Underhanded Strike"],"picked":"Blade Dance","floor":8},{"not_picked":["Sucker Punch","Crippling Poison"],"picked":"Dodge and Roll","floor":10},{"not_picked":["Quick Slash","Outmaneuver"],"picked":"Deadly Poison","floor":11},{"not_picked":["Cloak And Dagger","Dagger Spray"],"picked":"Leg Sweep","floor":13},{"not_picked":["Venomology","Tactician"],"picked":"Poisoned Stab","floor":14}],"player_experience":671145,"relics_obtained":[{"floor":6,"key":"Omamori"},{"floor":8,"key":"Bag of Marbles"},{"floor":9,"key":"Oddly Smooth Stone"}],"event_choices":[{"damage_healed":0,"gold_gain":0,"player_choice":"Success","damage_taken":11,"relics_obtained":["Lantern"],"max_hp_gain":0,"max_hp_loss":0,"event_name":"Scrap Ooze","floor":2,"gold_loss":0},{"cards_removed":["Strike_G"],"damage_healed":0,"gold_gain":0,"player_choice":"Offered Basic","damage_taken":0,"max_hp_gain":0,"max_hp_loss":0,"event_name":"Bonfire Elementals","floor":3,"gold_loss":0}],"is_beta":false,"boss_relics":[],"items_purged_floors":[],"is_endless":false,"potions_floor_spawned":[8,10,11,13,14],"killed_by":"The Guardian","ascension_level":20}