{"gold_per_floor":[118,134,134,134,149,183,6,6,55,78,78,98,121,134,134,134],"floor_reached":16,"playtime":446,"items_purged":[],"score":239,"play_id":"a6358a6b-637c-4439-afc5-bba4b5753df7","local_time":"20180829193558","is_ascension_mode":true,"campfire_choices":[{"data":"Seek","floor":8,"key":"SMITH"},{"data":"Steam","floor":11,"key":"SMITH"},{"floor":15,"key":"REST"}],"neow_cost":"NONE","seed_source_timestamp":4574914272596085,"circlet_count":0,"master_deck":["Strike_B","Strike_B","Strike_B","Strike_B","Defend_B","Defend_B","Defend_B","Zap+1","Dualcast","AscendersBane","Leap","Steam+1","Beam Cell","Seek+1","Rebound","FTL","Auto Shields","Self Repair"],"special_seed":0,"relics":["Cracked Core","Golden Idol","Lantern","Omamori"],"potions_floor_usage":[6],"damage_taken":[{"damage":0.0,"enemies":"Small Slimes","floor":1.0,"turns":2.0},{"damage":7.0,"enemies":"Jaw Worm","floor":2.0,"turns":4.0},{"damage":6.0,"enemies":"2 Louse","floor":5.0,"turns":4.0},{"damage":0,"enemies":"Lagavulin","floor":6,"turns":7},{"damage":8,"enemies":"Large Slime","floor":10,"turns":6},{"damage":11,"enemies":"Lots of Slimes","floor":12,"turns":5},{"damage":0,"enemies":"Blue Slaver","floor":13,"turns":3},{"damage":0,"enemies":"3 Louse","floor":14,"turns":2},{"damage":35,"enemies":"Slime Boss","floor":16,"turns":5}],"seed_played":"2152246137957452396","potions_obtained":[{"floor":1.0,"key":"PowerPotion"},{"floor":2.0,"key":"Energy Potion"},{"floor":6,"key":"Energy Potion"}],"is_trial":false,"path_per_floor":["M","M","?","?","M","E","$","R","T","M","R","M","M","M","R"],"character_chosen":"DEFECT","items_purchased":["Seek"],"campfire_rested":1,"item_purchase_floors":[7],"current_hp_per_floor":[64,57,33,33,27,27,27,27,27,19,19,8,8,8,29,0],"gold":134,"neow_bonus":"UPGRADE_CARD","is_prod":false,"is_daily":false,"chose_seed":false,"campfire_upgraded":2,"win_rate":0,"timestamp":1535585758,"path_taken":["M","M","?","?","M","E","$","R","T","M","R","M","M","M","R","BOSS"],"build_version":"2018-08-23v2","purchased_purges":0,"victory":false,"max_hp_per_floor":[71,71,71,71,71,71,71,71,71,71,71,71,71,71,71,71],"card_choices":[{"not_picked":["Chaos","Hologram"],"picked":"Leap","floor":1.0},{"not_picked":["Double Energy","Redo"],"picked":"Steam","floor":2.0},{"not_picked":["Gash","Barrage"],"picked":"Beam Cell","floor":5.0},{"not_picked":["Double Energy","Redo","Beam Cell"],"picked":"SKIP","floor":6},{"not_picked":["Undo","Turbo"],"picked":"Rebound","floor":10},{"not_picked":["Capacitor","Leap"],"picked":"FTL","floor":12},{"not_picked":["Streamline","Storm"],"picked":"Auto Shields","floor":13},{"not_picked":["Go for the Eyes","Leap"],"picked":"Self Repair","floor":14}],"player_experience":289419,"relics_obtained":[{"floor":6,"key":"Lantern"},{"floor":9,"key":"Omamori"}],"event_choices":[{"event_name":"Golden Idol","player_choice":"Take Damage","floor":3.0,"damage_taken":0.0},{"event_name":"Living Wall","player_choice":"Forget","floor":4.0,"damage_taken":0.0}],"is_beta":false,"boss_relics":[],"items_purged_floors":[],"is_endless":false,"potions_floor_spawned":[1,2,6],"killed_by":"Slime Boss","ascension_level":17}