{"gold_per_floor":[110,127,146,158,158,186,186,201,201,201,233,258,283,303,303,380,380,397,81,181,4,24,24,53,53,53,53,83,83,102,128,128,202,202,221,131,143,33,33],"floor_reached":39,"playtime":1886,"items_purged":["Strike_G","Strike_G"],"score":964,"play_id":"5941a2aa-a5b8-4aea-90c3-04c21a04116a","local_time":"20190617131719","is_ascension_mode":true,"campfire_choices":[{"floor":7.0,"key":"REST"},{"floor":10.0,"key":"REST"},{"data":"Malaise","floor":15.0,"key":"SMITH"},{"floor":23.0,"key":"REST"},{"data":"Caltrops","floor":25,"key":"SMITH"},{"floor":27,"key":"REST"},{"floor":32,"key":"REST"}],"neow_cost":"NONE","seed_source_timestamp":274589413301600,"circlet_count":0,"master_deck":["AscendersBane","Defend_G","Defend_G","Defend_G","Defend_G+1","Defend_G","Strike_G","Strike_G","Survivor+1","Neutralize","Flying Knee","Dagger Throw","Poisoned Stab","Die Die Die","Poisoned Stab","Footwork","Deadly Poison","Cloak And Dagger","Calculated Gamble","Malaise+1","Dagger Spray+1","Well Laid Plans","Unload","Caltrops+1","Caltrops+1","Footwork","Caltrops","Dodge and Roll","Die Die Die","Deflect","Footwork","Necronomicurse","Dodge and Roll","Dash","Backflip","Wraith Form v2","Deadly Poison","Blur","Dodge and Roll"],"special_seed":0,"relics":["Ring of the Snake","Dream Catcher","Matryoshka","Boot","Pantograph","War Paint","Odd Mushroom","Oddly Smooth Stone","Sozu","PreservedInsect","Mango","Pear","Dodecahedron","Lantern","Ornamental Fan","Blue Candle","Necronomicon","Pen Nib","Cursed Key"],"potions_floor_usage":[],"damage_taken":[{"damage":1.0,"enemies":"Cultist","floor":1.0,"turns":5.0},{"damage":2.0,"enemies":"Small Slimes","floor":2.0,"turns":4.0},{"damage":2.0,"enemies":"Jaw Worm","floor":3.0,"turns":4.0},{"damage":6.0,"enemies":"Looter","floor":4.0,"turns":3.0},{"damage":30.0,"enemies":"Gremlin Nob","floor":6.0,"turns":4.0},{"damage":12.0,"enemies":"Exordium Wildlife","floor":8.0,"turns":6.0},{"damage":10.0,"enemies":"3 Sentries","floor":11.0,"turns":5.0},{"damage":4.0,"enemies":"The Mushroom Lair","floor":12.0,"turns":3.0},{"damage":10.0,"enemies":"Gremlin Nob","floor":13.0,"turns":3.0},{"damage":0.0,"enemies":"Gremlin Gang","floor":14.0,"turns":3.0},{"damage":16.0,"enemies":"The Guardian","floor":16.0,"turns":11.0},{"damage":0.0,"enemies":"3 Byrds","floor":18.0,"turns":4.0},{"damage":15.0,"enemies":"Colosseum Slavers","floor":20.0,"turns":5.0},{"damage":15.0,"enemies":"Colosseum Nobs","floor":20.0,"turns":4.0},{"damage":16.0,"enemies":"Chosen","floor":22.0,"turns":5.0},{"damage":21,"enemies":"Slavers","floor":24,"turns":4},{"damage":7,"enemies":"Book of Stabbing","floor":28,"turns":5},{"damage":15,"enemies":"Sentry and Sphere","floor":30,"turns":6},{"damage":9,"enemies":"Slavers","floor":31,"turns":3},{"damage":59,"enemies":"Champ","floor":33,"turns":17},{"damage":13,"enemies":"3 Shapes","floor":35,"turns":8},{"damage":13,"enemies":"3 Darklings","floor":37,"turns":6},{"damage":54,"enemies":"Transient","floor":39,"turns":5}],"seed_played":"-8798676650373433637","potions_obtained":[{"floor":3.0,"key":"Weak Potion"},{"floor":6.0,"key":"Block Potion"},{"floor":8.0,"key":"Fire Potion"},{"floor":14.0,"key":"Block Potion"}],"is_trial":false,"path_per_floor":["M","M","M","M","T","E","R","M","T","R","E","?","E","M","R","B",null,"M","$","?","$","M","R","E","R","T","R","E","?","M","E","R","B",null,"M","$","M","?","M"],"character_chosen":"THE_SILENT","items_purchased":["PreservedInsect","Caltrops","Caltrops","Blur"],"campfire_rested":5,"item_purchase_floors":[19,19,21,36],"current_hp_per_floor":[64,62,60,54,54,24,45,33,33,54,44,40,30,30,30,39,64,64,64,58,58,42,70,49,49,49,77,70,49,34,25,53,19,77,64,64,51,51,0],"gold":33,"neow_bonus":"TEN_PERCENT_HP_BONUS","is_prod":false,"is_daily":false,"chose_seed":false,"campfire_upgraded":2,"win_rate":0,"timestamp":1560773839,"path_taken":["M","?","M","M","?","E","R","M","T","R","E","?","E","M","R","BOSS","M","$","?","$","M","R","E","R","T","R","E","?","M","E","R","BOSS","M","$","M","?","?"],"build_version":"2019-01-23","purchased_purges":2,"victory":false,"max_hp_per_floor":[72,72,72,72,72,72,72,72,72,72,72,72,72,72,72,72,72,72,72,96,96,96,96,96,96,96,96,96,96,96,96,96,96,96,96,96,96,96,96],"card_choices":[{"not_picked":["PiercingWail","Riddle With Holes"],"picked":"Flying Knee","floor":1.0},{"not_picked":["Blade Dance","PiercingWail"],"picked":"Dagger Throw","floor":2.0},{"not_picked":["Reflex","Setup"],"picked":"Poisoned Stab","floor":3.0},{"not_picked":["Poisoned Stab","Cloak And Dagger"],"picked":"Die Die Die","floor":4.0},{"not_picked":["Concentrate","Dagger Throw"],"picked":"Poisoned Stab","floor":6.0},{"not_picked":["Acrobatics","Caltrops"],"picked":"Footwork","floor":7.0},{"not_picked":["Cloak And Dagger","Backflip"],"picked":"Deadly Poison","floor":8.0},{"not_picked":["Underhanded Strike","Outmaneuver"],"picked":"Cloak And Dagger","floor":10.0},{"not_picked":["Underhanded Strike","Dagger Throw"],"picked":"Calculated Gamble","floor":11.0},{"not_picked":["Deadly Poison","Bane"],"picked":"Malaise","floor":12.0},{"not_picked":["Sucker Punch","Terror"],"picked":"Dagger Spray","floor":13.0},{"not_picked":["Skewer","Heel Hook"],"picked":"Well Laid Plans","floor":14.0},{"not_picked":["Envenom","Venomology"],"picked":"Unload","floor":16.0},{"not_picked":["Bane","Underhanded Strike+1"],"picked":"Caltrops+1","floor":18.0},{"not_picked":["Infinite Blades","Blade Dance"],"picked":"Footwork","floor":20.0},{"not_picked":["Flechettes","Infinite Blades","Flying Knee"],"picked":"SKIP","floor":22.0},{"not_picked":["Backflip","Expertise"],"picked":"Dodge and Roll","floor":23.0},{"not_picked":["Deflect","Dagger Throw"],"picked":"Die Die Die","floor":24},{"not_picked":["Deadly Poison","Eviscerate"],"picked":"Deflect","floor":27},{"not_picked":["Sucker Punch","Quick Slash"],"picked":"Footwork","floor":28},{"not_picked":["Acrobatics","Backflip"],"picked":"Dodge and Roll","floor":30},{"not_picked":["Dagger Throw","Doppelganger"],"picked":"Dash","floor":31},{"not_picked":["Quick Slash","Endless Agony"],"picked":"Backflip","floor":32},{"not_picked":["Doppelganger","Storm of Steel"],"picked":"Wraith Form v2","floor":33},{"not_picked":["Deflect+1","Backflip"],"picked":"Deadly Poison","floor":35},{"not_picked":["Outmaneuver","Deflect"],"picked":"Dodge and Roll","floor":37}],"player_experience":1470201,"relics_obtained":[{"floor":5.0,"key":"Dream Catcher"},{"floor":6.0,"key":"Matryoshka"},{"floor":9.0,"key":"Boot"},{"floor":9.0,"key":"Pantograph"},{"floor":11.0,"key":"War Paint"},{"floor":12.0,"key":"Odd Mushroom"},{"floor":13.0,"key":"Oddly Smooth Stone"},{"floor":20.0,"key":"Mango"},{"floor":20.0,"key":"Pear"},{"floor":24,"key":"Dodecahedron"},{"floor":26,"key":"Lantern"},{"floor":26,"key":"Ornamental Fan"},{"floor":28,"key":"Blue Candle"},{"floor":29,"key":"Necronomicon"},{"floor":31,"key":"Pen Nib"}],"event_choices":[{"damage_healed":0.0,"max_hp_gain":0.0,"max_hp_loss":0.0,"gold_gain":0.0,"event_name":"Mushrooms","player_choice":"Fought Mushrooms","floor":12.0,"gold_loss":0.0,"damage_taken":0.0},{"damage_healed":0.0,"max_hp_gain":0.0,"max_hp_loss":0.0,"gold_gain":0.0,"event_name":"Colosseum","player_choice":"Fight","floor":20.0,"gold_loss":0.0,"damage_taken":0.0},{"damage_healed":0.0,"max_hp_gain":0.0,"max_hp_loss":0.0,"gold_gain":0.0,"event_name":"Colosseum","player_choice":"Fought Nobs","floor":20.0,"gold_loss":0.0,"damage_taken":0.0},{"damage_healed":0,"gold_gain":0,"player_choice":"Obtained Book","damage_taken":21,"max_hp_gain":0,"max_hp_loss":0,"event_name":"Cursed Tome","floor":29,"gold_loss":0},{"cards_removed":["Strike_G"],"damage_healed":0,"gold_gain":0,"player_choice":"Upgrade and Remove","damage_taken":0,"max_hp_gain":0,"max_hp_loss":0,"event_name":"Designer","floor":38,"gold_loss":110,"cards_upgraded":["Dagger Spray"]}],"is_beta":false,"boss_relics":[{"not_picked":["Ring of the Serpent","Lizard Tail"],"picked":"Sozu"},{"not_picked":["Eternal Feather","Empty Cage"],"picked":"Cursed Key"}],"items_purged_floors":[19,21],"is_endless":false,"potions_floor_spawned":[3,6,8,14,16,22,24,28],"killed_by":"Transient","ascension_level":20}