{"gold_per_floor":[113,132,132,44,44,77,77,110,137,137,137,168,245,215,215,215],"floor_reached":16,"playtime":447,"items_purged":[],"score":228,"play_id":"56ee8803-55b1-4bd1-a6ef-4dbe47f5cff1","local_time":"20190704144610","is_ascension_mode":true,"campfire_choices":[{"data":"Neutralize","floor":7,"key":"SMITH"},{"floor":10,"key":"REST"},{"floor":15,"key":"REST"}],"neow_cost":"NONE","seed_source_timestamp":5883771152674379,"circlet_count":0,"master_deck":["AscendersBane","Strike_G","Strike_G","Strike_G","Strike_G","Strike_G","Defend_G","Defend_G","Defend_G","Defend_G","Defend_G","Survivor","Neutralize+1","Choke","Infinite Blades","Finisher","Footwork","Cloak And Dagger","Riddle With Holes","Dash"],"relics":["Ring of the Snake","Oddly Smooth Stone","Bag of Marbles","Blood Vial","Letter Opener"],"potions_floor_usage":[6,16],"damage_taken":[{"damage":3,"enemies":"2 Louse","floor":1,"turns":3},{"damage":2,"enemies":"Jaw Worm","floor":2,"turns":4},{"damage":25,"enemies":"3 Sentries","floor":6,"turns":11},{"damage":17,"enemies":"Lagavulin","floor":8,"turns":9},{"damage":44,"enemies":"Gremlin Nob","floor":12,"turns":5},{"damage":27,"enemies":"Slime Boss","floor":16,"turns":9}],"seed_played":"-1768396079180731876","potions_obtained":[{"floor":1,"key":"Block Potion"},{"floor":8,"key":"FairyPotion"},{"floor":14,"key":"SpeedPotion"},{"floor":14,"key":"Dexterity Potion"}],"is_trial":false,"path_per_floor":["M","M","?","$","?","E","R","E","T","R","$","E","?","?","R","B"],"character_chosen":"THE_SILENT","items_purchased":["Footwork"],"campfire_rested":2,"item_purchase_floors":[4],"current_hp_per_floor":[56,54,54,54,54,29,29,12,12,31,31,6,6,6,25,0],"gold":215,"neow_bonus":"THREE_CARDS","is_prod":false,"is_daily":false,"chose_seed":false,"campfire_upgraded":1,"win_rate":0,"timestamp":1562265970,"path_taken":["M","M","?","$","?","E","R","E","T","R","?","E","?","?","R","BOSS"],"build_version":"2019-07-01","purchased_purges":0,"victory":false,"max_hp_per_floor":[66,66,66,66,66,66,66,66,66,66,66,66,66,66,66,66],"card_choices":[{"not_picked":["Expertise","Underhanded Strike"],"picked":"Choke","floor":0},{"not_picked":["All Out Attack","Blur"],"picked":"Infinite Blades","floor":1},{"not_picked":["Leg Sweep","Prepared"],"picked":"Finisher","floor":2},{"not_picked":["Flechettes","Acrobatics"],"picked":"Cloak And Dagger","floor":6},{"not_picked":["Quick Slash","Deadly Poison"],"picked":"Riddle With Holes","floor":8},{"not_picked":["Prepared","Poisoned Stab"],"picked":"Dash","floor":12}],"player_experience":857453,"relics_obtained":[{"floor":6,"key":"Oddly Smooth Stone"},{"floor":8,"key":"Bag of Marbles"},{"floor":9,"key":"Blood Vial"},{"floor":12,"key":"Letter Opener"}],"event_choices":[{"damage_healed":0,"gold_gain":0,"player_choice":"Ignored","damage_taken":0,"max_hp_gain":0,"max_hp_loss":0,"event_name":"Shining Light","floor":3,"gold_loss":0},{"damage_healed":0,"gold_gain":0,"player_choice":"Ignored","damage_taken":0,"max_hp_gain":0,"max_hp_loss":0,"event_name":"Liars Game","floor":5,"gold_loss":0},{"damage_healed":0,"gold_gain":77,"player_choice":"Gained Gold","damage_taken":0,"max_hp_gain":0,"max_hp_loss":0,"event_name":"Golden Wing","floor":13,"gold_loss":0},{"damage_healed":0,"gold_gain":0,"player_choice":"Bought 2 Potions","damage_taken":0,"max_hp_gain":0,"max_hp_loss":0,"event_name":"The Woman in Blue","floor":14,"gold_loss":0}],"is_beta":false,"boss_relics":[],"items_purged_floors":[],"is_endless":false,"potions_floor_spawned":[1,8],"killed_by":"Slime Boss","ascension_level":20}