{"gold_per_floor":[112,112,133,146,164,198,198,233,310,77,116,81,94,159,159,159],"floor_reached":16,"playtime":509,"items_purged":["Strike_R"],"score":126,"play_id":"25765daf-5bb7-47c4-828b-47a90f254b17","local_time":"20181206234701","is_ascension_mode":true,"campfire_choices":[{"data":"Bash","floor":7,"key":"SMITH"},{"data":"Flex","floor":15,"key":"SMITH"}],"neow_cost":"NONE","seed_source_timestamp":466316955698843,"circlet_count":0,"master_deck":["Strike_R","Strike_R","Strike_R","Strike_R","Defend_R+1","Defend_R+1","Defend_R","Defend_R","Bash+1","Wild Strike","Seeing Red","Pommel Strike","Flex+1","Iron Wave","Feed","Twin Strike","Ghostly Armor"],"relics":["Burning Blood","War Paint","Golden Idol","Paper Frog","WingedGreaves","Letter Opener","Bag of Marbles"],"potions_floor_usage":[5,11,16,16],"damage_taken":[{"damage":0,"enemies":"2 Louse","floor":1,"turns":3},{"damage":0,"enemies":"Small Slimes","floor":3,"turns":3},{"damage":0,"enemies":"Jaw Worm","floor":4,"turns":3},{"damage":0,"enemies":"2 Fungi Beasts","floor":5,"turns":2},{"damage":36,"enemies":"3 Sentries","floor":6,"turns":10},{"damage":28,"enemies":"Lagavulin","floor":8,"turns":5},{"damage":9,"enemies":"3 Sentries","floor":11,"turns":4},{"damage":2,"enemies":"Blue Slaver","floor":13,"turns":4},{"damage":51,"enemies":"The Guardian","floor":16,"turns":11}],"seed_played":"-594060205672714033","potions_obtained":[{"floor":3,"key":"Fire Potion"},{"floor":8,"key":"PowerPotion"},{"floor":11,"key":"Energy Potion"},{"floor":13,"key":"LiquidBronze"}],"is_trial":false,"path_per_floor":["M","?","M","M","M","E","R","E","T","$","E","?","M","?","R","B"],"character_chosen":"IRONCLAD","items_purchased":["Feed"],"campfire_rested":0,"item_purchase_floors":[10],"current_hp_per_floor":[80,60,66,72,78,48,48,26,26,26,26,46,50,50,50,0],"gold":159,"neow_bonus":"RANDOM_COMMON_RELIC","is_prod":false,"is_daily":false,"chose_seed":false,"campfire_upgraded":2,"win_rate":0,"timestamp":1544158021,"path_taken":["M","?","M","M","M","E","R","E","T","$","E","?","M","?","R","BOSS"],"build_version":"2018-12-06","purchased_purges":1,"victory":false,"max_hp_per_floor":[80,80,80,80,80,80,80,80,80,80,83,83,83,83,83,83],"card_choices":[{"not_picked":["Entrench","Havoc"],"picked":"Wild Strike","floor":1},{"not_picked":["Hemokinesis","Corruption","Seeing Red"],"picked":"SKIP","floor":3},{"not_picked":["Body Slam","Headbutt"],"picked":"Seeing Red","floor":4},{"not_picked":["Clash","Bloodletting"],"picked":"Pommel Strike","floor":5},{"not_picked":["Juggernaut","Pommel Strike"],"picked":"Flex","floor":6},{"not_picked":["True Grit","Thunderclap"],"picked":"Iron Wave","floor":8},{"not_picked":["Bloodletting","Cleave"],"picked":"Twin Strike","floor":11},{"not_picked":["Entrench","Hemokinesis"],"picked":"Ghostly Armor","floor":13}],"player_experience":486387,"relics_obtained":[{"floor":6,"key":"Paper Frog"},{"floor":8,"key":"WingedGreaves"},{"floor":9,"key":"Letter Opener"},{"floor":11,"key":"Bag of Marbles"}],"event_choices":[{"damage_healed":0,"gold_gain":0,"player_choice":"Take Damage","damage_taken":20,"relics_obtained":["Golden Idol"],"max_hp_gain":0,"max_hp_loss":0,"event_name":"Golden Idol","floor":2,"gold_loss":0},{"damage_healed":20,"gold_gain":0,"player_choice":"Healed","damage_taken":0,"max_hp_gain":0,"max_hp_loss":0,"event_name":"The Cleric","floor":12,"gold_loss":35},{"damage_healed":0,"gold_gain":65,"player_choice":"Gained Gold","damage_taken":0,"max_hp_gain":0,"max_hp_loss":0,"event_name":"Golden Wing","floor":14,"gold_loss":0}],"is_beta":false,"boss_relics":[],"items_purged_floors":[10],"is_endless":false,"potions_floor_spawned":[3,8,11,13],"killed_by":"The Guardian","ascension_level":1}