{"gold_per_floor":[113,113,38,52,52,52,87,87,87,87,87,102,115,115,115,219,219,236,42,58,58,58],"floor_reached":22,"playtime":582,"items_purged":["Normality","Shame"],"score":191,"play_id":"dbc0a633-bf3e-44f1-8c1a-8158190445aa","local_time":"20190208220449","is_ascension_mode":true,"campfire_choices":[{"floor":6.0,"key":"REST"},{"floor":8.0,"key":"REST"},{"floor":10.0,"key":"DIG"},{"floor":15.0,"key":"DIG"}],"neow_cost":"NONE","seed_source_timestamp":0,"circlet_count":0,"master_deck":["Defend_G","Defend_G","Defend_G","Defend_G","Defend_G","Strike_G","Strike_G","Strike_G","Strike_G","Strike_G","Survivor","Neutralize","Regret","Caltrops","Corpse Explosion","Decay","Deflect","Cloak And Dagger","Flying Knee","Skewer","Burst","Poisoned Stab","Jack Of All Trades","Poisoned Stab"],"special_seed":0,"relics":["Calling Bell","Snake Skull","Sundial","Shovel","Dead Branch","Shuriken","Darkstone Periapt","Orichalcum","Snecko Eye"],"potions_floor_usage":[18],"damage_taken":[{"damage":3.0,"enemies":"2 Louse","floor":1.0,"turns":5.0},{"damage":29.0,"enemies":"Cultist","floor":4.0,"turns":6.0},{"damage":17.0,"enemies":"3 Sentries","floor":7.0,"turns":4.0},{"damage":2.0,"enemies":"Small Slimes","floor":12.0,"turns":3.0},{"damage":6.0,"enemies":"Exordium Wildlife","floor":13.0,"turns":5.0},{"damage":64.0,"enemies":"Slime Boss","floor":16.0,"turns":11.0},{"damage":26,"enemies":"2 Thieves","floor":18,"turns":3},{"damage":6,"enemies":"3 Byrds","floor":20,"turns":3},{"damage":38,"enemies":"Centurion and Healer","floor":22,"turns":4}],"seed_played":"-1827075217095036631","potions_obtained":[{"floor":4.0,"key":"Swift Potion"},{"floor":12.0,"key":"LiquidBronze"},{"floor":16.0,"key":"Fire Potion"}],"is_trial":false,"path_per_floor":["M","?","$","M","$","R","E","R","T","R","$","M","M","?","R","B",null,"M","$","M","?","M"],"character_chosen":"THE_SILENT","items_purchased":["Jack Of All Trades"],"campfire_rested":2,"item_purchase_floors":[19],"current_hp_per_floor":[67,67,67,38,38,59,42,63,63,63,63,61,55,70,70,6,70,44,44,38,38,0],"gold":58,"neow_bonus":"BOSS_RELIC","is_prod":false,"is_daily":false,"chose_seed":false,"campfire_upgraded":0,"win_rate":0,"timestamp":1549692289,"path_taken":["M","?","$","M","$","R","E","R","T","R","$","M","?","?","R","BOSS","M","$","M","?","M"],"build_version":"2019-01-23","purchased_purges":2,"victory":false,"max_hp_per_floor":[70,70,70,70,70,70,70,70,70,70,70,70,70,70,70,70,70,70,70,70,70,70],"card_choices":[{"not_picked":["Quick Slash","Endless Agony"],"picked":"Caltrops","floor":1.0},{"not_picked":["PiercingWail","Outmaneuver"],"picked":"Cloak And Dagger","floor":4.0},{"not_picked":["Acrobatics","Slice","Flechettes"],"picked":"SKIP","floor":7.0},{"not_picked":["Slice","Masterful Stab"],"picked":"Flying Knee","floor":12.0},{"not_picked":["Flying Knee","Flechettes"],"picked":"Skewer","floor":13.0},{"not_picked":["Storm of Steel","Tools of the Trade"],"picked":"Burst","floor":16.0},{"not_picked":["Masterful Stab+1","Prepared"],"picked":"Poisoned Stab","floor":18},{"not_picked":["Acrobatics","Dagger Throw"],"picked":"Poisoned Stab","floor":20}],"player_experience":195597,"relics_obtained":[{"floor":0.0,"key":"Snake Skull"},{"floor":0.0,"key":"Sundial"},{"floor":0.0,"key":"Shovel"},{"floor":7.0,"key":"Dead Branch"},{"floor":9.0,"key":"Shuriken"},{"floor":10.0,"key":"Darkstone Periapt"},{"floor":15.0,"key":"Orichalcum"}],"event_choices":[{"damage_healed":0.0,"max_hp_gain":0.0,"max_hp_loss":0.0,"gold_gain":0.0,"event_name":"Match and Keep!","player_choice":"3 cards matched","floor":2.0,"gold_loss":0.0,"damage_taken":0.0,"cards_obtained":["Corpse Explosion","Decay","Deflect"]},{"damage_healed":23.0,"max_hp_gain":0.0,"max_hp_loss":0.0,"gold_gain":0.0,"event_name":"Big Fish","player_choice":"Banana","floor":14.0,"gold_loss":0.0,"damage_taken":0.0},{"damage_healed":0,"gold_gain":0,"player_choice":"Ignored","damage_taken":0,"max_hp_gain":0,"max_hp_loss":0,"event_name":"Ghosts","floor":21,"gold_loss":0}],"is_beta":false,"boss_relics":[{"not_picked":["Philosopher\u0027s Stone","Eternal Feather"],"picked":"Snecko Eye"}],"items_purged_floors":[3,19],"is_endless":false,"potions_floor_spawned":[4,12,16],"killed_by":"Centurion and Healer","ascension_level":1}