{"gold_per_floor":[109,127,107,117,135,135,151,151,176,193,193,211,211],"floor_reached":13,"playtime":343,"items_purged":[],"score":158,"play_id":"08c0a554-c9b3-4e39-876b-6c64aab2395b","local_time":"20190513144532","is_ascension_mode":true,"campfire_choices":[{"data":"Echo Form","floor":6.0,"key":"SMITH"},{"data":"Zap","floor":8.0,"key":"SMITH"}],"neow_cost":"PERCENT_DAMAGE","seed_source_timestamp":1391866468590978,"circlet_count":0,"master_deck":["AscendersBane","Strike_B","Strike_B","Strike_B","Strike_B","Defend_B","Defend_B","Defend_B","Defend_B","Zap+1","Dualcast","Echo Form+1","Auto Shields","Steam","Hello World","Cold Snap","Pain","Ball Lightning"],"special_seed":0,"relics":["Cracked Core","Bag of Marbles","WarpedTongs"],"potions_floor_usage":[],"damage_taken":[{"damage":7.0,"enemies":"Small Slimes","floor":1.0,"turns":3.0},{"damage":0.0,"enemies":"Cultist","floor":2.0,"turns":4.0},{"damage":0.0,"enemies":"Jaw Worm","floor":4.0,"turns":3.0},{"damage":0.0,"enemies":"Red Slaver","floor":5.0,"turns":4.0},{"damage":0.0,"enemies":"Lots of Slimes","floor":7.0,"turns":1.0},{"damage":16.0,"enemies":"Exordium Thugs","floor":10.0,"turns":5.0},{"damage":9,"enemies":"Blue Slaver","floor":12,"turns":3},{"damage":15,"enemies":"Large Slime","floor":13,"turns":2}],"seed_played":"1456214611267227298","potions_obtained":[{"floor":1.0,"key":"Explosive Potion"},{"floor":3.0,"key":"PowerPotion"},{"floor":7.0,"key":"SteroidPotion"}],"is_trial":false,"path_per_floor":["M","M","?","M","M","R","M","R","T","M","?","M","M"],"character_chosen":"DEFECT","items_purchased":[],"campfire_rested":0,"item_purchase_floors":[],"current_hp_per_floor":[39,39,39,39,39,39,39,39,39,23,23,14,0],"gold":211,"neow_bonus":"THREE_RARE_CARDS","is_prod":false,"is_daily":false,"chose_seed":false,"campfire_upgraded":2,"win_rate":0,"timestamp":1557773132,"path_taken":["M","M","?","M","M","R","M","R","T","?","?","M","?"],"build_version":"2019-01-23","purchased_purges":0,"victory":false,"max_hp_per_floor":[71,71,71,71,71,71,71,71,71,71,71,71,71],"card_choices":[{"not_picked":["Reboot","Creative AI"],"picked":"Echo Form","floor":0.0},{"not_picked":["Double Energy","Steam"],"picked":"Auto Shields","floor":1.0},{"not_picked":["Stack","Chill","Steam"],"picked":"SKIP","floor":2.0},{"not_picked":["Fusion","Consume"],"picked":"Steam","floor":4.0},{"not_picked":["Reinforced Body","Leap","BootSequence"],"picked":"SKIP","floor":5.0},{"not_picked":["Blizzard","Barrage"],"picked":"Hello World","floor":7.0},{"not_picked":["Scrape","Auto Shields"],"picked":"Cold Snap","floor":10.0},{"not_picked":["Go for the Eyes","Consume"],"picked":"Ball Lightning","floor":12}],"player_experience":684496,"relics_obtained":[{"floor":9.0,"key":"Bag of Marbles"}],"event_choices":[{"damage_healed":0.0,"max_hp_gain":0.0,"max_hp_loss":0.0,"gold_gain":0.0,"event_name":"The Woman in Blue","player_choice":"Bought 1 Potion","floor":3.0,"gold_loss":0.0,"damage_taken":0.0},{"damage_healed":0,"gold_gain":0,"player_choice":"Rummage","damage_taken":0,"relics_obtained":["WarpedTongs"],"max_hp_gain":0,"max_hp_loss":0,"event_name":"Accursed Blacksmith","floor":11,"gold_loss":0,"cards_obtained":["Pain"]}],"is_beta":false,"boss_relics":[],"items_purged_floors":[],"is_endless":false,"potions_floor_spawned":[1,4,7],"killed_by":"Large Slime","ascension_level":20}