{"gold_per_floor":[112,112,129,142,153,153,188,188,214,232,250,264,264,295,295,295],"floor_reached":16,"playtime":628,"items_purged":[],"score":228,"play_id":"5d080790-af03-4374-aec3-2a6c155e8ae7","local_time":"20190622210911","is_ascension_mode":true,"campfire_choices":[{"data":"Juggernaut","floor":6,"key":"SMITH"},{"data":"Metallicize","floor":8,"key":"SMITH"},{"floor":15,"key":"REST"}],"neow_cost":"TEN_PERCENT_HP_LOSS","seed_source_timestamp":4869974599261773,"circlet_count":0,"master_deck":["AscendersBane","Strike_R","Strike_R","Strike_R","Strike_R","Strike_R","Defend_R","Defend_R","Defend_R","Defend_R","Bash","Juggernaut+1","Shrug It Off","Shockwave","Metallicize+1","Cleave","Battle Trance","Metallicize+1","Cleave"],"relics":["Burning Blood","Pen Nib","Anchor","Potion Belt"],"potions_floor_usage":[11,12],"damage_taken":[{"damage":1,"enemies":"2 Louse","floor":1,"turns":4},{"damage":2,"enemies":"Cultist","floor":3,"turns":5},{"damage":1,"enemies":"Jaw Worm","floor":4,"turns":5},{"damage":9,"enemies":"3 Louse","floor":5,"turns":5},{"damage":44,"enemies":"Gremlin Nob","floor":7,"turns":6},{"damage":6,"enemies":"Red Slaver","floor":10,"turns":5},{"damage":3,"enemies":"Gremlin Gang","floor":11,"turns":3},{"damage":3,"enemies":"Large Slime","floor":12,"turns":5},{"damage":20,"enemies":"3 Sentries","floor":14,"turns":7},{"damage":49,"enemies":"Slime Boss","floor":16,"turns":8}],"seed_played":"1993743240268504846","potions_obtained":[{"floor":1,"key":"LiquidBronze"},{"floor":3,"key":"Ancient Potion"},{"floor":12,"key":"Fruit Juice"}],"is_trial":false,"path_per_floor":["M","?","M","M","M","R","E","R","T","M","M","M","?","E","R","B"],"character_chosen":"IRONCLAD","items_purchased":[],"campfire_rested":1,"item_purchase_floors":[],"current_hp_per_floor":[68,68,68,68,65,65,27,27,27,27,30,38,38,24,45,0],"gold":295,"neow_bonus":"THREE_RARE_CARDS","is_prod":false,"is_daily":false,"chose_seed":false,"campfire_upgraded":2,"win_rate":0,"timestamp":1561252151,"path_taken":["M","?","M","?","M","R","E","R","T","?","M","M","?","E","R","BOSS"],"build_version":"2019-06-21","purchased_purges":0,"victory":false,"max_hp_per_floor":[68,68,68,68,68,68,68,68,68,68,68,73,73,73,73,73],"card_choices":[{"not_picked":["Offering","Barricade"],"picked":"Juggernaut","floor":0},{"not_picked":["Dropkick","Wild Strike"],"picked":"Shrug It Off","floor":1},{"not_picked":["Dual Wield","Warcry","Anger"],"picked":"SKIP","floor":3},{"not_picked":["True Grit","Sword Boomerang"],"picked":"Metallicize","floor":4},{"not_picked":["Reckless Charge","Havoc","Wild Strike"],"picked":"SKIP","floor":5},{"not_picked":["True Grit","Flex"],"picked":"Cleave","floor":7},{"not_picked":["Dual Wield","Infernal Blade"],"picked":"Battle Trance","floor":10},{"not_picked":["Warcry","Burning Pact","Heavy Blade"],"picked":"SKIP","floor":11},{"not_picked":["Armaments","Thunderclap"],"picked":"Metallicize","floor":12},{"not_picked":["True Grit","Armaments"],"picked":"Cleave","floor":14}],"player_experience":773785,"relics_obtained":[{"floor":7,"key":"Pen Nib"},{"floor":9,"key":"Anchor"},{"floor":14,"key":"Potion Belt"}],"event_choices":[{"damage_healed":0,"gold_gain":0,"player_choice":"1 cards matched","damage_taken":0,"max_hp_gain":0,"max_hp_loss":0,"event_name":"Match and Keep!","floor":2,"gold_loss":0,"cards_obtained":["Shockwave"]},{"damage_healed":0,"gold_gain":0,"player_choice":"Grow","damage_taken":0,"max_hp_gain":0,"max_hp_loss":0,"event_name":"Living Wall","floor":13,"gold_loss":0,"cards_upgraded":["Metallicize"]}],"is_beta":true,"boss_relics":[],"items_purged_floors":[],"is_endless":false,"potions_floor_spawned":[1,3,5,12],"killed_by":"Slime Boss","ascension_level":20}