{"gold_per_floor":[118,118,133,145,160,193,193,207,233,233],"floor_reached":10,"playtime":381,"items_purged":[],"score":140,"play_id":"c31dc251-a42e-451a-9a4c-c0b4e0c056a4","local_time":"20181018211322","is_ascension_mode":true,"campfire_choices":[],"neow_cost":"NONE","seed_source_timestamp":121015283142833,"circlet_count":0,"master_deck":["Strike_B","Strike_B","Strike_B","Strike_B","Defend_B","Defend_B","Defend_B","Defend_B","Zap","Dualcast","AscendersBane","Trip","Leap","Ball Lightning","Loop","Ball Lightning","Go for the Eyes"],"relics":["Cracked Core","Prayer Wheel","Lantern"],"potions_floor_usage":[6,8,10],"damage_taken":[{"damage":12,"enemies":"Jaw Worm","floor":1,"turns":3},{"damage":0,"enemies":"Small Slimes","floor":3,"turns":7},{"damage":0,"enemies":"Cultist","floor":4,"turns":3},{"damage":4,"enemies":"3 Louse","floor":5,"turns":5},{"damage":39,"enemies":"3 Sentries","floor":6,"turns":7},{"damage":4,"enemies":"Red Slaver","floor":8,"turns":3},{"damage":8,"enemies":"Blue Slaver","floor":10,"turns":2}],"seed_played":"-3636722414319133051","potions_obtained":[{"floor":3,"key":"Weak Potion"},{"floor":5,"key":"Energy Potion"},{"floor":6,"key":"PowerPotion"}],"is_trial":false,"path_per_floor":["M","$","M","M","M","E","?","M","T"],"character_chosen":"DEFECT","items_purchased":[],"campfire_rested":0,"item_purchase_floors":[],"current_hp_per_floor":[52,52,52,52,48,9,9,5,5,0],"gold":233,"neow_bonus":"RANDOM_COLORLESS","is_prod":false,"is_daily":false,"chose_seed":false,"campfire_upgraded":0,"win_rate":0,"timestamp":1539911602,"path_taken":["M","$","M","M","M","E","?","?","T","M"],"build_version":"2018-10-18","purchased_purges":0,"victory":false,"max_hp_per_floor":[71,71,71,71,71,71,71,71,71,71],"card_choices":[{"not_picked":["Rip and Tear","Hello World"],"picked":"Leap","floor":1},{"not_picked":["Darkness","Force Field","Compile Driver"],"picked":"SKIP","floor":3},{"not_picked":["Streamline","Redo"],"picked":"Ball Lightning","floor":4},{"not_picked":["Redo","Streamline"],"picked":"Loop","floor":5},{"not_picked":["Rainbow","Blizzard","Static Discharge"],"picked":"SKIP","floor":6},{"not_picked":["Barrage","Stack"],"picked":"Ball Lightning","floor":8},{"not_picked":["Compile Driver","Double Energy"],"picked":"Go for the Eyes","floor":8}],"player_experience":387255,"relics_obtained":[{"floor":6,"key":"Prayer Wheel"},{"floor":9,"key":"Lantern"}],"event_choices":[{"damage_healed":0,"gold_gain":30,"player_choice":"Searched \u00272\u0027 times","damage_taken":0,"max_hp_gain":0,"max_hp_loss":0,"event_name":"Dead Adventurer","floor":7,"gold_loss":0}],"is_beta":false,"boss_relics":[],"items_purged_floors":[],"is_endless":false,"potions_floor_spawned":[3,5,6],"killed_by":"Blue Slaver","ascension_level":20}