{"gold_per_floor":[114,129,129,144,159,189,139,154,154,169,169,169,169,184,184,284,284,299,63,78,178,193,193,228,228,228,258,458,458,86,101,101,201,201,216,216,196,211,124,124,154,154,154,169,184,34,34,49,49,49],"floor_reached":51,"playtime":2973,"items_purged":["Prepared"],"score":774,"play_id":"0b4ee2f6-6cdc-4cf2-858c-1570e9f219fe","local_time":"20190120140134","daily_mods":["SealedDeck","Colorless Cards","Terminal"],"is_ascension_mode":false,"campfire_choices":[{"data":"Noxious Fumes","floor":11,"key":"SMITH"},{"data":"Catalyst","floor":13,"key":"SMITH"},{"data":"Adrenaline","floor":15,"key":"SMITH"},{"floor":23,"key":"REST"},{"floor":25,"key":"REST"},{"floor":29,"key":"REST"},{"data":"Sucker Punch","floor":32,"key":"SMITH"},{"data":"Cloak And Dagger","floor":40,"key":"SMITH"},{"floor":47,"key":"REST"},{"data":"Cloak And Dagger","floor":49,"key":"SMITH"}],"neow_cost":"","seed_source_timestamp":0,"circlet_count":0,"master_deck":["Flying Knee","Noxious Fumes+1","Cloak And Dagger+1","Quick Slash","Cloak And Dagger+1","Heel Hook","Backflip","Dash+1","Catalyst+1","Sucker Punch+1","Adrenaline+1","Sucker Punch+1","Heel Hook","Magnetism","Poisoned Stab","Accuracy","Poisoned Stab+1","Jack Of All Trades+1","Blur+1","Noxious Fumes+1","After Image+1","Purity","Mayhem+1","Slice+1","Footwork+1","Footwork+1","Catalyst+1","A Thousand Cuts+1","Blur+1"],"special_seed":17916,"relics":["Ring of the Snake","Ninja Scroll","Bottled Flame","Pocketwatch","Philosopher\u0027s Stone","Sling","Prayer Wheel","Frozen Egg 2","Smiling Mask","Whetstone","Unceasing Top","HoveringKite","Bottled Tornado","Regal Pillow","Strawberry"],"potions_floor_usage":[16,16,21,33,33,33,44,50],"damage_taken":[{"damage":3,"enemies":"2 Louse","floor":1,"turns":2},{"damage":0,"enemies":"Cultist","floor":2,"turns":4},{"damage":0,"enemies":"Jaw Worm","floor":4,"turns":3},{"damage":0,"enemies":"Blue Slaver","floor":5,"turns":4},{"damage":0,"enemies":"3 Sentries","floor":6,"turns":8},{"damage":0,"enemies":"Red Slaver","floor":8,"turns":2},{"damage":0,"enemies":"Exordium Thugs","floor":10,"turns":4},{"damage":1,"enemies":"Exordium Wildlife","floor":14,"turns":3},{"damage":12,"enemies":"Slime Boss","floor":16,"turns":7},{"damage":0,"enemies":"3 Byrds","floor":18,"turns":3},{"damage":14,"enemies":"2 Thieves","floor":20,"turns":3},{"damage":0,"enemies":"Colosseum Slavers","floor":21,"turns":3},{"damage":7,"enemies":"Colosseum Nobs","floor":21,"turns":4},{"damage":9,"enemies":"Centurion and Healer","floor":22,"turns":6},{"damage":6,"enemies":"3 Cultists","floor":24,"turns":5},{"damage":6,"enemies":"Slavers","floor":27,"turns":4},{"damage":0,"enemies":"Snecko","floor":31,"turns":4},{"damage":0,"enemies":"Collector","floor":33,"turns":6},{"damage":0,"enemies":"3 Shapes","floor":35,"turns":3},{"damage":0,"enemies":"Orb Walker","floor":38,"turns":3},{"damage":0,"enemies":"Giant Head","floor":41,"turns":5},{"damage":12,"enemies":"3 Darklings","floor":44,"turns":4},{"damage":0,"enemies":"Jaw Worm Horde","floor":45,"turns":4},{"damage":0,"enemies":"Maw","floor":48,"turns":6},{"damage":1,"enemies":"Donu and Deca","floor":50,"turns":8}],"seed_played":"7558609228470536765","potions_obtained":[{"floor":4,"key":"SmokeBomb"},{"floor":6,"key":"Weak Potion"},{"floor":8,"key":"SteroidPotion"},{"floor":14,"key":"Strength Potion"},{"floor":18,"key":"SkillPotion"},{"floor":21,"key":"SpeedPotion"},{"floor":27,"key":"AttackPotion"},{"floor":31,"key":"GhostInAJar"},{"floor":33,"key":"Block Potion"},{"floor":35,"key":"AttackPotion"},{"floor":37,"key":"Explosive Potion"},{"floor":44,"key":"Fire Potion"}],"is_trial":false,"path_per_floor":["M","M","$","M","M","E","?","M","T","M","R","?","R","M","R","B",null,"M","$","M","?","M","R","M","R","T","E","?","R","$","M","R","B",null,"M","?","?","M","$","R","E","?","T","M","M","$","R","M","R","B",null],"character_chosen":"THE_SILENT","items_purchased":["Accuracy","Sling","Unceasing Top","Noxious Fumes+1","Footwork+1","Strawberry"],"campfire_rested":4,"item_purchase_floors":[19,19,30,30,39,46],"current_hp_per_floor":[66,66,66,65,64,63,62,61,60,59,58,57,56,55,54,42,52,51,50,36,29,20,34,28,41,41,35,35,40,39,38,37,36,35,34,33,32,31,30,29,28,27,26,14,14,21,29,28,27,26],"gold":49,"neow_bonus":"","is_prod":false,"is_daily":true,"chose_seed":false,"campfire_upgraded":6,"win_rate":0,"timestamp":1548021694,"path_taken":["M","M","$","M","M","E","?","M","T","M","R","?","R","?","R","BOSS","M","?","M","?","?","R","M","R","T","E","?","R","$","?","R","BOSS","M","?","?","?","$","R","E","?","T","M","M","?","R","M","R","BOSS"],"build_version":"2019-01-17v2","purchased_purges":1,"victory":true,"max_hp_per_floor":[68,67,66,65,64,63,62,61,60,59,58,57,56,55,54,53,52,51,50,49,48,47,46,45,44,43,42,41,40,39,38,37,36,35,34,33,32,31,30,29,28,27,26,25,24,30,29,28,27,26],"card_choices":[{"not_picked":["Crippling Poison","Predator"],"picked":"Catalyst","floor":1},{"not_picked":["Dagger Throw","Outmaneuver","Reflex"],"picked":"SKIP","floor":2},{"not_picked":["PiercingWail","Panacea"],"picked":"Sucker Punch","floor":4},{"not_picked":["Well Laid Plans","Deflect","Deep Breath"],"picked":"SKIP","floor":5},{"not_picked":["Poisoned Stab","Blade Dance"],"picked":"Adrenaline","floor":6},{"not_picked":["Poisoned Stab","Dagger Throw"],"picked":"Sucker Punch","floor":8},{"not_picked":["Backflip","Dagger Spray","Calculated Gamble"],"picked":"SKIP","floor":10},{"not_picked":["Dodge and Roll","Escape Plan"],"picked":"Heel Hook","floor":14},{"not_picked":["Doppelganger","Bullet Time"],"picked":"Magnetism","floor":16},{"not_picked":["Calculated Gamble+1","Prepared"],"picked":"Poisoned Stab","floor":18},{"not_picked":["Slice","Acrobatics+1","Finisher"],"picked":"SKIP","floor":20},{"not_picked":["Prepared","Bane"],"picked":"Poisoned Stab+1","floor":21},{"not_picked":["Quick Slash","Unload"],"picked":"Jack Of All Trades+1","floor":22},{"not_picked":["Acrobatics","Deflect","Dark Shackles"],"picked":"SKIP","floor":22},{"not_picked":["Impatience+1","Underhanded Strike","Sucker Punch"],"picked":"SKIP","floor":24},{"not_picked":["Flying Knee","Outmaneuver","Masterful Stab"],"picked":"SKIP","floor":24},{"not_picked":["Poisoned Stab","Well Laid Plans+1"],"picked":"Blur+1","floor":27},{"not_picked":["Underhanded Strike","Quick Slash"],"picked":"Backstab","floor":31},{"not_picked":["Sucker Punch","Prepared","Dagger Throw"],"picked":"SKIP","floor":31},{"not_picked":["The Bomb","Unload"],"picked":"After Image+1","floor":33},{"not_picked":["Well Laid Plans+1","Panacea+1"],"picked":"Purity","floor":35},{"not_picked":["Quick Slash+1","Discovery+1","Flying Knee"],"picked":"SKIP","floor":35},{"not_picked":["Swift Strike","Enlightenment"],"picked":"Mayhem+1","floor":36},{"not_picked":["Sucker Punch+1","Outmaneuver"],"picked":"Slice+1","floor":38},{"not_picked":["Enlightenment+1","Flying Knee+1","Impatience+1"],"picked":"SKIP","floor":38},{"not_picked":["Deadly Poison+1","Prepared"],"picked":"Footwork+1","floor":41},{"not_picked":["Dagger Spray+1","Bane+1","Cloak And Dagger"],"picked":"SKIP","floor":44},{"not_picked":["Prepared+1","Underhanded Strike","Slice"],"picked":"SKIP","floor":44},{"not_picked":["Outmaneuver+1","Dagger Throw+1"],"picked":"Catalyst+1","floor":45},{"not_picked":["Dagger Throw+1","Dagger Spray+1"],"picked":"A Thousand Cuts+1","floor":45},{"not_picked":["Dodge and Roll+1","Secret Technique"],"picked":"Blur+1","floor":48},{"not_picked":["Bouncing Flask+1","Underhanded Strike","Flying Knee+1"],"picked":"SKIP","floor":48}],"player_experience":142404,"relics_obtained":[{"floor":6,"key":"Ninja Scroll"},{"floor":9,"key":"Bottled Flame"},{"floor":21,"key":"Prayer Wheel"},{"floor":21,"key":"Frozen Egg 2"},{"floor":26,"key":"Smiling Mask"},{"floor":27,"key":"Whetstone"},{"floor":41,"key":"Bottled Tornado"},{"floor":43,"key":"Regal Pillow"}],"event_choices":[{"cards_removed":["Backflip"],"damage_healed":0,"gold_gain":0,"player_choice":"Card Removal","damage_taken":0,"max_hp_gain":0,"max_hp_loss":0,"event_name":"The Cleric","floor":7,"gold_loss":50},{"damage_healed":0,"gold_gain":0,"player_choice":"Gave Potion","damage_taken":0,"relics_obtained":["Pocketwatch"],"max_hp_gain":0,"max_hp_loss":0,"event_name":"WeMeetAgain","floor":12,"gold_loss":0},{"damage_healed":0,"gold_gain":0,"player_choice":"Fight","damage_taken":0,"max_hp_gain":0,"max_hp_loss":0,"event_name":"Colosseum","floor":21,"gold_loss":0},{"damage_healed":0,"gold_gain":0,"player_choice":"Fought Nobs","damage_taken":0,"max_hp_gain":0,"max_hp_loss":0,"event_name":"Colosseum","floor":21,"gold_loss":0},{"damage_healed":0,"gold_gain":250,"player_choice":"Bet on Owner","damage_taken":0,"max_hp_gain":0,"max_hp_loss":0,"event_name":"The Joust","floor":28,"gold_loss":50},{"damage_healed":0,"gold_gain":0,"player_choice":"Memory 1","damage_taken":0,"max_hp_gain":0,"max_hp_loss":0,"event_name":"SensoryStone","floor":36,"gold_loss":0},{"damage_healed":0,"gold_gain":0,"player_choice":"Bought 1 Potion","damage_taken":0,"max_hp_gain":0,"max_hp_loss":0,"event_name":"The Woman in Blue","floor":37,"gold_loss":0},{"cards_removed":["Backstab"],"damage_healed":0,"gold_gain":0,"player_choice":"Removed Attack","damage_taken":0,"max_hp_gain":0,"max_hp_loss":0,"event_name":"Falling","floor":42,"gold_loss":0}],"is_beta":false,"boss_relics":[{"not_picked":["White Beast Statue","Runic Pyramid"],"picked":"Philosopher\u0027s Stone"},{"not_picked":["Astrolabe","Lizard Tail"],"picked":"HoveringKite"}],"items_purged_floors":[39],"is_endless":false,"potions_floor_spawned":[4,6,8,14,18,21,27,31,33,35,44,45],"ascension_level":0}