{"gold_per_floor":[118,118,134,134,144,144,144,169,193,193,213,282,332,332],"floor_reached":14,"playtime":366,"items_purged":[],"score":171,"play_id":"48fb8cf6-e164-428f-8eef-d96dd3396455","local_time":"20180903143631","is_ascension_mode":true,"campfire_choices":[{"data":"Zap","floor":6.0,"key":"SMITH"},{"data":"Go for the Eyes","floor":10.0,"key":"SMITH"}],"neow_cost":"","seed_source_timestamp":0,"circlet_count":0,"master_deck":["Strike_B","Strike_B","Strike_B","Strike_B","Defend_B","Defend_B","Defend_B","Defend_B","Zap+1","Dualcast","AscendersBane","Conserve Battery","Go for the Eyes+1","Biased Cognition","Coolheaded","Self Repair"],"special_seed":0,"relics":["Cracked Core","SsserpentHead","Potion Belt","Omamori"],"potions_floor_usage":[11,14],"damage_taken":[{"damage":4.0,"enemies":"Small Slimes","floor":1.0,"turns":4.0},{"damage":7.0,"enemies":"Jaw Worm","floor":3.0,"turns":3.0},{"damage":0.0,"enemies":"2 Louse","floor":5.0,"turns":2.0},{"damage":21.0,"enemies":"Lagavulin","floor":8.0,"turns":8.0},{"damage":35,"enemies":"Gremlin Gang","floor":11,"turns":5},{"damage":0,"enemies":"2 Fungi Beasts","floor":12,"turns":4},{"damage":2,"enemies":"Exordium Wildlife","floor":14,"turns":2}],"seed_played":"1812165264055790776","potions_obtained":[{"floor":3.0,"key":"SpeedPotion"},{"floor":12,"key":"SkillPotion"}],"is_trial":false,"path_per_floor":["M","?","M","?","M","R","$","E","T","R","M","M","?"],"character_chosen":"DEFECT","items_purchased":[],"campfire_rested":0,"item_purchase_floors":[],"current_hp_per_floor":[60,65,58,58,58,58,58,37,37,37,2,2,2,0],"gold":332,"neow_bonus":"","is_prod":false,"is_daily":false,"chose_seed":false,"campfire_upgraded":2,"win_rate":0,"timestamp":1535999791,"path_taken":["M","?","M","?","M","R","$","E","T","R","M","?","?","M"],"build_version":"2018-08-30","purchased_purges":0,"victory":false,"max_hp_per_floor":[71,76,76,76,76,76,76,76,76,76,76,76,76,76],"card_choices":[{"not_picked":["Gash","Aggregate"],"picked":"Conserve Battery","floor":1.0},{"not_picked":["Beam Cell","Gash","Turbo"],"picked":"SKIP","floor":3.0},{"not_picked":["Stack","Chill"],"picked":"Go for the Eyes","floor":5.0},{"not_picked":["Fusion","Coolheaded"],"picked":"Biased Cognition","floor":8.0},{"not_picked":["Reprogram","Hello World"],"picked":"Coolheaded","floor":11},{"not_picked":["Turbo","Beam Cell"],"picked":"Self Repair","floor":12}],"player_experience":309112,"relics_obtained":[{"floor":8.0,"key":"Potion Belt"},{"floor":9.0,"key":"Omamori"}],"event_choices":[{"event_name":"Big Fish","player_choice":"Donut","floor":2.0,"damage_taken":0.0},{"event_name":"FaceTrader","player_choice":"Trade","floor":4.0,"damage_taken":0.0},{"event_name":"Golden Wing","player_choice":"Ignored","floor":13,"damage_taken":0}],"is_beta":false,"boss_relics":[],"items_purged_floors":[],"is_endless":false,"potions_floor_spawned":[3,12],"killed_by":"Exordium Wildlife","ascension_level":18}