{"gold_per_floor":[119,131,56,56,70,103,103,27,27,27,58,58,78,97,97,197,197,213,238,238,248,160,160,191,205,205,205,230,330,341,191,191,294,294,310,360,19,19,39,39,71,171,171,171,0,19,19,19,19,19],"floor_reached":50,"playtime":1848,"items_purged":["Strike_R","Strike_R"],"score":674,"play_id":"55eb373b-004b-493b-bd12-095f6cb84461","local_time":"20181214225158","is_ascension_mode":true,"campfire_choices":[{"data":"Rampage","floor":7.0,"key":"SMITH"},{"data":"Bash","floor":12.0,"key":"SMITH"},{"data":"Inflame","floor":15.0,"key":"SMITH"},{"data":"Limit Break","floor":23,"key":"SMITH"},{"floor":27,"key":"REST"},{"data":"Whirlwind","floor":32,"key":"SMITH"},{"floor":40,"key":"REST"},{"floor":47,"key":"REST"},{"data":"Metallicize","floor":49,"key":"SMITH"}],"neow_cost":"NONE","seed_source_timestamp":1152671420748541,"circlet_count":0,"master_deck":["Bash+1","Impervious","Rampage+1","Twin Strike","Limit Break+1","Rage+1","Inflame+1","Battle Trance+1","Offering+1","Armaments+1","Headbutt+1","Purity+1","Dual Wield+1","Spot Weakness+1","Whirlwind+1","Flex+1","Juggernaut","Bloodletting+1","Feed","Clash","Whirlwind","Cleave","Corruption","Metallicize+1","Good Instincts+1","Madness+1","Madness+1","Madness+1","Heavy Blade"],"special_seed":0,"relics":["Burning Blood","Prayer Wheel","Toxic Egg 2","Bottled Flame","Sozu","Boot","MutagenicStrength","Art of War","Gremlin Horn","Juzu Bracelet","Pandora\u0027s Box","Calipers","Mummified Hand","Frozen Egg 2","Mango","Kunai","Red Mask"],"potions_floor_usage":[36],"damage_taken":[{"damage":1.0,"enemies":"Cultist","floor":1.0,"turns":5.0},{"damage":2.0,"enemies":"Jaw Worm","floor":2.0,"turns":3.0},{"damage":2.0,"enemies":"2 Louse","floor":5.0,"turns":3.0},{"damage":20.0,"enemies":"Lagavulin","floor":6.0,"turns":5.0},{"damage":0.0,"enemies":"Gremlin Gang","floor":10.0,"turns":1.0},{"damage":50.0,"enemies":"3 Sentries","floor":11.0,"turns":10.0},{"damage":2.0,"enemies":"2 Fungi Beasts","floor":13.0,"turns":4.0},{"damage":2.0,"enemies":"Looter","floor":14.0,"turns":3.0},{"damage":6.0,"enemies":"The Guardian","floor":16.0,"turns":7.0},{"damage":22.0,"enemies":"3 Byrds","floor":18.0,"turns":5.0},{"damage":6.0,"enemies":"Shell Parasite","floor":21.0,"turns":4.0},{"damage":21,"enemies":"Book of Stabbing","floor":24,"turns":4},{"damage":7,"enemies":"Cultist and Chosen","floor":25,"turns":4},{"damage":8,"enemies":"Gremlin Leader","floor":28,"turns":3},{"damage":6,"enemies":"Centurion and Healer","floor":30,"turns":5},{"damage":62,"enemies":"Collector","floor":33,"turns":7},{"damage":27,"enemies":"3 Darklings","floor":35,"turns":2},{"damage":26,"enemies":"2 Orb Walkers","floor":36,"turns":2},{"damage":0,"enemies":"Orb Walker","floor":39,"turns":2},{"damage":3,"enemies":"Reptomancer","floor":41,"turns":3},{"damage":34,"enemies":"Mind Bloom Boss Battle","floor":42,"turns":3},{"damage":3,"enemies":"4 Shapes","floor":46,"turns":1},{"damage":125,"enemies":"Time Eater","floor":50,"turns":7}],"seed_played":"4077460666326535398","potions_obtained":[{"floor":1.0,"key":"Regen Potion"},{"floor":2.0,"key":"SmokeBomb"},{"floor":11.0,"key":"Energy Potion"},{"floor":14.0,"key":"PowerPotion"}],"is_trial":false,"path_per_floor":["M","M","$","?","M","E","R","$","T","M","E","R","M","M","R","B",null,"M","T","?","M","$","R","E","M","T","R","E","?","M","$","R","B",null,"M","?","$","?","M","R","E","?","T","?","?","M","R","?","R","B"],"character_chosen":"IRONCLAD","items_purchased":["Limit Break","Purity+1","Flex+1","Good Instincts+1","Mummified Hand"],"campfire_rested":3,"item_purchase_floors":[8,22,31,37,37],"current_hp_per_floor":[80,80,80,73,77,63,63,63,63,69,40,40,44,48,48,48,80,64,64,64,64,64,64,49,48,48,72,70,70,70,70,70,14,80,59,43,43,43,49,74,77,66,66,53,53,56,86,86,86,0],"gold":19,"neow_bonus":"ONE_RANDOM_RARE_CARD","is_prod":false,"is_daily":false,"chose_seed":false,"campfire_upgraded":6,"win_rate":0,"timestamp":1544845918,"path_taken":["M","?","?","?","?","E","R","?","T","M","E","R","M","M","R","BOSS","M","?","?","M","$","R","E","M","T","R","E","?","M","$","R","BOSS","M","?","$","?","M","R","E","?","T","?","?","M","R","?","R","BOSS"],"build_version":"2018-12-13","purchased_purges":2,"victory":false,"max_hp_per_floor":[80,80,80,80,80,80,80,80,80,80,80,80,80,80,80,80,80,80,80,80,80,80,80,80,80,80,80,80,80,80,80,80,80,80,80,84,84,84,84,84,84,101,101,101,101,101,101,101,101,101],"card_choices":[{"not_picked":["Shrug It Off","True Grit"],"picked":"Rampage","floor":1.0},{"not_picked":["Clash","Shrug It Off"],"picked":"Battle Trance","floor":2.0},{"not_picked":["True Grit","Body Slam"],"picked":"Twin Strike","floor":5.0},{"not_picked":["Clash","Reckless Charge","Heavy Blade"],"picked":"SKIP","floor":6.0},{"not_picked":["Feel No Pain","Body Slam"],"picked":"Rage+1","floor":11.0},{"not_picked":["Clothesline","Dark Embrace","Iron Wave"],"picked":"SKIP","floor":13.0},{"not_picked":["Thunderclap","Iron Wave","Twin Strike"],"picked":"SKIP","floor":13.0},{"not_picked":["Twin Strike","Headbutt"],"picked":"Inflame","floor":14.0},{"not_picked":["Searing Blow","Iron Wave"],"picked":"Battle Trance+1","floor":14.0},{"not_picked":["Exhume+1","Brutality"],"picked":"Offering+1","floor":16.0},{"not_picked":["Carnage","Iron Wave+1"],"picked":"Armaments+1","floor":18.0},{"not_picked":["Corruption","Sword Boomerang","Clash"],"picked":"SKIP","floor":18.0},{"not_picked":["Hemokinesis+1","Perfected Strike"],"picked":"Headbutt+1","floor":21.0},{"not_picked":["Clothesline","Pommel Strike","Bloodletting+1"],"picked":"SKIP","floor":21.0},{"not_picked":["Cleave","Carnage+1","Anger"],"picked":"SKIP","floor":24},{"not_picked":["True Grit+1","Clash"],"picked":"Dual Wield+1","floor":25},{"not_picked":["Perfected Strike","Dark Embrace","Iron Wave+1"],"picked":"SKIP","floor":25},{"not_picked":["Rage+1","Twin Strike+1","Juggernaut"],"picked":"SKIP","floor":28},{"not_picked":["Headbutt+1","Flame Barrier+1"],"picked":"Spot Weakness+1","floor":30},{"not_picked":["Body Slam","Fire Breathing+1"],"picked":"Whirlwind","floor":30},{"not_picked":["Offering+1","Dark Embrace"],"picked":"Juggernaut","floor":33},{"not_picked":["Body Slam+1","Carnage+1"],"picked":"Metallicize","floor":35},{"not_picked":["Havoc+1","Armaments+1","Thunderclap+1"],"picked":"SKIP","floor":35},{"not_picked":["Thinking Ahead+1","Trip+1"],"picked":"Madness+1","floor":38},{"not_picked":["Heavy Blade+1","Corruption+1","Warcry+1"],"picked":"SKIP","floor":39},{"not_picked":["Evolve+1","Clash+1","Battle Trance+1"],"picked":"SKIP","floor":39},{"not_picked":["Feed","Iron Wave+1","Anger"],"picked":"SKIP","floor":41},{"not_picked":["Intimidate+1","Seeing Red+1","Perfected Strike+1"],"picked":"SKIP","floor":46},{"not_picked":["Brutality+1","Body Slam+1","Heavy Blade"],"picked":"SKIP","floor":46},{"not_picked":["Brutality+1","Body Slam+1"],"picked":"Heavy Blade","floor":46},{"not_picked":["Intimidate+1","Seeing Red+1","Perfected Strike+1"],"picked":"SKIP","floor":46}],"player_experience":507698,"relics_obtained":[{"floor":6.0,"key":"Prayer Wheel"},{"floor":9.0,"key":"Toxic Egg 2"},{"floor":11.0,"key":"Bottled Flame"},{"floor":19.0,"key":"Boot"},{"floor":24,"key":"Art of War"},{"floor":26,"key":"Gremlin Horn"},{"floor":28,"key":"Juzu Bracelet"},{"floor":36,"key":"Calipers"},{"floor":41,"key":"Frozen Egg 2"},{"floor":42,"key":"Mango"},{"floor":43,"key":"Kunai"}],"event_choices":[{"cards_removed":["Strike_R"],"damage_healed":0.0,"max_hp_gain":0.0,"max_hp_loss":0.0,"gold_gain":0.0,"event_name":"Golden Wing","player_choice":"Card Removal","floor":4.0,"gold_loss":0.0,"damage_taken":7.0},{"damage_healed":0.0,"max_hp_gain":0.0,"max_hp_loss":0.0,"gold_gain":0.0,"event_name":"Drug Dealer","player_choice":"Inject Mutagens","floor":20.0,"gold_loss":0.0,"damage_taken":0.0,"relics_obtained":["MutagenicStrength"]},{"damage_healed":0,"gold_gain":100,"player_choice":"Pray","damage_taken":0,"max_hp_gain":0,"max_hp_loss":0,"event_name":"Golden Shrine","floor":29,"gold_loss":0},{"damage_healed":0,"gold_gain":0,"player_choice":"Fight","damage_taken":0,"max_hp_gain":0,"max_hp_loss":0,"event_name":"Mysterious Sphere","floor":36,"gold_loss":0},{"damage_healed":0,"gold_gain":0,"player_choice":"Memory 1","damage_taken":0,"max_hp_gain":0,"max_hp_loss":0,"event_name":"SensoryStone","floor":38,"gold_loss":0},{"damage_healed":0,"gold_gain":0,"player_choice":"Fight","damage_taken":0,"max_hp_gain":0,"max_hp_loss":0,"event_name":"MindBloom","floor":42,"gold_loss":0},{"damage_healed":0,"gold_gain":0,"player_choice":"Embrace Madness","damage_taken":13,"max_hp_gain":0,"max_hp_loss":0,"event_name":"Winding Halls","floor":44,"gold_loss":0,"cards_obtained":["Madness","Madness"]},{"damage_healed":0,"gold_gain":0,"player_choice":"Paid","damage_taken":0,"relics_obtained":["Red Mask"],"max_hp_gain":0,"max_hp_loss":0,"event_name":"Tomb of Lord Red Mask","floor":45,"gold_loss":171},{"cards_removed":["Battle Trance"],"damage_healed":0,"gold_gain":0,"player_choice":"Removed Skill","damage_taken":0,"max_hp_gain":0,"max_hp_loss":0,"event_name":"Falling","floor":48,"gold_loss":0}],"is_beta":false,"boss_relics":[{"not_picked":["Lizard Tail","Calling Bell"],"picked":"Sozu"},{"not_picked":["Runic Dome","Coffee Dripper"],"picked":"Pandora\u0027s Box"}],"items_purged_floors":[3,31],"is_endless":false,"potions_floor_spawned":[1,2,11,14,21,28,33,36,46],"killed_by":"Time Eater","ascension_level":4}