{"gold_per_floor":[114,94,114,130,130,130,163,181,204,204,204,220,248,2,2,76,76,95,113,128,19,19,19,51,51,133,52,64,64,80,80,80,154,154,170,187,200,220,106,136,149,149,149,167,182,43,43,63,63,63,63,63,25,25],"floor_reached":54,"playtime":2509,"items_purged":["Strike_R"],"score":1334,"play_id":"af43e59c-a521-46b7-95a6-e0b1ce567672","local_time":"20190616213344","is_ascension_mode":true,"campfire_choices":[{"data":"Bash","floor":6.0,"key":"SMITH"},{"data":"Sword Boomerang","floor":10.0,"key":"SMITH"},{"data":"Metallicize","floor":15.0,"key":"SMITH"},{"data":"Barricade","floor":23.0,"key":"SMITH"},{"floor":25.0,"key":"REST"},{"data":"Metallicize","floor":29.0,"key":"SMITH"},{"floor":32.0,"key":"REST"},{"floor":47.0,"key":"REST"},{"floor":49.0,"key":"RECALL"},{"floor":52,"key":"REST"}],"neow_cost":"NONE","seed_source_timestamp":0,"circlet_count":0,"master_deck":["AscendersBane","Strike_R","Strike_R","Defend_R","Defend_R","Defend_R","Defend_R","Bash+1","Headbutt","Metallicize+1","Sword Boomerang+1","Reaper","Shockwave","Barricade+1","Uppercut","Shrug It Off","Feed","Spot Weakness","Blood for Blood+1","Metallicize+1","Reaper","Shrug It Off+1","True Grit+1","Evolve","Clothesline+1","Double Tap","Armaments+1","Pummel+1","Entrench"],"special_seed":0,"relics":["Burning Blood","Vajra","Red Skull","Oddly Smooth Stone","MawBank","Membership Card","Philosopher\u0027s Stone","Lee\u0027s Waffle","Bag of Marbles","Happy Flower","Mercury Hourglass","Fusion Hammer","Potion Belt","Meat on the Bone","Sundial"],"potions_floor_usage":[50,50],"damage_taken":[{"damage":12.0,"enemies":"Jaw Worm","floor":1.0,"turns":5.0},{"damage":1.0,"enemies":"Cultist","floor":3.0,"turns":3.0},{"damage":0.0,"enemies":"2 Louse","floor":4.0,"turns":4.0},{"damage":46.0,"enemies":"3 Sentries","floor":7.0,"turns":16.0},{"damage":32.0,"enemies":"Gremlin Gang","floor":8.0,"turns":4.0},{"damage":18.0,"enemies":"Exordium Wildlife","floor":12.0,"turns":3.0},{"damage":39.0,"enemies":"Lagavulin","floor":13.0,"turns":8.0},{"damage":38.0,"enemies":"The Guardian","floor":16.0,"turns":13.0},{"damage":18.0,"enemies":"Chosen","floor":18.0,"turns":6.0},{"damage":27.0,"enemies":"Spheric Guardian","floor":19.0,"turns":6.0},{"damage":45.0,"enemies":"Centurion and Healer","floor":20.0,"turns":6.0},{"damage":91.0,"enemies":"Gremlin Leader","floor":24.0,"turns":10.0},{"damage":25.0,"enemies":"3 Cultists","floor":28.0,"turns":5.0},{"damage":39.0,"enemies":"Cultist and Chosen","floor":30.0,"turns":6.0},{"damage":5.0,"enemies":"Champ","floor":33.0,"turns":17.0},{"damage":17.0,"enemies":"3 Shapes","floor":35.0,"turns":5.0},{"damage":16.0,"enemies":"Orb Walker","floor":36.0,"turns":3.0},{"damage":0.0,"enemies":"Maw","floor":37.0,"turns":10.0},{"damage":11.0,"enemies":"Writhing Mass","floor":38.0,"turns":11.0},{"damage":62.0,"enemies":"Nemesis","floor":40.0,"turns":9.0},{"damage":25.0,"enemies":"Transient","floor":41.0,"turns":6.0},{"damage":55.0,"enemies":"Spire Growth","floor":44.0,"turns":6.0},{"damage":13.0,"enemies":"3 Darklings","floor":45.0,"turns":4.0},{"damage":52.0,"enemies":"Jaw Worm Horde","floor":48.0,"turns":6.0},{"damage":110,"enemies":"Time Eater","floor":50,"turns":11},{"damage":160,"enemies":"Shield and Spear","floor":54,"turns":5}],"seed_played":"-8765017475231351897","potions_obtained":[{"floor":1.0,"key":"Weak Potion"},{"floor":2.0,"key":"Block Potion"},{"floor":7.0,"key":"FearPotion"},{"floor":8.0,"key":"Regen Potion"},{"floor":28.0,"key":"SpeedPotion"},{"floor":33.0,"key":"FearPotion"},{"floor":40.0,"key":"GamblersBrew"},{"floor":41.0,"key":"Strength Potion"}],"is_trial":false,"path_per_floor":["M","?","M","M","?","R","E","M","T","R","?","M","E","$","R","B",null,"M","M","M","$","?","R","E","R","T","$","M","R","M","T","R","B",null,"M","M","M","M","$","E","M","?","T","M","M","$","R","M","R","B",null,"R","$","E"],"character_chosen":"IRONCLAD","items_purchased":["Membership Card","Shrug It Off","Lee\u0027s Waffle","Happy Flower","Double Tap","Sundial","Entrench"],"campfire_rested":4,"item_purchase_floors":[14,14,21,27,39,46,53],"current_hp_per_floor":[62,62,67,73,78,78,38,44,44,44,44,40,34,34,34,14,64,60,42,22,96,96,96,11,39,39,39,47,47,41,41,71,75,98,108,111,114,109,109,72,65,65,65,55,79,79,114,85,85,34,99,121,121,0],"gold":25,"neow_bonus":"RANDOM_COMMON_RELIC","is_prod":false,"is_daily":false,"chose_seed":false,"campfire_upgraded":5,"win_rate":0,"timestamp":1560735224,"path_taken":["M","?","M","?","?","R","E","M","T","R","?","M","E","$","R","BOSS","M","M","?","$","?","R","E","R","T","$","M","R","M","?","R","BOSS","M","M","M","M","$","E","?","?","T","?","M","$","R","M","R","BOSS","R","$","E"],"build_version":"2019-01-23","purchased_purges":1,"victory":false,"max_hp_per_floor":[75,75,75,75,80,80,80,80,80,80,80,80,80,80,80,80,80,83,86,89,96,96,96,96,96,96,96,99,99,102,102,102,105,105,108,111,114,114,114,117,117,117,117,117,117,117,117,121,121,121,121,121,121,121],"card_choices":[{"not_picked":["Combust","Thunderclap"],"picked":"Headbutt","floor":1.0},{"not_picked":["Armaments","True Grit"],"picked":"Metallicize","floor":3.0},{"not_picked":["Entrench","Infernal Blade"],"picked":"Sword Boomerang","floor":4.0},{"not_picked":["Wild Strike","Flex"],"picked":"Reaper","floor":7.0},{"not_picked":["Heavy Blade","Perfected Strike"],"picked":"Shockwave","floor":8.0},{"not_picked":["Wild Strike","Armaments"],"picked":"Uppercut","floor":12.0},{"not_picked":["Hemokinesis","Armaments","Bloodletting"],"picked":"SKIP","floor":13.0},{"not_picked":["Fiend Fire","Barricade"],"picked":"Feed","floor":16.0},{"not_picked":["Rupture+1","Anger","Second Wind"],"picked":"SKIP","floor":18.0},{"not_picked":["Headbutt","Dual Wield"],"picked":"Spot Weakness","floor":19.0},{"not_picked":["Heavy Blade","Body Slam"],"picked":"Blood for Blood+1","floor":20.0},{"not_picked":["Clash","Reckless Charge"],"picked":"Metallicize","floor":24.0},{"not_picked":["Burning Pact","Power Through","Flex+1"],"picked":"SKIP","floor":28.0},{"not_picked":["Perfected Strike","Rampage","Flex+1"],"picked":"SKIP","floor":30.0},{"not_picked":["Barricade","Dark Embrace"],"picked":"Reaper","floor":33.0},{"not_picked":["Clash","Heavy Blade"],"picked":"Shrug It Off+1","floor":35.0},{"not_picked":["Sentinel","Wild Strike"],"picked":"True Grit+1","floor":36.0},{"not_picked":["Clothesline","Shrug It Off+1"],"picked":"Evolve","floor":37.0},{"not_picked":["Burning Pact","Rampage"],"picked":"Clothesline+1","floor":38.0},{"not_picked":["Burning Pact+1","Shockwave","Barricade"],"picked":"SKIP","floor":40.0},{"not_picked":["Searing Blow","Pommel Strike","Bloodletting"],"picked":"SKIP","floor":41.0},{"not_picked":["Rampage+1","Pommel Strike","Evolve+1"],"picked":"SKIP","floor":44.0},{"not_picked":["Thunderclap+1","Pommel Strike"],"picked":"Armaments+1","floor":45.0},{"not_picked":["Sword Boomerang","Cleave"],"picked":"Pummel+1","floor":48.0}],"player_experience":745514,"relics_obtained":[{"floor":7.0,"key":"Red Skull"},{"floor":9.0,"key":"Oddly Smooth Stone"},{"floor":13.0,"key":"MawBank"},{"floor":24.0,"key":"Bag of Marbles"},{"floor":31.0,"key":"Mercury Hourglass"},{"floor":40.0,"key":"Potion Belt"},{"floor":43.0,"key":"Meat on the Bone"}],"event_choices":[{"damage_healed":0.0,"max_hp_gain":0.0,"max_hp_loss":0.0,"gold_gain":0.0,"event_name":"The Woman in Blue","player_choice":"Bought 1 Potion","floor":2.0,"gold_loss":0.0,"damage_taken":0.0},{"damage_healed":0.0,"max_hp_gain":5.0,"max_hp_loss":0.0,"gold_gain":0.0,"event_name":"Big Fish","player_choice":"Donut","floor":5.0,"gold_loss":0.0,"damage_taken":0.0},{"damage_healed":0.0,"max_hp_gain":0.0,"max_hp_loss":0.0,"gold_gain":0.0,"cards_transformed":["Strike_R"],"event_name":"Transmorgrifier","player_choice":"Transformed","floor":11.0,"gold_loss":0.0,"damage_taken":0.0,"cards_obtained":["Barricade"]},{"damage_healed":0.0,"max_hp_gain":0.0,"max_hp_loss":0.0,"gold_gain":0.0,"event_name":"Ghosts","player_choice":"Ignored","floor":22.0,"gold_loss":0.0,"damage_taken":0.0},{"cards_removed":["Strike_R"],"damage_healed":0.0,"max_hp_gain":0.0,"max_hp_loss":0.0,"gold_gain":0.0,"event_name":"Bonfire Elementals","player_choice":"Offered Basic","floor":42.0,"gold_loss":0.0,"damage_taken":0.0}],"is_beta":false,"boss_relics":[{"not_picked":["Calling Bell","Empty Cage"],"picked":"Philosopher\u0027s Stone"},{"not_picked":["Tiny House","Velvet Choker"],"picked":"Fusion Hammer"}],"items_purged_floors":[39],"is_endless":false,"potions_floor_spawned":[1,7,8,28,33,35,36,40,41],"killed_by":"Shield and Spear","ascension_level":18}