{"gold_per_floor":[114,129,204,219,144,174,174,24,74,104,36,76,76,91,91,191,191,206,221,236,266,95,95,125,125,125,125,155,167,194,127,127,227,277,292,567,597,612,449,479,479,479,479,509,524,524,554,569,569,569],"floor_reached":50,"playtime":3762,"items_purged":["Strike_G","Strike_G","Regret"],"score":751,"play_id":"532c237e-24ff-49de-a118-c7e7ab2c40b4","local_time":"20190707032114","daily_mods":["Heirloom","Blue Cards","DeadlyEvents"],"is_ascension_mode":false,"campfire_choices":[{"data":"Bouncing Flask","floor":7.0,"key":"SMITH"},{"data":"Noxious Fumes","floor":15.0,"key":"SMITH"},{"data":"Crippling Poison","floor":23.0,"key":"SMITH"},{"floor":27.0,"key":"REST"},{"data":"Defragment","floor":32.0,"key":"SMITH"},{"floor":41,"key":"REST"},{"data":"Seek","floor":46,"key":"SMITH"},{"floor":49,"key":"REST"}],"neow_cost":"","seed_source_timestamp":12070765480629,"circlet_count":0,"master_deck":["Defend_G","Defend_G","Defend_G+1","Defend_G","Defend_G","Survivor","Neutralize","Poisoned Stab","Bouncing Flask+1","Quick Slash","Self Repair","Tempest","Noxious Fumes+1","Coolheaded","Corpse Explosion","Terror","Crippling Poison+1","Escape Plan+1","Capacitor","Seek+1","Electrodynamics","Defragment+1","Core Surge","Go for the Eyes+1","Self Repair+1","Well Laid Plans","Backflip","Cold Snap"],"special_seed":18084,"relics":["Ring of the Snake","Girya","Dodecahedron","Oddly Smooth Stone","Potion Belt","Tough Bandages","Pantograph","Empty Cage","Paper Crane","Calipers","Sundial","MawBank","Gremlin Horn","Tiny House","Vajra","Bronze Scales","Singing Bowl","Dream Catcher","Happy Flower"],"potions_floor_usage":[40,40,42,44,47],"damage_taken":[{"damage":0.0,"enemies":"Small Slimes","floor":1.0,"turns":3.0},{"damage":0.0,"enemies":"Cultist","floor":2.0,"turns":3.0},{"damage":0.0,"enemies":"2 Louse","floor":4.0,"turns":3.0},{"damage":12.0,"enemies":"Gremlin Nob","floor":6.0,"turns":4.0},{"damage":6.0,"enemies":"3 Sentries","floor":10.0,"turns":10.0},{"damage":33.0,"enemies":"3 Sentries","floor":12.0,"turns":7.0},{"damage":0.0,"enemies":"2 Fungi Beasts","floor":14.0,"turns":3.0},{"damage":2.0,"enemies":"The Guardian","floor":16.0,"turns":9.0},{"damage":0.0,"enemies":"Spheric Guardian","floor":18.0,"turns":5.0},{"damage":0.0,"enemies":"Chosen","floor":19.0,"turns":5.0},{"damage":7.0,"enemies":"Sentry and Sphere","floor":20.0,"turns":6.0},{"damage":10.0,"enemies":"Gremlin Leader","floor":21.0,"turns":6.0},{"damage":20.0,"enemies":"Slavers","floor":24.0,"turns":4.0},{"damage":0.0,"enemies":"Book of Stabbing","floor":28.0,"turns":7.0},{"damage":0.0,"enemies":"Snake Plant","floor":30.0,"turns":5.0},{"damage":0.0,"enemies":"Automaton","floor":33.0,"turns":9.0},{"damage":7.0,"enemies":"Orb Walker","floor":35.0,"turns":5.0},{"damage":10.0,"enemies":"Nemesis","floor":37.0,"turns":11.0},{"damage":8.0,"enemies":"3 Shapes","floor":38.0,"turns":7.0},{"damage":48,"enemies":"Giant Head","floor":40,"turns":12},{"damage":0,"enemies":"3 Darklings","floor":42,"turns":2},{"damage":21,"enemies":"Nemesis","floor":44,"turns":9},{"damage":18,"enemies":"4 Shapes","floor":45,"turns":6},{"damage":50,"enemies":"Reptomancer","floor":47,"turns":8},{"damage":16,"enemies":"Spire Growth","floor":48,"turns":9},{"damage":85,"enemies":"Donu and Deca","floor":50,"turns":9}],"seed_played":"-6942843224144824641","potions_obtained":[{"floor":2.0,"key":"EssenceOfSteel"},{"floor":6.0,"key":"SpeedPotion"},{"floor":12.0,"key":"Dexterity Potion"},{"floor":16.0,"key":"SmokeBomb"},{"floor":19.0,"key":"AttackPotion"},{"floor":24.0,"key":"GamblersBrew"},{"floor":30.0,"key":"Dexterity Potion"},{"floor":33.0,"key":"Energy Potion"},{"floor":34.0,"key":"EntropicBrew"},{"floor":37.0,"key":"SmokeBomb"},{"floor":40,"key":"Swift Potion"},{"floor":45,"key":"Poison Potion"},{"floor":47,"key":"SteroidPotion"},{"floor":48,"key":"SneckoOil"}],"is_trial":false,"path_per_floor":["M","M","?","M","$","E","R","$","T","E","$","?","?","M","R","B",null,"M","M","M","E","$","R","E","?","T","R","E","T","M","$","R","B",null,"M","?","E","M","$","E","R","M","T","E","M","R","E","M","R","B"],"character_chosen":"THE_SILENT","items_purchased":["Oddly Smooth Stone","Noxious Fumes","Capacitor","Defragment","Well Laid Plans"],"campfire_rested":3,"item_purchase_floors":[8,11,22,31,39],"current_hp_per_floor":[70,70,59,59,59,47,47,47,47,48,48,22,22,29,29,59,70,70,70,70,67,67,67,54,54,54,70,70,70,70,70,70,70,75,75,75,72,71,71,40,62,72,72,70,71,71,33,36,60,0],"gold":569,"neow_bonus":"","is_prod":false,"is_daily":true,"chose_seed":false,"campfire_upgraded":5,"win_rate":0,"timestamp":1562462474,"path_taken":["M","M","?","M","$","E","R","$","T","E","$","?","?","M","R","BOSS","M","?","M","?","$","R","E","?","T","R","E","?","M","$","R","BOSS","M","?","?","M","$","E","R","M","T","E","M","R","?","M","R","BOSS"],"build_version":"2019-07-05","purchased_purges":3,"victory":false,"max_hp_per_floor":[70,70,70,70,70,70,70,70,70,70,70,70,70,70,70,70,70,70,70,70,70,70,70,70,70,70,70,70,70,70,70,70,70,75,75,75,75,75,75,75,75,75,75,77,79,79,81,83,83,83],"card_choices":[{"not_picked":["Sucker Punch","Steam"],"picked":"Poisoned Stab","floor":1.0},{"not_picked":["Redo","Reinforced Body"],"picked":"Bouncing Flask","floor":2.0},{"not_picked":["Cold Snap","Prepared"],"picked":"Quick Slash","floor":4.0},{"not_picked":["Hello World","Riddle With Holes"],"picked":"Self Repair","floor":6.0},{"not_picked":["Double Energy","Redo"],"picked":"Tempest","floor":10.0},{"not_picked":["Finisher","Stack"],"picked":"Coolheaded","floor":12.0},{"not_picked":["Barrage","Hologram","Sweeping Beam"],"picked":"SKIP","floor":14.0},{"not_picked":["Core Surge","Night Terror"],"picked":"Corpse Explosion","floor":16.0},{"not_picked":["Cloak And Dagger+1","Barrage"],"picked":"Terror","floor":18.0},{"not_picked":["Eviscerate+1","PiercingWail"],"picked":"Crippling Poison","floor":19.0},{"not_picked":["Choke","Expertise","PiercingWail"],"picked":"SKIP","floor":20.0},{"not_picked":["Terror+1","Blade Dance"],"picked":"Escape Plan+1","floor":21.0},{"not_picked":["Finisher","Stack","Hello World"],"picked":"SKIP","floor":24.0},{"not_picked":["Compile Driver","Turbo"],"picked":"Seek","floor":28.0},{"not_picked":["Dodge and Roll","Sunder"],"picked":"Electrodynamics","floor":30.0},{"not_picked":["A Thousand Cuts","Electrodynamics"],"picked":"Core Surge","floor":33.0},{"not_picked":["Recycle+1","Acrobatics"],"picked":"Go for the Eyes+1","floor":35.0},{"not_picked":["Chaos+1","Cloak And Dagger","Riddle With Holes+1"],"picked":"SKIP","floor":37.0},{"not_picked":["Quick Slash+1","Compile Driver"],"picked":"Self Repair+1","floor":38.0},{"not_picked":["Beam Cell+1","Deflect"],"picked":"Backflip","floor":40},{"not_picked":["Corpse Explosion","Sweeping Beam+1","Reinforced Body"],"picked":"Singing Bowl","floor":44},{"not_picked":["PiercingWail","Skim+1","Finisher+1"],"picked":"Singing Bowl","floor":45},{"not_picked":["Well Laid Plans+1","Static Discharge","Flechettes+1"],"picked":"Singing Bowl","floor":47},{"not_picked":["Underhanded Strike","Gash+1","Cloak And Dagger"],"picked":"Singing Bowl","floor":48},{"not_picked":["Grand Finale","Predator"],"picked":"Cold Snap","floor":49}],"player_experience":12773,"relics_obtained":[{"floor":6.0,"key":"Dodecahedron"},{"floor":9.0,"key":"Potion Belt"},{"floor":10.0,"key":"Tough Bandages"},{"floor":21.0,"key":"Paper Crane"},{"floor":24.0,"key":"Calipers"},{"floor":26.0,"key":"Sundial"},{"floor":28.0,"key":"MawBank"},{"floor":29.0,"key":"Gremlin Horn"},{"floor":37.0,"key":"Vajra"},{"floor":40,"key":"Bronze Scales"},{"floor":43,"key":"Singing Bowl"},{"floor":44,"key":"Dream Catcher"},{"floor":47,"key":"Happy Flower"}],"event_choices":[{"damage_healed":0.0,"max_hp_gain":0.0,"max_hp_loss":0.0,"gold_gain":75.0,"event_name":"World of Goop","player_choice":"Gather Gold","floor":3.0,"gold_loss":0.0,"damage_taken":11.0},{"damage_healed":0.0,"max_hp_gain":0.0,"max_hp_loss":0.0,"gold_gain":0.0,"event_name":"Dead Adventurer","player_choice":"Searched \u00272\u0027 times","floor":12.0,"gold_loss":0.0,"damage_taken":0.0,"relics_obtained":["Pantograph"]},{"cards_removed":["Strike_G"],"damage_healed":0.0,"max_hp_gain":0.0,"max_hp_loss":0.0,"gold_gain":0.0,"event_name":"Bonfire Elementals","player_choice":"Offered Basic","floor":13.0,"gold_loss":0.0,"damage_taken":0.0},{"damage_healed":0.0,"max_hp_gain":0.0,"max_hp_loss":0.0,"gold_gain":0.0,"event_name":"Vampires","player_choice":"Ignored","floor":25.0,"gold_loss":0.0,"damage_taken":0.0},{"damage_healed":0.0,"max_hp_gain":0.0,"max_hp_loss":0.0,"gold_gain":275.0,"event_name":"Golden Shrine","player_choice":"Desecrate","floor":36.0,"gold_loss":0.0,"damage_taken":0.0,"cards_obtained":["Regret"]}],"is_beta":false,"boss_relics":[{"not_picked":["Pandora\u0027s Box","Coffee Dripper"],"picked":"Empty Cage"},{"not_picked":["WristBlade","Eternal Feather"],"picked":"Tiny House"}],"items_purged_floors":[5,22,39],"is_endless":false,"potions_floor_spawned":[2,6,12,16,19,24,30,33,37,40,45,47,48],"killed_by":"Donu and Deca","ascension_level":0}