{"gold_per_floor":[114,114,114,33,33,33,64,84,110,144,144,154,119,129,129,203,203,219,219,231,246,266,266,266,278,278,313,313,40,68,88,88,162,162,178,191,209,134,154,154,154],"floor_reached":41,"playtime":1706,"items_purged":["Doom and Gloom"],"score":936,"play_id":"ca8b4edd-1578-428d-81b4-aaa08c7fd357","local_time":"20190709105407","is_ascension_mode":true,"campfire_choices":[{"floor":6.0,"key":"REST"},{"data":"White Noise","floor":11.0,"key":"SMITH"},{"data":"Rainbow","floor":15.0,"key":"SMITH"},{"floor":28.0,"key":"REST"},{"floor":32.0,"key":"REST"},{"floor":40,"key":"REST"}],"neow_cost":"NONE","seed_source_timestamp":12481204257700,"circlet_count":0,"master_deck":["AscendersBane","Strike_B+1","Strike_B+1","Strike_B+1","Defend_B+1","Defend_B+1","Defend_B+1","Defend_B+1","Zap","Dualcast+1","Cold Snap","Ball Lightning","White Noise+1","Defragment+1","Rainbow+1","Creative AI+1","Amplify","Finesse","Loop+1"],"special_seed":0,"relics":["Cracked Core","NeowsBlessing","Torii","Pocketwatch","Strawberry","Frozen Egg 2","Busted Crown","Blue Candle","PreservedInsect","DataDisk","Regal Pillow","Orrery"],"potions_floor_usage":[39,39],"damage_taken":[{"damage":0.0,"enemies":"2 Louse","floor":1.0,"turns":1.0},{"damage":0.0,"enemies":"Lagavulin","floor":7.0,"turns":1.0},{"damage":0.0,"enemies":"Jaw Worm","floor":8.0,"turns":1.0},{"damage":19.0,"enemies":"3 Sentries","floor":10.0,"turns":6.0},{"damage":0.0,"enemies":"Cultist","floor":12.0,"turns":3.0},{"damage":6.0,"enemies":"Blue Slaver","floor":14.0,"turns":4.0},{"damage":23.0,"enemies":"Slime Boss","floor":16.0,"turns":7.0},{"damage":9.0,"enemies":"3 Byrds","floor":18.0,"turns":3.0},{"damage":13.0,"enemies":"2 Thieves","floor":20.0,"turns":4.0},{"damage":1.0,"enemies":"Snecko","floor":21.0,"turns":5.0},{"damage":35.0,"enemies":"Shelled Parasite and Fungi","floor":22.0,"turns":5.0},{"damage":10.0,"enemies":"Centurion and Healer","floor":25.0,"turns":6.0},{"damage":19.0,"enemies":"Book of Stabbing","floor":27.0,"turns":4.0},{"damage":20.0,"enemies":"Slavers","floor":30.0,"turns":5.0},{"damage":1.0,"enemies":"Sentry and Sphere","floor":31.0,"turns":6.0},{"damage":49.0,"enemies":"Automaton","floor":33.0,"turns":13.0},{"damage":0.0,"enemies":"Orb Walker","floor":35.0,"turns":4.0},{"damage":1.0,"enemies":"3 Shapes","floor":36.0,"turns":5.0},{"damage":39.0,"enemies":"Writhing Mass","floor":37.0,"turns":6.0},{"damage":13,"enemies":"Sphere and 2 Shapes","floor":39,"turns":5},{"damage":74,"enemies":"Reptomancer","floor":41,"turns":2}],"seed_played":"4833166020958258775","potions_obtained":[{"floor":1.0,"key":"EssenceOfSteel"},{"floor":10.0,"key":"Swift Potion"},{"floor":12.0,"key":"Regen Potion"},{"floor":16.0,"key":"FocusPotion"},{"floor":39,"key":"SpeedPotion"}],"is_trial":false,"path_per_floor":["M","?","?","$","?","R","E","M","T","E","R","M","?","M","R","B",null,"M","?","M","M","M","?","?","M","T","E","R","$","E","M","R","B",null,"M","M","M","$","M","R","E"],"character_chosen":"DEFECT","items_purchased":["Self Repair","Amplify","Finesse"],"campfire_rested":4,"item_purchase_floors":[4,29,29],"current_hp_per_floor":[64,43,25,25,25,46,46,46,53,41,41,48,67,68,68,52,72,70,70,64,70,42,42,42,32,32,13,36,36,16,15,53,4,60,60,59,20,20,21,59,0],"gold":154,"neow_bonus":"THREE_ENEMY_KILL","is_prod":false,"is_daily":false,"chose_seed":false,"campfire_upgraded":2,"win_rate":0,"timestamp":1562694847,"path_taken":["M","?","?","$","?","R","E","M","T","E","R","?","?","M","R","BOSS","M","?","?","M","M","?","?","M","T","E","R","$","E","M","R","BOSS","M","M","M","$","M","R","E"],"build_version":"2019-07-05","purchased_purges":1,"victory":false,"max_hp_per_floor":[71,71,71,71,71,71,71,71,78,78,78,78,78,78,78,78,78,78,78,78,78,78,78,78,78,78,78,78,78,78,78,78,78,78,78,78,78,78,78,78,78],"card_choices":[{"not_picked":["Leap","Auto Shields"],"picked":"Doom and Gloom","floor":1.0},{"not_picked":["Static Discharge","Beam Cell"],"picked":"Cold Snap","floor":7.0},{"not_picked":["Redo","Beam Cell"],"picked":"Ball Lightning","floor":8.0},{"not_picked":["Hello World","Sweeping Beam"],"picked":"White Noise","floor":10.0},{"not_picked":["Conserve Battery","Streamline"],"picked":"Defragment+1","floor":12.0},{"not_picked":["Conserve Battery","Ball Lightning"],"picked":"Rainbow","floor":14.0},{"not_picked":["All For One","Reboot"],"picked":"Creative AI+1","floor":16.0},{"not_picked":["Conserve Battery"],"picked":"SKIP","floor":18.0},{"not_picked":["Recycle"],"picked":"SKIP","floor":20.0},{"not_picked":["Steam"],"picked":"SKIP","floor":21.0},{"not_picked":["Sweeping Beam"],"picked":"SKIP","floor":22.0},{"not_picked":["Reprogram"],"picked":"SKIP","floor":25.0},{"not_picked":["Rebound"],"picked":"SKIP","floor":27.0},{"not_picked":["Lockon"],"picked":"SKIP","floor":30.0},{"not_picked":["Hello World+1"],"picked":"SKIP","floor":31.0},{"not_picked":[],"picked":"Loop+1","floor":34.0},{"not_picked":["Beam Cell+1"],"picked":"SKIP","floor":35.0},{"not_picked":["Rebound"],"picked":"SKIP","floor":36.0},{"not_picked":["Heatsinks+1"],"picked":"SKIP","floor":37.0},{"not_picked":["Rebound"],"picked":"SKIP","floor":39}],"player_experience":1247872,"relics_obtained":[{"floor":7.0,"key":"Pocketwatch"},{"floor":9.0,"key":"Strawberry"},{"floor":10.0,"key":"Frozen Egg 2"},{"floor":26.0,"key":"PreservedInsect"},{"floor":27.0,"key":"DataDisk"},{"floor":30.0,"key":"Regal Pillow"}],"event_choices":[{"damage_healed":0.0,"max_hp_gain":0.0,"max_hp_loss":0.0,"gold_gain":0.0,"event_name":"Shining Light","player_choice":"Entered Light","floor":2.0,"gold_loss":0.0,"damage_taken":21.0,"cards_upgraded":["Defend_B","Defend_B"]},{"damage_healed":0.0,"max_hp_gain":0.0,"max_hp_loss":0.0,"gold_gain":0.0,"event_name":"Scrap Ooze","player_choice":"Success","floor":3.0,"gold_loss":0.0,"damage_taken":18.0,"relics_obtained":["Torii"]},{"cards_removed":["Strike_B"],"damage_healed":0.0,"max_hp_gain":0.0,"max_hp_loss":0.0,"gold_gain":0.0,"event_name":"Bonfire Elementals","player_choice":"Offered Basic","floor":5.0,"gold_loss":0.0,"damage_taken":0.0},{"damage_healed":19.0,"max_hp_gain":0.0,"max_hp_loss":0.0,"gold_gain":0.0,"event_name":"The Cleric","player_choice":"Healed","floor":13.0,"gold_loss":35.0,"damage_taken":0.0},{"damage_healed":0.0,"max_hp_gain":0.0,"max_hp_loss":0.0,"gold_gain":0.0,"event_name":"Upgrade Shrine","player_choice":"Upgraded","floor":19.0,"gold_loss":0.0,"damage_taken":0.0,"cards_upgraded":["Dualcast"]},{"damage_healed":0.0,"max_hp_gain":0.0,"max_hp_loss":0.0,"gold_gain":0.0,"event_name":"Back to Basics","player_choice":"Simplicity","floor":23.0,"gold_loss":0.0,"damage_taken":0.0,"cards_upgraded":["Strike_B","Strike_B","Strike_B","Defend_B","Defend_B"]},{"cards_removed":["Self Repair"],"damage_healed":0.0,"max_hp_gain":0.0,"max_hp_loss":0.0,"gold_gain":0.0,"event_name":"WeMeetAgain","player_choice":"Gave Card","floor":24.0,"gold_loss":0.0,"damage_taken":0.0,"relics_obtained":["Blue Candle"]}],"is_beta":false,"boss_relics":[{"not_picked":["Coffee Dripper","Ectoplasm"],"picked":"Busted Crown"},{"not_picked":["Eternal Feather","Runic Pyramid"],"picked":"Orrery"}],"items_purged_floors":[38],"is_endless":false,"potions_floor_spawned":[1,10,12,16,21,27,33,39],"killed_by":"Reptomancer","ascension_level":20}