{"gold_per_floor":[118,118,129,145,100,100,135,154,181,181,181,181,181,209,209,309,309,328,328,347,347,262,262,292,65,65,65,65,99,109,109,109,204,204,221,221,221,232,243,273,273,308,308,308,308,326,53,53,53,53],"floor_reached":51,"playtime":2043,"items_purged":[],"score":886,"play_id":"0274e0b4-ded5-4137-9abb-afa9661c3c44","local_time":"20180806182550","is_ascension_mode":true,"campfire_choices":[{"data":"Neutralize","floor":6.0,"key":"SMITH"},{"floor":10.0,"key":"REST"},{"data":"Dodge and Roll","floor":12.0,"key":"SMITH"},{"data":"Backflip","floor":15.0,"key":"SMITH"},{"data":"Dodge and Roll","floor":23.0,"key":"SMITH"},{"floor":27.0,"key":"REST"},{"data":"Apotheosis","floor":32.0,"key":"SMITH"},{"floor":41.0,"key":"REST"},{"data":"Dodge and Roll","floor":44,"key":"SMITH"},{"floor":49,"key":"REST"}],"neow_cost":"NONE","seed_source_timestamp":0,"circlet_count":0,"master_deck":["Survivor","Neutralize+1","Backflip+1","Unload","Deadly Poison","Dodge and Roll+1","Heel Hook","Sucker Punch","Unload","Blade Dance","Dagger Spray","Dodge and Roll+1","Terror","Flying Knee","Flying Knee","Blade Dance+1","PiercingWail+1","Blur+1","Dodge and Roll+1","Apotheosis+1","Leg Sweep+1","Backflip","Die Die Die","Distraction+1","Bane+1","Bouncing Flask+1","Backflip+1","Dagger Spray+1","Poisoned Stab+1","After Image+1","Noxious Fumes+1","Sadistic Nature+1"],"special_seed":0,"relics":["Black Star","Oddly Smooth Stone","Juzu Bracelet","Happy Flower","Regal Pillow","Vajra","Pandora\u0027s Box","Strawberry","Meat on the Bone","Potion Belt","The Specimen","Incense Burner","Ancient Tea Set","Boot","Orichalcum","Astrolabe","Gremlin Horn","Frozen Egg 2","Pen Nib","Bag of Marbles","Darkstone Periapt"],"potions_floor_usage":[50,50],"damage_taken":[{"damage":6.0,"enemies":"Small Slimes","floor":1.0,"turns":5.0},{"damage":1.0,"enemies":"2 Louse","floor":3.0,"turns":3.0},{"damage":7.0,"enemies":"Cultist","floor":4.0,"turns":7.0},{"damage":17.0,"enemies":"Gremlin Nob","floor":7.0,"turns":4.0},{"damage":2.0,"enemies":"Looter","floor":8.0,"turns":3.0},{"damage":13.0,"enemies":"Lagavulin","floor":14.0,"turns":6.0},{"damage":28.0,"enemies":"The Guardian","floor":16.0,"turns":14.0},{"damage":8.0,"enemies":"Chosen","floor":18.0,"turns":3.0},{"damage":12.0,"enemies":"Shell Parasite","floor":20.0,"turns":2.0},{"damage":18.0,"enemies":"Slavers","floor":24.0,"turns":5.0},{"damage":18.0,"enemies":"Gremlin Leader","floor":29.0,"turns":6.0},{"damage":9.0,"enemies":"Cultist and Chosen","floor":30.0,"turns":7.0},{"damage":30.0,"enemies":"Collector","floor":33.0,"turns":11.0},{"damage":3.0,"enemies":"Orb Walker","floor":35.0,"turns":4.0},{"damage":10.0,"enemies":"3 Darklings","floor":38.0,"turns":5.0},{"damage":4.0,"enemies":"4 Shapes","floor":39.0,"turns":3.0},{"damage":47.0,"enemies":"Giant Head","floor":40.0,"turns":10.0},{"damage":14.0,"enemies":"Nemesis","floor":42.0,"turns":5.0},{"damage":10,"enemies":"Spire Growth","floor":46,"turns":4},{"damage":65,"enemies":"Time Eater","floor":50,"turns":12}],"seed_played":"-3843347189744736887","potions_obtained":[{"floor":1.0,"key":"GamblersBrew"},{"floor":3.0,"key":"Energy Potion"},{"floor":8.0,"key":"PowerPotion"},{"floor":16.0,"key":"Poison Potion"},{"floor":18.0,"key":"PowerPotion"},{"floor":38.0,"key":"SkillPotion"},{"floor":39.0,"key":"LiquidBronze"},{"floor":46,"key":"Strength Potion"}],"is_trial":false,"path_per_floor":["M","?","M","M","$","R","E","M","T","R","?","R","?","E","R","B",null,"M","T","M","?","?","R","E","$","T","R","$","E","M","?","R","B",null,"M","?","?","M","M","E","R","E","T","R","?","M","$","?","R","B"],"character_chosen":"THE_SILENT","items_purchased":["Deadly Poison","Dodge and Roll","Apotheosis","Noxious Fumes+1","Sadistic Nature+1"],"campfire_rested":4,"item_purchase_floors":[5,25,25,47,47],"current_hp_per_floor":[64,64,63,56,56,56,39,37,37,58,58,58,58,45,45,17,70,62,69,57,57,57,57,39,39,39,77,77,59,50,50,50,32,77,74,74,74,64,60,25,63,49,49,49,49,39,39,39,77,24],"gold":53,"neow_bonus":"BOSS_RELIC","is_prod":false,"is_daily":false,"chose_seed":false,"campfire_upgraded":6,"win_rate":0,"timestamp":1533594350,"path_taken":["M","?","M","M","$","R","E","M","T","R","?","R","?","E","R","BOSS","M","?","M","?","?","R","E","$","T","R","$","E","M","?","R","BOSS","M","?","?","M","M","E","R","E","T","R","?","M","$","?","R","BOSS"],"build_version":"2018-08-02","purchased_purges":0,"victory":true,"max_hp_per_floor":[70,70,70,70,70,70,70,70,70,70,70,70,70,70,70,70,70,70,77,77,77,77,77,77,77,77,77,77,77,77,77,77,77,77,77,77,77,77,77,77,77,77,77,77,77,77,77,77,77,77],"card_choices":[{"not_picked":["Quick Slash","Accuracy"],"picked":"Backflip","floor":1.0},{"not_picked":["Backflip","Acrobatics"],"picked":"Flying Knee","floor":3.0},{"not_picked":["Outmaneuver","Predator"],"picked":"Unload","floor":4.0},{"not_picked":["Sucker Punch","Masterful Stab"],"picked":"Dodge and Roll","floor":7.0},{"not_picked":["Underhanded Strike","Sucker Punch"],"picked":"Heel Hook","floor":8.0},{"not_picked":["Predator","Storm of Steel"],"picked":"Sucker Punch","floor":14.0},{"not_picked":["Bullet Time","Doppelganger"],"picked":"Unload","floor":16.0},{"not_picked":["Sucker Punch","Deadly Poison"],"picked":"Blade Dance+1","floor":18.0},{"not_picked":["Slice","Reflex"],"picked":"PiercingWail+1","floor":20.0},{"not_picked":["Phantasmal Killer","Reflex+1"],"picked":"Blur","floor":24.0},{"not_picked":["Endless Agony","Finisher"],"picked":"Leg Sweep+1","floor":29.0},{"not_picked":["Masterful Stab","Endless Agony+1"],"picked":"Backflip","floor":30.0},{"not_picked":["Grand Finale","Night Terror"],"picked":"Die Die Die","floor":33.0},{"not_picked":["Finisher","Dagger Throw+1"],"picked":"Backflip+1","floor":35.0},{"not_picked":["Cloak And Dagger","Slice"],"picked":"Dagger Spray+1","floor":38.0},{"not_picked":["Flying Knee+1","Bane","Dagger Throw+1"],"picked":"SKIP","floor":39.0},{"not_picked":["Finisher","Tactician+1"],"picked":"Poisoned Stab+1","floor":40.0},{"not_picked":["Backflip","Deadly Poison","Terror+1"],"picked":"SKIP","floor":42.0},{"not_picked":["Deflect","Prepared"],"picked":"After Image+1","floor":46}],"player_experience":227997,"relics_obtained":[{"floor":7.0,"key":"Oddly Smooth Stone"},{"floor":7.0,"key":"Juzu Bracelet"},{"floor":9.0,"key":"Happy Flower"},{"floor":14.0,"key":"Regal Pillow"},{"floor":14.0,"key":"Vajra"},{"floor":19.0,"key":"Strawberry"},{"floor":24.0,"key":"The Specimen"},{"floor":24.0,"key":"Incense Burner"},{"floor":26.0,"key":"Ancient Tea Set"},{"floor":29.0,"key":"Boot"},{"floor":29.0,"key":"Orichalcum"},{"floor":40.0,"key":"Gremlin Horn"},{"floor":40.0,"key":"Frozen Egg 2"},{"floor":42.0,"key":"Pen Nib"},{"floor":42.0,"key":"Bag of Marbles"},{"floor":43.0,"key":"Darkstone Periapt"}],"event_choices":[{"event_name":"Golden Wing","player_choice":"Ignored","floor":2.0,"damage_taken":0.0},{"event_name":"Liars Game","player_choice":"disagreed","floor":11.0,"damage_taken":0.0},{"event_name":"Purifier","player_choice":"One Purge","floor":13.0,"damage_taken":0.0},{"event_name":"The Mausoleum","player_choice":"Yes","floor":21.0,"damage_taken":0.0},{"event_name":"Addict","player_choice":"Obtained Relic","floor":22.0,"damage_taken":0.0},{"event_name":"Cursed Tome","player_choice":"Ignored","floor":31.0,"damage_taken":0.0},{"event_name":"Accursed Blacksmith","player_choice":"Forge","floor":36.0,"damage_taken":0.0},{"event_name":"Tomb of Lord Red Mask","player_choice":"Ignored","floor":37.0,"damage_taken":0.0},{"event_name":"Falling","player_choice":"Removed Attack","floor":45,"damage_taken":0},{"event_name":"Mysterious Sphere","player_choice":"Ignore","floor":48,"damage_taken":0}],"is_beta":false,"boss_relics":[{"not_picked":["Philosopher\u0027s Stone","Lizard Tail"],"picked":"Pandora\u0027s Box"},{"not_picked":["Calling Bell","Coffee Dripper"],"picked":"Astrolabe"}],"items_purged_floors":[],"is_endless":false,"potions_floor_spawned":[1,3,8,16,18,38,39,46],"ascension_level":4}