{"gold_per_floor":[112,112,112,129,148,173,173,204,204,235,12,12,27,62,62,135,135,135],"floor_reached":18,"playtime":460,"items_purged":[],"score":376,"play_id":"aaef5e5e-7082-428d-96a4-b3c92766e38d","local_time":"20190710152227","is_ascension_mode":true,"campfire_choices":[{"data":"Genetic Algorithm","floor":7.0,"key":"SMITH"},{"floor":12.0,"key":"REST"},{"floor":15,"key":"REST"}],"neow_cost":"NONE","seed_source_timestamp":105508707009800,"circlet_count":0,"master_deck":["AscendersBane","Zap","Dualcast","Gash","Scrape","Electrodynamics","Ball Lightning","Genetic Algorithm+1","Defragment","Streamline+1","Fission","Barrage+1","Core Surge+1","Hyperbeam+1","Glacier","Aggregate","Hologram","All For One+1","Buffer","Fission"],"special_seed":0,"relics":["Cracked Core","NeowsBlessing","FaceOfCleric","Pear","Molten Egg 2","Dodecahedron","WingedGreaves","Membership Card","Potion Belt","Pandora\u0027s Box"],"potions_floor_usage":[14],"damage_taken":[{"damage":0.0,"enemies":"Jaw Worm","floor":1.0,"turns":1.0},{"damage":0.0,"enemies":"Small Slimes","floor":4.0,"turns":1.0},{"damage":0.0,"enemies":"Cultist","floor":5.0,"turns":1.0},{"damage":25.0,"enemies":"Lagavulin","floor":6.0,"turns":5.0},{"damage":19.0,"enemies":"3 Sentries","floor":8.0,"turns":3.0},{"damage":31.0,"enemies":"Lagavulin","floor":10.0,"turns":5.0},{"damage":6.0,"enemies":"Exordium Thugs","floor":13.0,"turns":4.0},{"damage":11,"enemies":"Gremlin Nob","floor":14,"turns":3},{"damage":26,"enemies":"Slime Boss","floor":16,"turns":7},{"damage":33,"enemies":"Shell Parasite","floor":18,"turns":5}],"seed_played":"-8935017710307635169","potions_obtained":[{"floor":6.0,"key":"Poison Potion"},{"floor":8.0,"key":"Ancient Potion"},{"floor":13.0,"key":"Energy Potion"},{"floor":14,"key":"FearPotion"},{"floor":16,"key":"SteroidPotion"}],"is_trial":false,"path_per_floor":["M","?","?","M","M","E","R","E","T","E","$","R","M","E","R","B",null,"M"],"character_chosen":"DEFECT","items_purchased":["Membership Card"],"campfire_rested":2,"item_purchase_floors":[11],"current_hp_per_floor":[64,64,64,65,66,52,52,34,34,4,4,29,24,14,40,15,71,38],"gold":135,"neow_bonus":"THREE_ENEMY_KILL","is_prod":false,"is_daily":false,"chose_seed":false,"campfire_upgraded":1,"win_rate":0,"timestamp":1562768547,"path_taken":["M","?","?","M","?","E","R","E","T","E","?","R","M","E","R","BOSS","M"],"build_version":"2019-07-05","purchased_purges":0,"victory":false,"max_hp_per_floor":[71,71,71,72,73,84,84,85,85,86,86,86,87,88,88,89,89,89],"card_choices":[{"not_picked":["Rebound","Turbo"],"picked":"Gash","floor":1.0},{"not_picked":["Heatsinks","Turbo"],"picked":"Electrodynamics","floor":4.0},{"not_picked":["Coolheaded","Loop"],"picked":"Ball Lightning","floor":5.0},{"not_picked":["Cold Snap","Steam Power"],"picked":"Genetic Algorithm","floor":6.0},{"not_picked":["Go for the Eyes","BootSequence"],"picked":"Defragment","floor":8.0},{"not_picked":["Fusion","Conserve Battery"],"picked":"Streamline+1","floor":10.0},{"not_picked":["Ball Lightning+1","Sunder+1"],"picked":"Fission","floor":13.0},{"not_picked":["Streamline+1","Steam"],"picked":"Barrage+1","floor":14},{"not_picked":["Creative AI","Electrodynamics"],"picked":"Core Surge+1","floor":16}],"player_experience":1555149,"relics_obtained":[{"floor":6.0,"key":"Pear"},{"floor":8.0,"key":"Molten Egg 2"},{"floor":9.0,"key":"Dodecahedron"},{"floor":10.0,"key":"WingedGreaves"},{"floor":14,"key":"Potion Belt"}],"event_choices":[{"damage_healed":0.0,"max_hp_gain":0.0,"max_hp_loss":0.0,"gold_gain":0.0,"cards_transformed":["Strike_B"],"event_name":"Living Wall","player_choice":"Change","floor":2.0,"gold_loss":0.0,"damage_taken":0.0,"cards_obtained":["Scrape"]},{"damage_healed":0.0,"max_hp_gain":0.0,"max_hp_loss":0.0,"gold_gain":0.0,"event_name":"FaceTrader","player_choice":"Trade","floor":3.0,"gold_loss":0.0,"damage_taken":0.0,"relics_obtained":["FaceOfCleric"]}],"is_beta":false,"boss_relics":[{"not_picked":["Eternal Feather","Calling Bell"],"picked":"Pandora\u0027s Box"}],"items_purged_floors":[],"is_endless":false,"potions_floor_spawned":[6,8,13,14,16],"killed_by":"Shell Parasite","ascension_level":20}