{"path_per_floor":["M","?","M","M","$","E","M","M","T","$","M","R","E","M","R","B",null,"M","?","M","?","M","R","M","$","T","M","M","E","M","M","R"],"character_chosen":"IRONCLAD","items_purchased":["Perfected Strike","Flex","Armaments","Bandage Up"],"gold_per_floor":[109,109,128,145,75,108,124,144,193,170,187,187,217,237,237,341,341,356,356,369,369,389,389,408,245,245,263,273,299,311,326,326,326],"floor_reached":33,"campfire_rested":2,"playtime":1477,"current_hp_per_floor":[80,64,70,73,73,63,68,71,71,71,68,80,81,83,83,48,90,87,45,26,26,26,39,39,39,39,33,36,25,25,35,35,0],"items_purged":["Defend_R"],"gold":326,"score":311,"play_id":"f23ec332-c38b-429c-b308-71bc188522bf","local_time":"20180410125621","is_prod":false,"is_daily":false,"is_ascension_mode":false,"campfire_upgraded":1,"timestamp":1523390181,"path_taken":["M","?","?","M","?","E","M","M","T","$","M","R","E","M","R","BOSS","M","?","M","?","M","R","M","$","T","M","M","E","M","M","R","BOSS"],"build_version":"2018-04-05v2","purchased_purges":1,"victory":false,"master_deck":["Strike_R","Strike_R","Strike_R","Strike_R","Strike_R","Defend_R+1","Defend_R+1","Defend_R","Bash","True Grit","Ghostly Armor","Combust","Perfected Strike","Flex","Metallicize","Uppercut","Armaments+1","Shrug It Off","Perfected Strike","Juggernaut","Iron Wave","Ghostly","Ghostly","Ghostly","Ghostly","Ghostly","Shrug It Off","Whirlwind","Bandage Up","Dual Wield","Heavy Blade+1","Rage+1"],"max_hp_per_floor":[80,80,80,80,80,80,80,80,80,80,80,80,90,90,90,90,90,90,45,45,45,45,45,45,45,45,45,45,45,45,45,45,45],"relics":["Burning Blood","Orichalcum","Matryoshka","Self Forming Clay","Pen Nib","Pear","Sozu","Vajra","The Courier","Girya","Champion Belt"],"card_choices":[{"not_picked":["Twin Strike","Anger"],"picked":"True Grit","floor":1},{"not_picked":["Dual Wield","True Grit"],"picked":"Ghostly Armor","floor":3},{"not_picked":["Metallicize","Sword Boomerang"],"picked":"Combust","floor":4},{"not_picked":["Brutality","Headbutt"],"picked":"Metallicize","floor":6},{"not_picked":["Rage","Headbutt"],"picked":"Uppercut","floor":7},{"not_picked":["Flame Barrier","Bloodletting"],"picked":"Shrug It Off","floor":13},{"not_picked":["Warcry","Rupture"],"picked":"Perfected Strike","floor":14},{"not_picked":["Exhume","Demon Form"],"picked":"Juggernaut","floor":16},{"not_picked":["Metallicize","Pommel Strike"],"picked":"Iron Wave","floor":18},{"not_picked":["Clothesline","Wild Strike"],"picked":"Shrug It Off","floor":20},{"not_picked":["True Grit","Hemokinesis"],"picked":"Whirlwind","floor":24},{"not_picked":["True Grit","Bloodletting"],"picked":"Dual Wield","floor":29},{"not_picked":["Cleave","Armaments"],"picked":"Heavy Blade","floor":30},{"not_picked":["Seeing Red","Warcry"],"picked":"Rage","floor":31}],"player_experience":98462,"potions_floor_usage":[7,16,18,33],"damage_taken":[{"damage":3,"enemies":"2 Louse","floor":1,"turns":3},{"damage":0,"enemies":"Jaw Worm","floor":3,"turns":5},{"damage":3,"enemies":"Cultist","floor":4,"turns":4},{"damage":16,"enemies":"Gremlin Nob","floor":6,"turns":4},{"damage":1,"enemies":"Lots of Slimes","floor":7,"turns":2},{"damage":3,"enemies":"Large Slime","floor":8,"turns":6},{"damage":9,"enemies":"Exordium Wildlife","floor":11,"turns":4},{"damage":15,"enemies":"Lagavulin","floor":13,"turns":7},{"damage":4,"enemies":"3 Louse","floor":14,"turns":3},{"damage":41,"enemies":"Hexaghost","floor":16,"turns":10},{"damage":9,"enemies":"3 Byrds","floor":18,"turns":3},{"damage":25,"enemies":"2 Thieves","floor":20,"turns":4},{"damage":6,"enemies":"Chosen and Byrds","floor":22,"turns":8},{"damage":6,"enemies":"Centurion and Healer","floor":24,"turns":7},{"damage":12,"enemies":"3 Cultists","floor":27,"turns":6},{"damage":7,"enemies":"Chosen and Byrds","floor":28,"turns":5},{"damage":21,"enemies":"Book of Stabbing","floor":29,"turns":6},{"damage":6,"enemies":"Centurion and Healer","floor":30,"turns":4},{"damage":0,"enemies":"Snake Plant","floor":31,"turns":4},{"damage":42,"enemies":"Collector","floor":33,"turns":12}],"event_choices":[{"event_name":"Shining Light","player_choice":"Entered Light","floor":2,"damage_taken":0},{"event_name":"Ghosts","player_choice":"Became a Ghost","floor":19,"damage_taken":0},{"event_name":"The Mausoleum","player_choice":"Yes","floor":21,"damage_taken":0}],"boss_relics":[{"not_picked":["Ectoplasm","Black Blood"],"picked":"Sozu"}],"potions_floor_spawned":[3,6,7,11,13,18,22,28,31],"seed_played":"7605353181649271459","killed_by":"Collector","ascension_level":0,"is_trial":false}