{"gold_per_floor":[110,110,126,140,153,153,180,192,192,227,227,247,247,247,247,320,320,336,261,261,278,45,71,81,114,164,88,98,116,130,130],"floor_reached":31,"playtime":995,"items_purged":["Strike_B"],"score":778,"play_id":"8f36ecc0-f6c6-4bf6-a459-8eeec876dc12","local_time":"20190701124930","is_ascension_mode":true,"campfire_choices":[{"floor":6.0,"key":"REST"},{"floor":15.0,"key":"REST"}],"neow_cost":"NONE","seed_source_timestamp":0,"circlet_count":0,"master_deck":["AscendersBane","Strike_B","Defend_B","Defend_B","Defend_B","Defend_B","Zap","Dualcast","Cold Snap","Ball Lightning","Conserve Battery","Defragment+1","Reinforced Body","Ball Lightning","Echo Form","All For One","Consume+1","Genetic Algorithm+1","Defragment+1","All For One","Doom and Gloom+1","Static Discharge+1","Self Repair+1"],"special_seed":0,"relics":["Philosopher\u0027s Stone","DataDisk","Bronze Scales","Pen Nib","Shuriken","Snecko Eye","Bag of Preparation","StoneCalendar","Frozen Egg 2","Bag of Marbles"],"potions_floor_usage":[28,30],"damage_taken":[{"damage":2.0,"enemies":"2 Louse","floor":1.0,"turns":3.0},{"damage":0.0,"enemies":"Cultist","floor":3.0,"turns":3.0},{"damage":3.0,"enemies":"Small Slimes","floor":4.0,"turns":3.0},{"damage":25.0,"enemies":"Exordium Wildlife","floor":5.0,"turns":4.0},{"damage":18.0,"enemies":"Lagavulin","floor":7.0,"turns":7.0},{"damage":0.0,"enemies":"2 Fungi Beasts","floor":8.0,"turns":4.0},{"damage":18.0,"enemies":"Gremlin Nob","floor":10.0,"turns":4.0},{"damage":2.0,"enemies":"Looter","floor":12.0,"turns":3.0},{"damage":6.0,"enemies":"Slime Boss","floor":16.0,"turns":8.0},{"damage":0.0,"enemies":"3 Byrds","floor":18.0,"turns":2.0},{"damage":4.0,"enemies":"Shell Parasite","floor":21.0,"turns":4.0},{"damage":9.0,"enemies":"Slavers","floor":23.0,"turns":4.0},{"damage":4.0,"enemies":"Centurion and Healer","floor":24.0,"turns":5.0},{"damage":28.0,"enemies":"Gremlin Leader","floor":25.0,"turns":5.0},{"damage":20,"enemies":"Sentry and Sphere","floor":28,"turns":7},{"damage":0,"enemies":"Cultist and Chosen","floor":29,"turns":2},{"damage":4,"enemies":"Snecko","floor":30,"turns":2},{"damage":6,"enemies":"Snake Plant","floor":31,"turns":1}],"seed_played":"-7841953957204741278","potions_obtained":[{"floor":1.0,"key":"Explosive Potion"},{"floor":3.0,"key":"Block Potion"},{"floor":8.0,"key":"Regen Potion"},{"floor":21.0,"key":"FearPotion"},{"floor":28,"key":"SkillPotion"},{"floor":30,"key":"SteroidPotion"}],"is_trial":false,"path_per_floor":["M","?","M","M","M","R","E","M","T","E","?","M","?","?","R","B",null,"M","?","?","M","$","E","M","E","T","$","M","M","M","M"],"character_chosen":"DEFECT","items_purchased":["Bag of Preparation","All For One"],"campfire_rested":2,"item_purchase_floors":[22,27],"current_hp_per_floor":[62,55,55,52,27,48,30,30,30,12,12,10,10,10,31,25,60,60,60,60,56,56,47,43,15,15,15,10,10,6,0],"gold":130,"neow_bonus":"BOSS_RELIC","is_prod":false,"is_daily":false,"chose_seed":false,"campfire_upgraded":0,"win_rate":0,"timestamp":1561981770,"path_taken":["M","?","M","M","M","R","E","M","T","E","?","?","?","?","R","BOSS","M","?","?","M","$","E","M","E","T","?","M","M","M","M"],"build_version":"2019-01-23","purchased_purges":1,"victory":false,"max_hp_per_floor":[71,71,71,71,71,71,71,71,71,71,71,71,71,71,71,71,71,71,71,71,71,71,71,71,71,71,71,71,71,71,71],"card_choices":[{"not_picked":["Rip and Tear","Storm"],"picked":"Cold Snap","floor":1.0},{"not_picked":["Sweeping Beam","Beam Cell"],"picked":"Ball Lightning","floor":3.0},{"not_picked":["Streamline","Steam"],"picked":"Sweeping Beam","floor":4.0},{"not_picked":["Sweeping Beam","Storm"],"picked":"Conserve Battery","floor":5.0},{"not_picked":["Compile Driver","Turbo"],"picked":"Defragment","floor":7.0},{"not_picked":["Rip and Tear","FTL"],"picked":"Reinforced Body","floor":8.0},{"not_picked":["Darkness","Sweeping Beam"],"picked":"Ball Lightning","floor":10.0},{"not_picked":["Leap","Hologram"],"picked":"Echo Form","floor":12.0},{"not_picked":["Thunder Strike","Seek"],"picked":"All For One","floor":16.0},{"not_picked":["Rip and Tear","Barrage"],"picked":"Consume+1","floor":18.0},{"not_picked":["Coolheaded","Turbo","Lockon"],"picked":"SKIP","floor":21.0},{"not_picked":["Gash","Rebound+1"],"picked":"Genetic Algorithm+1","floor":23.0},{"not_picked":["Rebound","Beam Cell","Turbo"],"picked":"SKIP","floor":24.0},{"not_picked":["Conserve Battery","Auto Shields"],"picked":"Defragment","floor":25.0},{"not_picked":["FTL","Turbo+1"],"picked":"Doom and Gloom+1","floor":28},{"not_picked":["Consume","Gash"],"picked":"Static Discharge+1","floor":29},{"not_picked":["Leap","Sweeping Beam"],"picked":"Self Repair+1","floor":30}],"player_experience":1516429,"relics_obtained":[{"floor":7.0,"key":"DataDisk"},{"floor":9.0,"key":"Bronze Scales"},{"floor":10.0,"key":"Pen Nib"},{"floor":23.0,"key":"StoneCalendar"},{"floor":25.0,"key":"Frozen Egg 2"},{"floor":26.0,"key":"Bag of Marbles"}],"event_choices":[{"cards_removed":["Strike_B"],"damage_healed":0.0,"max_hp_gain":0.0,"max_hp_loss":0.0,"gold_gain":0.0,"event_name":"Golden Wing","player_choice":"Card Removal","floor":2.0,"gold_loss":0.0,"damage_taken":7.0},{"cards_removed":["Sweeping Beam"],"damage_healed":0.0,"max_hp_gain":0.0,"max_hp_loss":0.0,"gold_gain":0.0,"event_name":"WeMeetAgain","player_choice":"Gave Card","floor":11.0,"gold_loss":0.0,"damage_taken":0.0,"relics_obtained":["Shuriken"]},{"damage_healed":0.0,"max_hp_gain":0.0,"max_hp_loss":0.0,"gold_gain":0.0,"event_name":"Living Wall","player_choice":"Grow","floor":13.0,"gold_loss":0.0,"damage_taken":0.0,"cards_upgraded":["Defragment"]},{"damage_healed":0.0,"max_hp_gain":0.0,"max_hp_loss":0.0,"gold_gain":0.0,"event_name":"Liars Game","player_choice":"Ignored","floor":14.0,"gold_loss":0.0,"damage_taken":0.0},{"cards_removed":["Strike_B"],"damage_healed":0.0,"max_hp_gain":0.0,"max_hp_loss":0.0,"gold_gain":0.0,"event_name":"Beggar","player_choice":"Gave Gold","floor":19.0,"gold_loss":75.0,"damage_taken":0.0},{"damage_healed":0.0,"max_hp_gain":0.0,"max_hp_loss":0.0,"gold_gain":0.0,"event_name":"Vampires","player_choice":"Ignored","floor":20.0,"gold_loss":0.0,"damage_taken":0.0}],"is_beta":false,"boss_relics":[{"not_picked":["Sozu","Black Star"],"picked":"Snecko Eye"}],"items_purged_floors":[22],"is_endless":false,"potions_floor_spawned":[1,3,8,16,21,24,28,30],"killed_by":"Snake Plant","ascension_level":20}