{"gold_per_floor":[109,109,109,109,184,218,218,243,243,268,268,268,268,311,311,401,401,424,444,444,462,480,514,514,105,177,200,240,261,161,161,161,257,257,270,75,95,95,0,0,33,33,33,64,88,103,103,121,121,121],"floor_reached":51,"playtime":2597,"items_purged":["Pain","Strike_R","Strike_R"],"score":1652,"play_id":"b6965521-e83b-4b48-9ed6-0a8c7683f9e6","local_time":"20190212201020","is_ascension_mode":true,"campfire_choices":[{"data":"Iron Wave","floor":7.0,"key":"SMITH"},{"floor":13.0,"key":"REST"},{"floor":15.0,"key":"REST"},{"floor":24.0,"key":"REST"},{"data":"Barricade","floor":32.0,"key":"SMITH"},{"data":"Transmutation","floor":40.0,"key":"SMITH"},{"data":"Uppercut","floor":47,"key":"SMITH"},{"floor":49,"key":"REST"}],"neow_cost":"NONE","seed_source_timestamp":0,"circlet_count":0,"master_deck":["AscendersBane","Strike_R","Strike_R","Strike_R","Defend_R","Defend_R","Defend_R+1","Bash+1","Twin Strike+1","Iron Wave+1","Barricade+1","Cleave","Bludgeon","Armaments","Flex","Blood for Blood","Headbutt","Clothesline","Feed","Metallicize","Transmutation+1","Uppercut+1","Heavy Blade+1","Body Slam","Spot Weakness+1"],"special_seed":0,"relics":["Black Blood","NeowsBlessing","Magic Flower","Gremlin Horn","Pocketwatch","Bag of Preparation","Golden Idol","Thread and Needle","Singing Bowl","WarpedTongs","Pen Nib","Meat on the Bone","Kunai","StoneCalendar","Snecko Eye","Red Mask","Dead Branch","Pantograph","Vajra"],"potions_floor_usage":[41,41,50,50],"damage_taken":[{"damage":0.0,"enemies":"Cultist","floor":1.0,"turns":1.0},{"damage":0.0,"enemies":"3 Sentries","floor":6.0,"turns":2.0},{"damage":0.0,"enemies":"Gremlin Nob","floor":8.0,"turns":1.0},{"damage":20.0,"enemies":"Lagavulin","floor":10.0,"turns":8.0},{"damage":12.0,"enemies":"3 Sentries","floor":14.0,"turns":5.0},{"damage":20.0,"enemies":"The Guardian","floor":16.0,"turns":14.0},{"damage":8.0,"enemies":"Shell Parasite","floor":18.0,"turns":7.0},{"damage":8.0,"enemies":"Chosen","floor":19.0,"turns":7.0},{"damage":21.0,"enemies":"Snake Plant","floor":21.0,"turns":3.0},{"damage":41.0,"enemies":"Centurion and Healer","floor":22.0,"turns":5.0},{"damage":44.0,"enemies":"Book of Stabbing","floor":23.0,"turns":5.0},{"damage":12.0,"enemies":"Snecko","floor":27.0,"turns":4.0},{"damage":0.0,"enemies":"Gremlin Leader","floor":28.0,"turns":6.0},{"damage":8.0,"enemies":"3 Cultists","floor":29.0,"turns":4.0},{"damage":70.0,"enemies":"Automaton","floor":33.0,"turns":12.0},{"damage":1.0,"enemies":"3 Shapes","floor":35.0,"turns":4.0},{"damage":6.0,"enemies":"3 Darklings","floor":37.0,"turns":6.0},{"damage":37,"enemies":"Reptomancer","floor":41,"turns":8},{"damage":0,"enemies":"Nemesis","floor":44,"turns":7},{"damage":11,"enemies":"4 Shapes","floor":45,"turns":6},{"damage":15,"enemies":"Maw","floor":46,"turns":6},{"damage":26,"enemies":"Writhing Mass","floor":48,"turns":4},{"damage":88,"enemies":"Donu and Deca","floor":50,"turns":7}],"seed_played":"7732580077404618610","potions_obtained":[{"floor":1.0,"key":"LiquidBronze"},{"floor":10.0,"key":"PowerPotion"},{"floor":14.0,"key":"Block Potion"},{"floor":19.0,"key":"PowerPotion"},{"floor":23.0,"key":"SkillPotion"},{"floor":28.0,"key":"SteroidPotion"},{"floor":33.0,"key":"SkillPotion"},{"floor":37.0,"key":"Strength Potion"},{"floor":41,"key":"Block Potion"},{"floor":44,"key":"BloodPotion"}],"is_trial":false,"path_per_floor":["M","?","?","$","?","E","R","E","T","E","?","?","R","E","R","B",null,"M","M","?","M","M","E","R","$","T","M","E","M","$","?","R","B",null,"M","$","M","?","?","R","E","?","T","E","M","M","R","M","R","B",null],"character_chosen":"IRONCLAD","items_purchased":["Meat on the Bone","Blood for Blood","Metallicize"],"campfire_rested":4,"item_purchase_floors":[25,25,36],"current_hp_per_floor":[74,74,51,51,40,46,46,55,55,44,18,7,29,28,51,40,68,75,79,79,73,49,22,46,46,46,69,84,85,85,85,85,48,76,91,91,93,93,93,93,71,71,71,86,92,92,92,81,95,54],"gold":121,"neow_bonus":"THREE_ENEMY_KILL","is_prod":false,"is_daily":false,"chose_seed":false,"campfire_upgraded":4,"win_rate":0,"timestamp":1550020220,"path_taken":["M","?","?","$","?","E","R","E","T","E","?","?","R","E","R","BOSS","M","M","?","?","M","E","R","$","T","M","E","?","$","?","R","BOSS","M","$","M","?","?","R","E","?","T","E","M","M","R","M","R","BOSS"],"build_version":"2019-01-23","purchased_purges":3,"victory":true,"max_hp_per_floor":[75,75,75,75,75,75,75,75,75,75,75,75,75,77,77,77,77,77,79,79,79,81,83,83,83,83,85,85,85,85,85,85,85,85,91,91,93,93,93,93,93,93,93,93,95,95,95,95,95,95],"card_choices":[{"not_picked":["Pummel","Shrug It Off"],"picked":"Twin Strike","floor":1.0},{"not_picked":["Sword Boomerang","Intimidate"],"picked":"Iron Wave","floor":6.0},{"not_picked":["Flex","Body Slam"],"picked":"Barricade","floor":8.0},{"not_picked":["Sword Boomerang","Carnage"],"picked":"Cleave","floor":10.0},{"not_picked":["Pummel","Cleave","Flex"],"picked":"Singing Bowl","floor":14.0},{"not_picked":["Brutality","Barricade"],"picked":"Bludgeon","floor":16.0},{"not_picked":["Battle Trance","Cleave"],"picked":"Armaments","floor":18.0},{"not_picked":["Sword Boomerang","Armaments","Infernal Blade"],"picked":"Singing Bowl","floor":19.0},{"not_picked":["Feel No Pain+1","Warcry"],"picked":"Flex","floor":21.0},{"not_picked":["Anger","Sever Soul","Thunderclap"],"picked":"Singing Bowl","floor":22.0},{"not_picked":["Heavy Blade+1","Clash","Rupture"],"picked":"Singing Bowl","floor":23.0},{"not_picked":["Sever Soul","Perfected Strike","Hemokinesis"],"picked":"Singing Bowl","floor":27.0},{"not_picked":["Warcry","Offering"],"picked":"Headbutt","floor":28.0},{"not_picked":["Anger","Dual Wield"],"picked":"Clothesline","floor":29.0},{"not_picked":["Offering","Brutality"],"picked":"Feed","floor":33.0},{"not_picked":["Sword Boomerang","Thunderclap+1","Fire Breathing+1"],"picked":"Singing Bowl","floor":35.0},{"not_picked":["Metallicize","True Grit","Heavy Blade"],"picked":"Singing Bowl","floor":37.0},{"not_picked":["Secret Weapon","Violence"],"picked":"Transmutation","floor":38.0},{"not_picked":["Thunderclap","Infernal Blade"],"picked":"Uppercut","floor":41},{"not_picked":["Barricade","Havoc+1"],"picked":"Heavy Blade+1","floor":44},{"not_picked":["Twin Strike","Pommel Strike","Wild Strike"],"picked":"Singing Bowl","floor":45},{"not_picked":["Havoc","Iron Wave"],"picked":"Body Slam","floor":46},{"not_picked":["Pommel Strike+1","Feel No Pain"],"picked":"Spot Weakness+1","floor":48}],"player_experience":567926,"relics_obtained":[{"floor":6.0,"key":"Magic Flower"},{"floor":8.0,"key":"Gremlin Horn"},{"floor":9.0,"key":"Pocketwatch"},{"floor":10.0,"key":"Bag of Preparation"},{"floor":14.0,"key":"Singing Bowl"},{"floor":23.0,"key":"Pen Nib"},{"floor":26.0,"key":"Kunai"},{"floor":28.0,"key":"StoneCalendar"},{"floor":41,"key":"Dead Branch"},{"floor":43,"key":"Pantograph"},{"floor":44,"key":"Vajra"}],"event_choices":[{"damage_healed":0.0,"max_hp_gain":0.0,"max_hp_loss":0.0,"gold_gain":0.0,"event_name":"Living Wall","player_choice":"Grow","floor":2.0,"gold_loss":0.0,"damage_taken":0.0,"cards_upgraded":["Bash"]},{"damage_healed":0.0,"max_hp_gain":0.0,"max_hp_loss":0.0,"gold_gain":0.0,"event_name":"Shining Light","player_choice":"Entered Light","floor":3.0,"gold_loss":0.0,"damage_taken":23.0,"cards_upgraded":["Defend_R","Twin Strike"]},{"damage_healed":0.0,"max_hp_gain":0.0,"max_hp_loss":0.0,"gold_gain":75.0,"event_name":"World of Goop","player_choice":"Gather Gold","floor":5.0,"gold_loss":0.0,"damage_taken":11.0},{"damage_healed":0.0,"max_hp_gain":0.0,"max_hp_loss":0.0,"gold_gain":0.0,"event_name":"Golden Idol","player_choice":"Take Damage","floor":11.0,"gold_loss":0.0,"damage_taken":26.0,"relics_obtained":["Golden Idol"]},{"damage_healed":0.0,"max_hp_gain":0.0,"max_hp_loss":0.0,"gold_gain":0.0,"event_name":"Scrap Ooze","player_choice":"Success","floor":12.0,"gold_loss":0.0,"damage_taken":11.0,"relics_obtained":["Thread and Needle"]},{"damage_healed":0.0,"max_hp_gain":0.0,"max_hp_loss":0.0,"gold_gain":0.0,"event_name":"Accursed Blacksmith","player_choice":"Rummage","floor":20.0,"gold_loss":0.0,"damage_taken":0.0,"relics_obtained":["WarpedTongs"],"cards_obtained":["Pain"]},{"damage_healed":0.0,"max_hp_gain":0.0,"max_hp_loss":0.0,"gold_gain":0.0,"event_name":"Vampires","player_choice":"Ignored","floor":31.0,"gold_loss":0.0,"damage_taken":0.0},{"damage_healed":0.0,"max_hp_gain":0.0,"max_hp_loss":0.0,"gold_gain":0.0,"event_name":"SensoryStone","player_choice":"Memory 1","floor":38.0,"gold_loss":0.0,"damage_taken":0.0},{"damage_healed":0.0,"max_hp_gain":0.0,"max_hp_loss":0.0,"gold_gain":0.0,"event_name":"Tomb of Lord Red Mask","player_choice":"Paid","floor":39.0,"gold_loss":95.0,"damage_taken":0.0,"relics_obtained":["Red Mask"]},{"cards_removed":["Defend_R"],"damage_healed":0,"gold_gain":0,"player_choice":"Removed Skill","damage_taken":0,"max_hp_gain":0,"max_hp_loss":0,"event_name":"Falling","floor":42,"gold_loss":0}],"is_beta":false,"boss_relics":[{"not_picked":["Cursed Key","Calling Bell"],"picked":"Black Blood"},{"not_picked":["Fusion Hammer","Black Star"],"picked":"Snecko Eye"}],"items_purged_floors":[25,30,36],"is_endless":false,"potions_floor_spawned":[1,10,14,19,23,28,33,37,41,44,46],"ascension_level":15}