{"gold_per_floor":[116,81,94,111,111,111,123,83,83,111,124,139,196,209,209,305,305,323,335,257,172,172,172,203,203,253,265,283,283,298,314,314,314],"floor_reached":33,"playtime":1435,"items_purged":[],"score":418,"play_id":"52f4225f-d185-4f11-9a5d-d95a9eabf561","local_time":"20180904175237","is_ascension_mode":true,"campfire_choices":[{"data":"Neutralize","floor":6.0,"key":"SMITH"},{"data":"Envenom","floor":15.0,"key":"SMITH"},{"floor":23.0,"key":"REST"},{"data":"Cloak And Dagger","floor":25.0,"key":"SMITH"},{"floor":32.0,"key":"REST"}],"neow_cost":"NONE","seed_source_timestamp":5085927450320248,"circlet_count":0,"master_deck":["Defend_G","Defend_G","Defend_G","Defend_G","Defend_G","Strike_G","Strike_G","Strike_G","Strike_G","Strike_G","Survivor","Neutralize+1","Bouncing Flask","Setup","Flying Knee","Cloak And Dagger+1","Dash","Envenom+1","Quick Slash","Riddle With Holes","Crippling Poison+1","Infinite Blades","Prepared+1","Injury","Catalyst","Accuracy+1","Backstab","Well Laid Plans"],"special_seed":0,"relics":["Ring of the Snake","Centennial Puzzle","Tough Bandages","Ninja Scroll","Pear","Bottled Tornado","Cursed Key","Bag of Preparation","Happy Flower","Oddly Smooth Stone"],"potions_floor_usage":[33,33],"damage_taken":[{"damage":1.0,"enemies":"Jaw Worm","floor":1.0,"turns":4.0},{"damage":1.0,"enemies":"Small Slimes","floor":3.0,"turns":3.0},{"damage":1.0,"enemies":"2 Louse","floor":4.0,"turns":5.0},{"damage":5.0,"enemies":"Red Slaver","floor":7.0,"turns":4.0},{"damage":15.0,"enemies":"Lagavulin","floor":10.0,"turns":5.0},{"damage":1.0,"enemies":"Looter","floor":11.0,"turns":3.0},{"damage":6.0,"enemies":"Blue Slaver","floor":12.0,"turns":3.0},{"damage":7.0,"enemies":"Lagavulin Event","floor":13.0,"turns":5.0},{"damage":0.0,"enemies":"Gremlin Gang","floor":14.0,"turns":6.0},{"damage":26.0,"enemies":"The Guardian","floor":16.0,"turns":13.0},{"damage":0.0,"enemies":"Chosen","floor":18.0,"turns":5.0},{"damage":4.0,"enemies":"Shell Parasite","floor":19.0,"turns":5.0},{"damage":22.0,"enemies":"Colosseum Slavers","floor":22.0,"turns":4.0},{"damage":28.0,"enemies":"Book of Stabbing","floor":24.0,"turns":5.0},{"damage":6.0,"enemies":"Chosen and Byrds","floor":27.0,"turns":4.0},{"damage":4.0,"enemies":"Centurion and Healer","floor":28.0,"turns":5.0},{"damage":1.0,"enemies":"3 Cultists","floor":30.0,"turns":4.0},{"damage":0.0,"enemies":"Cultist and Chosen","floor":31.0,"turns":4.0},{"damage":33,"enemies":"Collector","floor":33,"turns":6}],"seed_played":"-5132675235289474087","potions_obtained":[{"floor":4.0,"key":"PowerPotion"},{"floor":10.0,"key":"AttackPotion"},{"floor":13.0,"key":"PowerPotion"},{"floor":14.0,"key":"SteroidPotion"},{"floor":30.0,"key":"Poison Potion"}],"is_trial":false,"path_per_floor":["M","?","M","M","?","R","M","$","T","E","M","M","?","M","R","B",null,"M","M","$","?","?","R","E","R","T","M","M","?","M","M","R"],"character_chosen":"THE_SILENT","items_purchased":["Dash","Infinite Blades"],"campfire_rested":2,"item_purchase_floors":[8,20],"current_hp_per_floor":[62,70,69,68,61,61,56,56,56,51,50,44,37,37,37,11,63,63,59,59,59,37,61,33,33,33,27,23,8,7,7,32,0],"gold":314,"neow_bonus":"RANDOM_COMMON_RELIC","is_prod":false,"is_daily":false,"chose_seed":false,"campfire_upgraded":3,"win_rate":0,"timestamp":1536097957,"path_taken":["M","?","M","M","?","R","M","$","T","E","M","M","?","?","R","BOSS","M","M","$","?","?","R","E","R","T","M","M","?","M","M","R","BOSS"],"build_version":"2018-08-30","purchased_purges":0,"victory":false,"max_hp_per_floor":[70,70,70,70,70,70,70,70,70,80,80,80,80,80,80,80,80,80,80,80,80,80,80,80,80,80,80,80,85,85,85,85,85],"card_choices":[{"not_picked":["Blade Dance","Dagger Throw"],"picked":"Bouncing Flask","floor":1.0},{"not_picked":["Flying Knee","Prepared"],"picked":"Setup","floor":3.0},{"not_picked":["Poisoned Stab","Expertise"],"picked":"Flying Knee","floor":4.0},{"not_picked":["Envenom","Deadly Poison"],"picked":"Cloak And Dagger","floor":7.0},{"not_picked":["Expertise","Prepared","Grand Finale"],"picked":"SKIP","floor":10.0},{"not_picked":["Underhanded Strike","Prepared","Quick Slash"],"picked":"SKIP","floor":11.0},{"not_picked":["Blade Dance","Outmaneuver"],"picked":"Envenom","floor":12.0},{"not_picked":["Flechettes","Slice"],"picked":"Quick Slash","floor":13.0},{"not_picked":["Acrobatics","Bane","Quick Slash"],"picked":"SKIP","floor":14.0},{"not_picked":["Prepared+1","Finisher"],"picked":"Riddle With Holes","floor":18.0},{"not_picked":["Riddle With Holes","Skewer"],"picked":"Crippling Poison+1","floor":19.0},{"not_picked":["Envenom","Deadly Poison+1"],"picked":"Prepared+1","floor":24.0},{"not_picked":["Underhanded Strike","Outmaneuver"],"picked":"Catalyst","floor":27.0},{"not_picked":["Outmaneuver","Bane"],"picked":"Accuracy+1","floor":28.0},{"not_picked":["Quick Slash+1","Outmaneuver+1"],"picked":"Backstab","floor":30.0},{"not_picked":["Underhanded Strike","Backflip"],"picked":"Well Laid Plans","floor":31.0}],"player_experience":316166,"relics_obtained":[{"floor":9.0,"key":"Ninja Scroll"},{"floor":10.0,"key":"Pear"},{"floor":13.0,"key":"Bottled Tornado"},{"floor":24.0,"key":"Happy Flower"},{"floor":26.0,"key":"Oddly Smooth Stone"}],"event_choices":[{"event_name":"The Cleric","player_choice":"Healed","floor":2.0,"damage_taken":0.0},{"event_name":"Scrap Ooze","player_choice":"success","floor":5.0,"damage_taken":7.0},{"event_name":"Dead Adventurer","player_choice":"Searched \u00271\u0027 times","floor":13.0,"damage_taken":0.0},{"event_name":"Addict","player_choice":"Obtained Relic","floor":21.0,"damage_taken":0.0},{"event_name":"Colosseum","player_choice":"Fight","floor":22.0,"damage_taken":0.0},{"event_name":"Colosseum","player_choice":"Fled From Nobs","floor":22.0,"damage_taken":0.0},{"event_name":"Forgotten Altar","player_choice":"Shed Blood","floor":29.0,"damage_taken":0.0}],"is_beta":false,"boss_relics":[{"not_picked":["Snecko Eye","Coffee Dripper"],"picked":"Cursed Key"}],"items_purged_floors":[],"is_endless":false,"potions_floor_spawned":[4,10,13,14,22,24,28,30],"killed_by":"Collector","ascension_level":9}