{"gold_per_floor":[118,118,118,118,133,133,162,180,180,180,199,217,246,277,277,348,348,363,391,391,406,424,424,441,441,491,491,491,508,524,557,557,629,629,646,868,868,687,687,713,713,744,817,797,810,826,177,197,197,197,197],"floor_reached":52,"playtime":2494,"items_purged":["Strike_G","Strike_G"],"score":1930,"play_id":"15d8bcac-057f-42ce-9e52-2b05023f41a5","local_time":"20190619220605","is_ascension_mode":true,"campfire_choices":[{"data":"Neutralize","floor":6,"key":"SMITH"},{"data":"Adrenaline","floor":10,"key":"SMITH"},{"floor":15,"key":"REST"},{"floor":23,"key":"REST"},{"floor":25,"key":"REST"},{"floor":32,"key":"REST"},{"floor":41,"key":"REST"},{"data":"Apotheosis","floor":49,"key":"SMITH"}],"neow_cost":"NONE","seed_source_timestamp":478538152631000,"circlet_count":0,"master_deck":["AscendersBane","Defend_G","Defend_G","Defend_G","Defend_G","Defend_G","Strike_G+1","Survivor","Neutralize+1","Dagger Spray","Noxious Fumes+1","Adrenaline+1","Dagger Spray+1","Deadly Poison","Cloak And Dagger","Infinite Blades+1","Well Laid Plans+1","Wraith Form v2+1","Footwork+1","Blur","Noxious Fumes+1","Backflip","Escape Plan+1","Storm of Steel","Wraith Form v2+1","Accuracy+1","PiercingWail","Apotheosis+1","Panacea","Tools of the Trade+1","PiercingWail","Caltrops+1"],"relics":["Ring of the Serpent","NeowsBlessing","Frozen Egg 2","Darkstone Periapt","Du-Vu Doll","Odd Mushroom","Whetstone","Red Mask","Pantograph","Bag of Preparation","Letter Opener","Blood Vial","Sundial","Philosopher\u0027s Stone","Mummified Hand","Bottled Flame","Kunai","StoneCalendar"],"potions_floor_usage":[12,22,31,31,33,51,51],"damage_taken":[{"damage":0,"enemies":"Cultist","floor":1,"turns":1},{"damage":0,"enemies":"2 Louse","floor":5,"turns":1},{"damage":0,"enemies":"Gremlin Nob","floor":7,"turns":1},{"damage":1,"enemies":"Jaw Worm","floor":8,"turns":4},{"damage":0,"enemies":"Blue Slaver","floor":11,"turns":4},{"damage":0,"enemies":"Large Slime","floor":12,"turns":4},{"damage":1,"enemies":"The Mushroom Lair","floor":13,"turns":2},{"damage":5,"enemies":"Lagavulin","floor":14,"turns":6},{"damage":26,"enemies":"Slime Boss","floor":16,"turns":7},{"damage":25,"enemies":"2 Thieves","floor":18,"turns":4},{"damage":16,"enemies":"Masked Bandits","floor":19,"turns":5},{"damage":0,"enemies":"Shell Parasite","floor":21,"turns":8},{"damage":6,"enemies":"Centurion and Healer","floor":22,"turns":6},{"damage":4,"enemies":"Snake Plant","floor":24,"turns":7},{"damage":0,"enemies":"Snecko","floor":29,"turns":6},{"damage":14,"enemies":"Cultist and Chosen","floor":30,"turns":6},{"damage":13,"enemies":"Slavers","floor":31,"turns":5},{"damage":29,"enemies":"Champ","floor":33,"turns":16},{"damage":0,"enemies":"Orb Walker","floor":35,"turns":6},{"damage":35,"enemies":"Reptomancer","floor":40,"turns":6},{"damage":13,"enemies":"Giant Head","floor":42,"turns":8},{"damage":0,"enemies":"3 Darklings","floor":45,"turns":5},{"damage":0,"enemies":"Maw","floor":46,"turns":7},{"damage":0,"enemies":"Sphere and 2 Shapes","floor":48,"turns":5},{"damage":23,"enemies":"Donu and Deca","floor":50,"turns":9},{"damage":10,"enemies":"Awakened One","floor":51,"turns":12}],"seed_played":"-4089344194375932918","potions_obtained":[{"floor":1,"key":"EntropicBrew"},{"floor":7,"key":"Block Potion"},{"floor":18,"key":"SkillPotion"},{"floor":22,"key":"SteroidPotion"},{"floor":33,"key":"Ancient Potion"},{"floor":40,"key":"SpeedPotion"},{"floor":42,"key":"GhostInAJar"}],"is_trial":false,"path_per_floor":["M","?","?","?","M","R","E","M","T","R","M","M","?","E","R","B",null,"M","?","T","M","M","R","M","R","T","T","?","M","M","E","R","B",null,"M","?","?","$","?","E","R","E","T","?","M","M","$","M","R","B","B",null],"character_chosen":"THE_SILENT","items_purchased":["Accuracy+1","PiercingWail","Tools of the Trade+1","StoneCalendar","PiercingWail"],"campfire_rested":5,"item_purchase_floors":[38,38,47,47,47],"current_hp_per_floor":[59,48,48,41,41,41,41,40,40,40,40,40,39,34,53,27,56,31,15,15,15,9,28,24,43,43,43,43,45,33,22,41,37,59,61,61,61,61,51,18,37,26,26,26,28,30,30,32,32,36,53],"gold":197,"neow_bonus":"THREE_ENEMY_KILL","is_prod":false,"is_daily":false,"chose_seed":false,"campfire_upgraded":3,"win_rate":0,"timestamp":1560978365,"path_taken":["M","?","?","?","M","R","E","M","T","R","M","?","?","E","R","BOSS","M","?","?","M","M","R","?","R","T","?","?","?","M","E","R","BOSS","M","?","?","$","?","E","R","E","T","?","?","M","$","M","R","BOSS","BOSS"],"build_version":"2019-01-23","purchased_purges":2,"victory":true,"max_hp_per_floor":[66,66,66,66,66,66,66,66,66,66,66,66,66,66,66,66,66,66,66,66,66,66,66,66,66,66,66,66,66,66,66,66,66,66,66,66,66,66,66,66,66,66,66,66,66,66,66,66,66,66,66],"card_choices":[{"not_picked":["Terror","Slice"],"picked":"Dagger Spray","floor":1},{"not_picked":["Prepared","Blade Dance"],"picked":"Noxious Fumes+1","floor":5},{"not_picked":["Caltrops+1","Flying Knee"],"picked":"Adrenaline","floor":7},{"not_picked":["Underhanded Strike","Finisher"],"picked":"Dagger Spray","floor":8},{"not_picked":["Flechettes","Acrobatics"],"picked":"Deadly Poison","floor":11},{"not_picked":["Poisoned Stab","Setup"],"picked":"Cloak And Dagger","floor":12},{"not_picked":["PiercingWail","Outmaneuver"],"picked":"Infinite Blades+1","floor":13},{"not_picked":["Dagger Spray","Calculated Gamble"],"picked":"Well Laid Plans+1","floor":14},{"not_picked":["After Image+1","Corpse Explosion"],"picked":"Wraith Form v2+1","floor":16},{"not_picked":["Reflex","Underhanded Strike"],"picked":"Footwork+1","floor":18},{"not_picked":["Bane","Poisoned Stab"],"picked":"Blur","floor":19},{"not_picked":["Choke","Blade Dance","Prepared"],"picked":"SKIP","floor":21},{"not_picked":["Heel Hook+1","Finisher"],"picked":"Noxious Fumes+1","floor":22},{"not_picked":["Cloak And Dagger","PiercingWail"],"picked":"Backflip","floor":24},{"not_picked":["Grand Finale","Terror","Dagger Throw"],"picked":"SKIP","floor":29},{"not_picked":["All Out Attack","Backflip"],"picked":"Escape Plan+1","floor":30},{"not_picked":["Deadly Poison","Slice"],"picked":"Storm of Steel","floor":31},{"not_picked":["Glass Knife","Tools of the Trade+1"],"picked":"Wraith Form v2+1","floor":33},{"not_picked":["Masterful Stab+1","Blade Dance+1","Underhanded Strike"],"picked":"SKIP","floor":35},{"not_picked":["Discovery","Finesse"],"picked":"Apotheosis","floor":39},{"not_picked":["Mind Blast","PanicButton"],"picked":"Panacea","floor":39},{"not_picked":["Bane","All Out Attack","Underhanded Strike+1"],"picked":"SKIP","floor":40},{"not_picked":["PiercingWail","Flying Knee","Finisher"],"picked":"SKIP","floor":42},{"not_picked":["Sucker Punch","Bouncing Flask","Dagger Throw"],"picked":"SKIP","floor":45},{"not_picked":["Underhanded Strike","Deadly Poison","Dodge and Roll"],"picked":"SKIP","floor":46},{"not_picked":["Dagger Spray","Cloak And Dagger"],"picked":"Caltrops+1","floor":48}],"player_experience":1480927,"relics_obtained":[{"floor":7,"key":"Darkstone Periapt"},{"floor":9,"key":"Du-Vu Doll"},{"floor":13,"key":"Odd Mushroom"},{"floor":14,"key":"Whetstone"},{"floor":19,"key":"Red Mask"},{"floor":20,"key":"Pantograph"},{"floor":26,"key":"Bag of Preparation"},{"floor":27,"key":"Letter Opener"},{"floor":31,"key":"Sundial"},{"floor":40,"key":"Mummified Hand"},{"floor":42,"key":"Bottled Flame"},{"floor":43,"key":"Kunai"}],"event_choices":[{"damage_healed":0,"gold_gain":0,"player_choice":"Success","damage_taken":11,"relics_obtained":["Frozen Egg 2"],"max_hp_gain":0,"max_hp_loss":0,"event_name":"Scrap Ooze","floor":2,"gold_loss":0},{"damage_healed":0,"gold_gain":0,"player_choice":"Ignored","damage_taken":0,"max_hp_gain":0,"max_hp_loss":0,"event_name":"Golden Idol","floor":3,"gold_loss":0},{"cards_removed":["Strike_G"],"damage_healed":0,"gold_gain":0,"player_choice":"Card Removal","damage_taken":7,"max_hp_gain":0,"max_hp_loss":0,"event_name":"Golden Wing","floor":4,"gold_loss":0},{"damage_healed":0,"gold_gain":0,"player_choice":"Fought Mushrooms","damage_taken":0,"max_hp_gain":0,"max_hp_loss":0,"event_name":"Mushrooms","floor":13,"gold_loss":0},{"damage_healed":0,"gold_gain":0,"player_choice":"Fought Bandits","damage_taken":0,"max_hp_gain":0,"max_hp_loss":0,"event_name":"Masked Bandits","floor":19,"gold_loss":0},{"damage_healed":0,"gold_gain":0,"player_choice":"Gave Potion","damage_taken":0,"relics_obtained":["Blood Vial"],"max_hp_gain":0,"max_hp_loss":0,"event_name":"WeMeetAgain","floor":28,"gold_loss":0},{"damage_healed":0,"gold_gain":222,"player_choice":"Wore Mask","damage_taken":0,"max_hp_gain":0,"max_hp_loss":0,"event_name":"Tomb of Lord Red Mask","floor":36,"gold_loss":0},{"cards_removed":["Strike_G"],"damage_healed":0,"gold_gain":0,"player_choice":"Removed Attack","damage_taken":0,"max_hp_gain":0,"max_hp_loss":0,"event_name":"Falling","floor":37,"gold_loss":0},{"damage_healed":0,"gold_gain":0,"player_choice":"Memory 3","damage_taken":10,"max_hp_gain":0,"max_hp_loss":0,"event_name":"SensoryStone","floor":39,"gold_loss":0},{"damage_healed":0,"gold_gain":0,"player_choice":"Bought 1 Potion","damage_taken":0,"max_hp_gain":0,"max_hp_loss":0,"event_name":"The Woman in Blue","floor":44,"gold_loss":0}],"is_beta":false,"boss_relics":[{"not_picked":["Velvet Choker","Ectoplasm"],"picked":"Ring of the Serpent"},{"not_picked":["Runic Pyramid","Empty Cage"],"picked":"Philosopher\u0027s Stone"}],"items_purged_floors":[38,47],"is_endless":false,"potions_floor_spawned":[1,7,11,18,22,24,33,40,42,48],"ascension_level":20}