{"gold_per_floor":[109,128,144,161,57,88,88,88,88,88,114,87,100,115,115,115],"floor_reached":16,"playtime":429,"items_purged":[],"score":228,"play_id":"d3f6e61e-c141-4cb6-a7a6-476422211b71","local_time":"20190705153134","is_ascension_mode":true,"campfire_choices":[{"data":"Inflame","floor":7,"key":"SMITH"},{"floor":10,"key":"REST"},{"floor":15,"key":"REST"}],"neow_cost":"NONE","seed_source_timestamp":192470783491600,"circlet_count":0,"master_deck":["AscendersBane","Strike_R","Strike_R","Strike_R","Strike_R","Strike_R","Defend_R","Defend_R","Defend_R","Defend_R","Bash","Feed","Anger","Iron Wave","Flame Barrier","Inflame+1","Iron Wave","Intimidate","True Grit","Clothesline","Iron Wave","Whirlwind"],"relics":["Burning Blood","Bottled Tornado","Bottled Flame","Sundial"],"potions_floor_usage":[],"damage_taken":[{"damage":4,"enemies":"Jaw Worm","floor":1,"turns":4},{"damage":7,"enemies":"Cultist","floor":2,"turns":4},{"damage":2,"enemies":"2 Louse","floor":3,"turns":3},{"damage":11,"enemies":"Blue Slaver","floor":4,"turns":5},{"damage":56,"enemies":"Lagavulin","floor":6,"turns":9},{"damage":28,"enemies":"3 Sentries","floor":11,"turns":8},{"damage":17,"enemies":"Exordium Thugs","floor":12,"turns":4},{"damage":0,"enemies":"2 Fungi Beasts","floor":13,"turns":4},{"damage":6,"enemies":"Blue Slaver","floor":14,"turns":4},{"damage":0,"enemies":"The Guardian","floor":16,"turns":1}],"seed_played":"368640623039851176","potions_obtained":[{"floor":2,"key":"Dexterity Potion"},{"floor":6,"key":"Strength Potion"},{"floor":8,"key":"Energy Potion"}],"is_trial":false,"path_per_floor":["M","M","M","M","$","E","R","?","T","R","E","M","M","M","R","B"],"character_chosen":"IRONCLAD","items_purchased":["Inflame","Iron Wave"],"campfire_rested":2,"item_purchase_floors":[5,5],"current_hp_per_floor":[73,75,82,80,80,30,30,30,30,56,34,23,32,32,59,59],"gold":115,"neow_bonus":"ONE_RANDOM_RARE_CARD","is_prod":false,"is_daily":false,"chose_seed":false,"campfire_upgraded":1,"win_rate":0,"timestamp":1562337094,"path_taken":["M","M","M","M","$","E","R","?","T","R","E","?","M","M","R","BOSS"],"build_version":"2019-07-01","purchased_purges":0,"victory":false,"max_hp_per_floor":[78,81,84,87,87,87,87,87,87,87,87,87,90,90,90,90],"card_choices":[{"not_picked":["Clash","Wild Strike","Heavy Blade"],"picked":"SKIP","floor":1},{"not_picked":["Twin Strike","Bloodletting"],"picked":"Anger","floor":2},{"not_picked":["Body Slam","Havoc"],"picked":"Iron Wave","floor":3},{"not_picked":["Thunderclap","Limit Break"],"picked":"Flame Barrier","floor":4},{"not_picked":["Anger","True Grit"],"picked":"Intimidate","floor":6},{"not_picked":["Havoc","Burning Pact"],"picked":"True Grit","floor":11},{"not_picked":["Perfected Strike","Rage"],"picked":"Clothesline","floor":12},{"not_picked":["Combust","Warcry"],"picked":"Iron Wave","floor":13},{"not_picked":["Metallicize","Flex"],"picked":"Whirlwind","floor":14}],"player_experience":1534907,"relics_obtained":[{"floor":6,"key":"Bottled Tornado"},{"floor":9,"key":"Bottled Flame"},{"floor":11,"key":"Sundial"}],"event_choices":[{"damage_healed":0,"gold_gain":0,"player_choice":"Got Potions","damage_taken":0,"max_hp_gain":0,"max_hp_loss":0,"event_name":"Lab","floor":8,"gold_loss":0}],"is_beta":false,"boss_relics":[],"items_purged_floors":[],"is_endless":false,"potions_floor_spawned":[2,6,13,14],"killed_by":"The Guardian","ascension_level":20}