{"gold_per_floor":[109,129,129,52,52,52,86,86,86,86,116,116,136,166,166,242,242,262,262,53,53,53,88,88,88,88,120,130,162,175,194,194,194],"floor_reached":33,"playtime":1360,"items_purged":[],"score":618,"play_id":"ce8ec7b3-7040-4157-a9e8-32e5b90888a8","local_time":"20190701205558","is_ascension_mode":true,"campfire_choices":[{"data":"Neutralize","floor":6.0,"key":"SMITH"},{"data":"Riddle With Holes","floor":8.0,"key":"SMITH"},{"data":"Dash","floor":10.0,"key":"SMITH"},{"data":"Poisoned Stab","floor":12.0,"key":"SMITH"},{"floor":15.0,"key":"DIG"},{"floor":25.0,"key":"DIG"},{"floor":32,"key":"REST"}],"neow_cost":"NONE","seed_source_timestamp":5645579085175927,"circlet_count":0,"master_deck":["AscendersBane","Strike_G+1","Strike_G+1","Strike_G+1","Defend_G+1","Defend_G+1","Defend_G+1","Defend_G+1","Defend_G+1","Survivor","Neutralize+1","Riddle With Holes+1","Flying Knee","Dash+1","Backflip","Poisoned Stab+1","PiercingWail","Malaise","Corpse Explosion","Dagger Throw+1","Backstab","Sucker Punch","Die Die Die","Dodge and Roll+1","Outmaneuver"],"special_seed":0,"relics":["Ring of the Snake","Ninja Scroll","Meat on the Bone","Odd Mushroom","Shovel","PreservedInsect","Velvet Choker","Tiny Chest","Pen Nib","Omamori","Letter Opener","Thread and Needle","Blood Vial"],"potions_floor_usage":[33,33],"damage_taken":[{"damage":15.0,"enemies":"Cultist","floor":1.0,"turns":7.0},{"damage":0.0,"enemies":"Jaw Worm","floor":2.0,"turns":5.0},{"damage":32.0,"enemies":"Gremlin Nob","floor":7.0,"turns":5.0},{"damage":2.0,"enemies":"The Mushroom Lair","floor":11.0,"turns":5.0},{"damage":0.0,"enemies":"Small Slimes","floor":13.0,"turns":2.0},{"damage":5.0,"enemies":"3 Sentries","floor":14.0,"turns":9.0},{"damage":21.0,"enemies":"Slime Boss","floor":16.0,"turns":6.0},{"damage":15.0,"enemies":"Chosen","floor":18.0,"turns":5.0},{"damage":23.0,"enemies":"Book of Stabbing","floor":23.0,"turns":6.0},{"damage":17.0,"enemies":"Slavers","floor":27.0,"turns":3.0},{"damage":8.0,"enemies":"Shell Parasite","floor":28.0,"turns":4.0},{"damage":13.0,"enemies":"Book of Stabbing","floor":29.0,"turns":7.0},{"damage":6.0,"enemies":"Centurion and Healer","floor":30.0,"turns":5.0},{"damage":2.0,"enemies":"3 Cultists","floor":31.0,"turns":5.0},{"damage":60,"enemies":"Champ","floor":33,"turns":21}],"seed_played":"4575082771905073078","potions_obtained":[{"floor":1.0,"key":"Weak Potion"},{"floor":7.0,"key":"SteroidPotion"},{"floor":13.0,"key":"Poison Potion"},{"floor":16.0,"key":"Swift Potion"},{"floor":27.0,"key":"Block Potion"}],"is_trial":false,"path_per_floor":["M","M","?","$","?","R","E","R","T","R","?","R","M","E","R","B",null,"M","?","$","?","?","E","$","R","T","E","M","E","M","M","R","B"],"character_chosen":"THE_SILENT","items_purchased":["Dash","Tiny Chest","Backstab"],"campfire_rested":1,"item_purchase_floors":[4,20,20],"current_hp_per_floor":[44,44,44,44,66,66,34,34,34,34,44,44,44,39,39,30,57,42,55,55,55,55,44,44,44,44,39,43,42,38,38,57,0],"gold":194,"neow_bonus":"REMOVE_CARD","is_prod":false,"is_daily":false,"chose_seed":false,"campfire_upgraded":4,"win_rate":0,"timestamp":1562028958,"path_taken":["M","M","?","?","?","R","E","R","T","R","?","R","M","E","R","BOSS","M","?","$","?","?","E","?","R","T","E","?","E","M","M","R","BOSS"],"build_version":"2019-07-01","purchased_purges":0,"victory":false,"max_hp_per_floor":[66,66,66,66,66,66,66,66,66,66,66,66,66,66,66,66,66,66,66,66,66,66,66,66,66,66,66,66,66,66,66,66,66],"card_choices":[{"not_picked":["Deflect","Slice"],"picked":"Riddle With Holes","floor":1.0},{"not_picked":["Sucker Punch","Crippling Poison"],"picked":"Flying Knee","floor":2.0},{"not_picked":["Setup","Prepared"],"picked":"Backflip","floor":7.0},{"not_picked":["Prepared","Masterful Stab"],"picked":"Poisoned Stab","floor":11.0},{"not_picked":["Setup","Blade Dance"],"picked":"PiercingWail","floor":13.0},{"not_picked":["PiercingWail","Bane"],"picked":"Malaise","floor":14.0},{"not_picked":["Night Terror","Malaise"],"picked":"Corpse Explosion","floor":16.0},{"not_picked":["Concentrate","Deflect"],"picked":"Dagger Throw+1","floor":18.0},{"not_picked":["Flying Knee","Reflex"],"picked":"Sucker Punch","floor":23.0},{"not_picked":["Tactician","Blade Dance"],"picked":"Die Die Die","floor":27.0},{"not_picked":["Backflip","Deadly Poison"],"picked":"Dodge and Roll+1","floor":28.0},{"not_picked":["Dagger Spray","PiercingWail"],"picked":"Outmaneuver","floor":29.0},{"not_picked":["Deflect","Outmaneuver","Cloak And Dagger"],"picked":"SKIP","floor":30.0},{"not_picked":["Bane","Flying Knee","Escape Plan"],"picked":"SKIP","floor":31.0}],"player_experience":832720,"relics_obtained":[{"floor":7.0,"key":"Ninja Scroll"},{"floor":9.0,"key":"Meat on the Bone"},{"floor":11.0,"key":"Odd Mushroom"},{"floor":14.0,"key":"Shovel"},{"floor":15.0,"key":"PreservedInsect"},{"floor":23.0,"key":"Pen Nib"},{"floor":25.0,"key":"Omamori"},{"floor":26.0,"key":"Letter Opener"},{"floor":27.0,"key":"Thread and Needle"},{"floor":29.0,"key":"Blood Vial"}],"event_choices":[{"cards_removed":["Strike_G"],"damage_healed":0.0,"max_hp_gain":0.0,"max_hp_loss":0.0,"gold_gain":0.0,"event_name":"Bonfire Elementals","player_choice":"Offered Basic","floor":3.0,"gold_loss":0.0,"damage_taken":0.0},{"damage_healed":22.0,"max_hp_gain":0.0,"max_hp_loss":0.0,"gold_gain":0.0,"event_name":"Big Fish","player_choice":"Banana","floor":5.0,"gold_loss":0.0,"damage_taken":0.0},{"damage_healed":0.0,"max_hp_gain":0.0,"max_hp_loss":0.0,"gold_gain":0.0,"event_name":"Mushrooms","player_choice":"Fought Mushrooms","floor":11.0,"gold_loss":0.0,"damage_taken":0.0},{"damage_healed":13.0,"max_hp_gain":0.0,"max_hp_loss":0.0,"gold_gain":0.0,"event_name":"The Library","player_choice":"Heal","floor":19.0,"gold_loss":0.0,"damage_taken":0.0},{"damage_healed":0.0,"max_hp_gain":0.0,"max_hp_loss":0.0,"gold_gain":0.0,"event_name":"Back to Basics","player_choice":"Simplicity","floor":21.0,"gold_loss":0.0,"damage_taken":0.0,"cards_upgraded":["Strike_G","Strike_G","Strike_G","Defend_G","Defend_G","Defend_G","Defend_G","Defend_G"]},{"damage_healed":0.0,"max_hp_gain":0.0,"max_hp_loss":0.0,"gold_gain":0.0,"event_name":"Ghosts","player_choice":"Ignored","floor":22.0,"gold_loss":0.0,"damage_taken":0.0}],"is_beta":false,"boss_relics":[{"not_picked":["Philosopher\u0027s Stone","Runic Dome"],"picked":"Velvet Choker"}],"items_purged_floors":[],"is_endless":false,"potions_floor_spawned":[1,7,13,16,27],"killed_by":"Champ","ascension_level":20}