{"gold_per_floor":[114,134,151,151,161,161,178,178,178,178,208,122,138,152,152,227,227,227,1,1,1,1,1,1,1,1,1,1,1,1,1],"floor_reached":31,"playtime":879,"items_purged":["Strike_B"],"score":450,"play_id":"9d690c8a-e9d7-401e-967f-6bf92eca6d56","local_time":"20180922145536","is_ascension_mode":true,"campfire_choices":[{"data":"Defragment","floor":6.0,"key":"SMITH"},{"data":"Zap","floor":8.0,"key":"SMITH"},{"floor":10.0,"key":"REST"},{"floor":15.0,"key":"REST"},{"floor":23,"key":"REST"}],"neow_cost":"NONE","seed_source_timestamp":185467998183021,"circlet_count":0,"master_deck":["Strike_B+1","Strike_B+1","Strike_B","Defend_B","Defend_B","Defend_B","Defend_B","Zap+1","Dualcast","AscendersBane","Defragment+1","Gash","Reinforced Body","Conserve Battery","Gash","Cold Snap","Capacitor","Ball Lightning","Ball Lightning","All For One","Go for the Eyes+1","Loop","Leap","Hologram+1","Auto Shields","Steam","Decay"],"special_seed":0,"relics":["Cracked Core","Potion Belt","Question Card","Bottled Lightning","Ectoplasm","MutagenicStrength","Whetstone"],"potions_floor_usage":[16,16,16,16,16,31,31],"damage_taken":[{"damage":1.0,"enemies":"Cultist","floor":1.0,"turns":4.0},{"damage":0.0,"enemies":"2 Louse","floor":2.0,"turns":2.0},{"damage":14.0,"enemies":"Small Slimes","floor":3.0,"turns":4.0},{"damage":0.0,"enemies":"Looter","floor":5.0,"turns":3.0},{"damage":20.0,"enemies":"Lots of Slimes","floor":7.0,"turns":4.0},{"damage":36.0,"enemies":"3 Sentries","floor":11.0,"turns":11.0},{"damage":4.0,"enemies":"Exordium Wildlife","floor":13.0,"turns":3.0},{"damage":12.0,"enemies":"Exordium Thugs","floor":14.0,"turns":5.0},{"damage":24,"enemies":"Slime Boss","floor":16,"turns":9},{"damage":24,"enemies":"Chosen","floor":18,"turns":4},{"damage":22,"enemies":"Spheric Guardian","floor":20,"turns":4},{"damage":7,"enemies":"Snecko","floor":22,"turns":7},{"damage":10,"enemies":"Snake Plant","floor":27,"turns":3},{"damage":31,"enemies":"Shelled Parasite and Fungi","floor":31,"turns":1}],"seed_played":"7359270540267569154","potions_obtained":[{"floor":1.0,"key":"Weak Potion"},{"floor":3.0,"key":"Block Potion"},{"floor":13.0,"key":"Weak Potion"},{"floor":14.0,"key":"EntropicBrew"},{"floor":22,"key":"Explosive Potion"},{"floor":27,"key":"Explosive Potion"}],"is_trial":false,"path_per_floor":["M","M","M","?","M","R","M","R","T","R","E","$","M","M","R","B",null,"M","$","M","$","M","R","$","?","T","M","?","?","?"],"character_chosen":"DEFECT","items_purchased":["Capacitor","Loop","Leap"],"campfire_rested":3,"item_purchase_floors":[12,19,19],"current_hp_per_floor":[63,63,49,54,54,54,34,34,34,56,20,20,16,4,26,17,61,37,37,15,15,8,30,30,30,30,20,20,20,20,0],"gold":1,"neow_bonus":"RANDOM_COMMON_RELIC","is_prod":false,"is_daily":false,"chose_seed":false,"campfire_upgraded":2,"win_rate":0,"timestamp":1537642536,"path_taken":["M","M","M","?","M","R","M","R","T","R","E","$","M","M","R","BOSS","M","$","M","$","M","R","$","?","T","M","?","?","?","M"],"build_version":"2018-09-20","purchased_purges":1,"victory":false,"max_hp_per_floor":[71,71,71,76,76,76,76,76,76,76,76,76,76,76,76,76,76,76,76,76,76,76,76,76,76,76,76,76,76,76,76],"card_choices":[{"not_picked":["Heatsinks","Beam Cell"],"picked":"Defragment","floor":1.0},{"not_picked":["Stack","Steam Power"],"picked":"Gash","floor":2.0},{"not_picked":["Barrage","Melter"],"picked":"Reinforced Body","floor":3.0},{"not_picked":["Turbo","Meteor Strike"],"picked":"Conserve Battery","floor":5.0},{"not_picked":["Sweeping Beam","Compile Driver"],"picked":"Gash","floor":7.0},{"not_picked":["Coolheaded","Consume","Genetic Algorithm"],"picked":"Cold Snap","floor":11.0},{"not_picked":["Genetic Algorithm","Fusion","Steam Power"],"picked":"Ball Lightning","floor":13.0},{"not_picked":["Rebound","Stack","Recycle"],"picked":"Ball Lightning","floor":14.0},{"not_picked":["Core Surge","Creative AI","Echo Form"],"picked":"All For One","floor":16},{"not_picked":["Streamline","Darkness","Cold Snap"],"picked":"Go for the Eyes","floor":18},{"not_picked":["Static Discharge","Streamline","Darkness"],"picked":"Hologram+1","floor":20},{"not_picked":["Barrage","Force Field","Reboot"],"picked":"Auto Shields","floor":22},{"not_picked":["Barrage","Redo","Beam Cell"],"picked":"Steam","floor":27}],"player_experience":344261,"relics_obtained":[{"floor":9.0,"key":"Question Card"},{"floor":11.0,"key":"Bottled Lightning"},{"floor":26,"key":"Whetstone"}],"event_choices":[{"event_name":"Big Fish","player_choice":"Donut","floor":4.0,"damage_taken":0.0},{"event_name":"Drug Dealer","player_choice":"Inject Mutagens","floor":25,"damage_taken":0},{"event_name":"Vampires","player_choice":"Ignored","floor":28,"damage_taken":0},{"event_name":"Forgotten Altar","player_choice":"Smashed Altar","floor":29,"damage_taken":0},{"event_name":"Accursed Blacksmith","player_choice":"Forge","floor":30,"damage_taken":0}],"is_beta":false,"boss_relics":[{"not_picked":["Nuclear Battery","Calling Bell"],"picked":"Ectoplasm"}],"items_purged_floors":[19],"is_endless":false,"potions_floor_spawned":[1,3,13,14,22,27],"killed_by":"Shelled Parasite and Fungi","ascension_level":18}