{"gold_per_floor":[215,231,246,147,162,162,194,206,206,206,206],"floor_reached":11,"playtime":426,"items_purged":[],"score":90,"play_id":"b7c3645b-cb73-4f5e-8003-89e4c3d137d7","local_time":"20180804135130","is_ascension_mode":true,"campfire_choices":[{"data":"Neutralize","floor":6,"key":"SMITH"},{"floor":10,"key":"REST"}],"neow_cost":"NONE","seed_source_timestamp":2394877507145681,"circlet_count":0,"master_deck":["Defend_G","Defend_G","Defend_G","Defend_G","Defend_G","Strike_G","Strike_G","Strike_G","Strike_G","Strike_G","Survivor","Neutralize+1","Bouncing Flask","Deflect","Corpse Explosion","Backflip","Cloak And Dagger","Deadly Poison","Prepared","Leg Sweep"],"relics":["Ring of the Snake","Nunchaku","Bottled Lightning"],"potions_floor_usage":[],"damage_taken":[{"damage":0,"enemies":"2 Louse","floor":1,"turns":5},{"damage":0,"enemies":"Cultist","floor":2,"turns":4},{"damage":1,"enemies":"Small Slimes","floor":3,"turns":5},{"damage":0,"enemies":"Blue Slaver","floor":5,"turns":6},{"damage":32,"enemies":"Lagavulin","floor":7,"turns":8},{"damage":33,"enemies":"Gremlin Gang","floor":8,"turns":4},{"damage":80,"enemies":"Gremlin Nob","floor":11,"turns":6}],"seed_played":"4341502414656300583","potions_obtained":[{"floor":1,"key":"FearPotion"},{"floor":3,"key":"LiquidBronze"},{"floor":5,"key":"FairyPotion"}],"is_trial":false,"path_per_floor":["M","M","M","$","M","R","E","M","T","R"],"character_chosen":"THE_SILENT","items_purchased":["Backflip","Cloak And Dagger"],"campfire_rested":1,"item_purchase_floors":[4,4],"current_hp_per_floor":[70,70,69,69,69,69,37,4,4,25,0],"gold":206,"neow_bonus":"HUNDRED_GOLD","is_prod":false,"is_daily":false,"chose_seed":false,"campfire_upgraded":1,"win_rate":0,"timestamp":1533405090,"path_taken":["M","M","M","$","M","R","E","M","T","R","E"],"build_version":"2018-08-02","purchased_purges":0,"victory":false,"max_hp_per_floor":[70,70,70,70,70,70,70,70,70,70,70],"card_choices":[{"not_picked":["Accuracy","PiercingWail"],"picked":"Bouncing Flask","floor":1},{"not_picked":["Reflex","Expertise"],"picked":"Deflect","floor":2},{"not_picked":["Prepared","Flying Knee"],"picked":"Corpse Explosion","floor":3},{"not_picked":["Cloak And Dagger","Tactician"],"picked":"Deadly Poison","floor":5},{"not_picked":["Underhanded Strike","Flechettes"],"picked":"Prepared","floor":7},{"not_picked":["Heel Hook","Sucker Punch"],"picked":"Leg Sweep","floor":8}],"player_experience":210028,"relics_obtained":[{"floor":7,"key":"Nunchaku"},{"floor":9,"key":"Bottled Lightning"}],"event_choices":[],"is_beta":false,"boss_relics":[],"items_purged_floors":[],"is_endless":false,"potions_floor_spawned":[1,3,5,8],"killed_by":"Gremlin Nob","ascension_level":4}