{"gold_per_floor":[112,21,121,132,132,160,174,174,199,69,80,137,163,177,177,278,278,293,305,220,145,165,165,200,212,238,238,256,256,270,70,70,174,174,186,186,36,86,103,131,131,143,143,83,95,15,15,28,28,28],"floor_reached":50,"playtime":1866,"items_purged":["Defend_R","Strike_R"],"score":527,"play_id":"efd21d07-08cf-4a03-b3a8-4ed626bbc510","local_time":"20190703160044","is_ascension_mode":true,"campfire_choices":[{"data":"Corruption","floor":8,"key":"SMITH"},{"floor":15,"key":"REST"},{"floor":23,"key":"REST"},{"floor":27,"key":"REST"},{"floor":29,"key":"REST"},{"floor":32,"key":"REST"},{"floor":41,"key":"REST"},{"floor":49,"key":"REST"}],"neow_cost":"NONE","seed_source_timestamp":500762016838419,"circlet_count":0,"master_deck":["Strike_R","Strike_R","Defend_R","Defend_R","Defend_R","Bash+1","Corruption+1","Dropkick","Shockwave+1","Thunderclap+1","Headbutt","Dropkick","Shrug It Off+1","Burning Pact","Shockwave","Infernal Blade","Shrug It Off+1","Barricade","Whirlwind+1","Second Wind+1","Seeing Red+1","Shrug It Off+1","Exhume","Heavy Blade+1","Sentinel","Reaper"],"relics":["Burning Blood","Blood Vial","Whetstone","Regal Pillow","Pear","Mark of Pain","Omamori","PreservedInsect","War Paint","Chemical X","Sozu","Pen Nib","Ginger","The Courier","Dodecahedron"],"potions_floor_usage":[13,16,25,33,50,50],"damage_taken":[{"damage":8,"enemies":"Cultist","floor":1,"turns":5},{"damage":7,"enemies":"2 Louse","floor":4,"turns":3},{"damage":21,"enemies":"Lagavulin","floor":6,"turns":8},{"damage":6,"enemies":"Jaw Worm","floor":7,"turns":4},{"damage":7,"enemies":"Looter","floor":11,"turns":3},{"damage":18,"enemies":"3 Sentries","floor":12,"turns":7},{"damage":23,"enemies":"Gremlin Nob","floor":13,"turns":4},{"damage":13,"enemies":"Exordium Wildlife","floor":14,"turns":3},{"damage":43,"enemies":"The Guardian","floor":16,"turns":10},{"damage":16,"enemies":"Shell Parasite","floor":18,"turns":5},{"damage":12,"enemies":"Chosen","floor":19,"turns":5},{"damage":28,"enemies":"Shelled Parasite and Fungi","floor":22,"turns":7},{"damage":48,"enemies":"Book of Stabbing","floor":24,"turns":6},{"damage":52,"enemies":"Centurion and Healer","floor":25,"turns":6},{"damage":28,"enemies":"Snecko","floor":28,"turns":6},{"damage":15,"enemies":"Snake Plant","floor":30,"turns":4},{"damage":49,"enemies":"Collector","floor":33,"turns":8},{"damage":67,"enemies":"3 Shapes","floor":35,"turns":4},{"damage":26,"enemies":"2 Orb Walkers","floor":38,"turns":3},{"damage":9,"enemies":"Orb Walker","floor":39,"turns":4},{"damage":24,"enemies":"Reptomancer","floor":40,"turns":4},{"damage":21,"enemies":"Transient","floor":42,"turns":5},{"damage":47,"enemies":"3 Darklings","floor":45,"turns":4},{"damage":12,"enemies":"Spire Growth","floor":48,"turns":4},{"damage":77,"enemies":"Awakened One","floor":50,"turns":8}],"seed_played":"3097923033014041554","potions_obtained":[{"floor":1,"key":"SpeedPotion"},{"floor":4,"key":"Poison Potion"},{"floor":13,"key":"Poison Potion"},{"floor":14,"key":"FearPotion"},{"floor":16,"key":"Regen Potion"},{"floor":25,"key":"Ancient Potion"},{"floor":33,"key":"EntropicBrew"}],"is_trial":false,"path_per_floor":["M","$","?","M","?","E","M","R","T","$","M","?","E","M","R","B",null,"M","M","?","?","M","R","E","M","T","R","M","R","M","$","R","B",null,"M","?","$","?","M","E","R","M","T","$","M","$","?","M","R","B"],"character_chosen":"IRONCLAD","items_purchased":["Shockwave","Thunderclap","Dropkick","Shrug It Off","Chemical X","Pen Nib"],"campfire_rested":7,"item_purchase_floors":[2,2,10,10,31,37],"current_hp_per_floor":[78,78,78,77,77,62,64,64,64,64,65,55,50,45,87,52,90,80,76,76,76,56,90,48,9,9,51,31,73,66,66,90,47,90,29,79,79,59,58,42,79,64,64,64,33,33,33,29,67,0],"gold":28,"neow_bonus":"TRANSFORM_CARD","is_prod":false,"is_daily":false,"chose_seed":false,"campfire_upgraded":1,"win_rate":0,"timestamp":1562194844,"path_taken":["M","$","?","?","?","E","?","R","T","$","M","?","E","M","R","BOSS","M","M","?","?","M","R","E","M","T","R","M","R","M","?","R","BOSS","M","?","$","?","M","E","R","M","T","$","M","?","?","M","R","BOSS"],"build_version":"2019-07-01","purchased_purges":2,"victory":false,"max_hp_per_floor":[80,80,80,80,80,80,80,80,80,80,80,80,90,90,90,90,90,90,90,90,90,90,90,90,90,90,90,90,90,90,90,90,90,90,90,79,79,79,79,79,79,79,79,79,79,79,79,79,79,79],"card_choices":[{"not_picked":["Battle Trance","Havoc"],"picked":"Dropkick","floor":1},{"not_picked":["Iron Wave","Warcry"],"picked":"Headbutt","floor":4},{"not_picked":["Rupture","Iron Wave","Thunderclap"],"picked":"SKIP","floor":6},{"not_picked":["Entrench","Shockwave","Thunderclap"],"picked":"SKIP","floor":7},{"not_picked":["Immolate","Heavy Blade"],"picked":"Burning Pact","floor":11},{"not_picked":["Carnage","Wild Strike"],"picked":"Shockwave","floor":12},{"not_picked":["Corruption","Clash"],"picked":"Infernal Blade","floor":13},{"not_picked":["Iron Wave","Perfected Strike"],"picked":"Shrug It Off","floor":14},{"not_picked":["Brutality","Reaper"],"picked":"Barricade","floor":16},{"not_picked":["Anger","Thunderclap"],"picked":"Whirlwind+1","floor":18},{"not_picked":["Wild Strike+1","Clash"],"picked":"Second Wind+1","floor":19},{"not_picked":["Searing Blow","Pommel Strike","Sword Boomerang"],"picked":"SKIP","floor":22},{"not_picked":["Heavy Blade","Cleave","Bloodletting"],"picked":"SKIP","floor":24},{"not_picked":["Warcry+1","True Grit"],"picked":"Seeing Red+1","floor":25},{"not_picked":["Armaments","Flex","Clash"],"picked":"SKIP","floor":28},{"not_picked":["Rage","Bloodletting+1"],"picked":"Shrug It Off+1","floor":30},{"not_picked":["Fiend Fire","Limit Break"],"picked":"Exhume","floor":33},{"not_picked":["Pommel Strike+1","Thunderclap+1"],"picked":"Heavy Blade+1","floor":35},{"not_picked":["Hemokinesis+1","Heavy Blade"],"picked":"Sentinel","floor":38},{"not_picked":["Pommel Strike","Sword Boomerang+1","Rupture"],"picked":"SKIP","floor":39},{"not_picked":["Disarm","Searing Blow+1"],"picked":"Reaper","floor":40},{"not_picked":["Anger+1","Thunderclap+1","Rage"],"picked":"SKIP","floor":42},{"not_picked":["Blood for Blood","Twin Strike","Heavy Blade+1"],"picked":"SKIP","floor":45},{"not_picked":["Whirlwind","Searing Blow","Twin Strike"],"picked":"SKIP","floor":48}],"player_experience":269988,"relics_obtained":[{"floor":6,"key":"Blood Vial"},{"floor":9,"key":"Whetstone"},{"floor":12,"key":"Regal Pillow"},{"floor":13,"key":"Pear"},{"floor":24,"key":"PreservedInsect"},{"floor":26,"key":"War Paint"},{"floor":38,"key":"Ginger"},{"floor":40,"key":"The Courier"},{"floor":43,"key":"Dodecahedron"}],"event_choices":[{"damage_healed":0,"gold_gain":100,"player_choice":"Pray","damage_taken":0,"max_hp_gain":0,"max_hp_loss":0,"event_name":"Golden Shrine","floor":3,"gold_loss":0},{"damage_healed":0,"gold_gain":0,"player_choice":"Forge","damage_taken":0,"max_hp_gain":0,"max_hp_loss":0,"event_name":"Accursed Blacksmith","floor":5,"gold_loss":0,"cards_upgraded":["Shockwave"]},{"damage_healed":0,"gold_gain":0,"player_choice":"Searched \u00271\u0027 times","damage_taken":0,"max_hp_gain":0,"max_hp_loss":0,"event_name":"Dead Adventurer","floor":12,"gold_loss":0},{"damage_healed":0,"gold_gain":0,"player_choice":"Obtained Relic","damage_taken":0,"relics_obtained":["Omamori"],"max_hp_gain":0,"max_hp_loss":0,"event_name":"Addict","floor":20,"gold_loss":85},{"cards_removed":["Strike_R"],"damage_healed":0,"gold_gain":0,"player_choice":"Gave Gold","damage_taken":0,"max_hp_gain":0,"max_hp_loss":0,"event_name":"Beggar","floor":21,"gold_loss":75},{"damage_healed":79,"gold_gain":0,"player_choice":"Heal","damage_taken":0,"max_hp_gain":0,"max_hp_loss":11,"event_name":"The Moai Head","floor":36,"gold_loss":0},{"damage_healed":0,"gold_gain":0,"player_choice":"Fight","damage_taken":0,"max_hp_gain":0,"max_hp_loss":0,"event_name":"Mysterious Sphere","floor":38,"gold_loss":0},{"damage_healed":0,"gold_gain":0,"player_choice":"Memory 1","damage_taken":0,"max_hp_gain":0,"max_hp_loss":0,"event_name":"SensoryStone","floor":47,"gold_loss":0}],"is_beta":false,"boss_relics":[{"not_picked":["Runic Pyramid","Calling Bell"],"picked":"Mark of Pain"},{"not_picked":["Runic Cube","Velvet Choker"],"picked":"Sozu"}],"items_purged_floors":[44,46],"is_endless":false,"potions_floor_spawned":[1,4,13,14,16,24,25,33,35,40,42],"killed_by":"Awakened One","ascension_level":1}