{"gold_per_floor":[110,125,125,137,137,172,185,203,203,203,219,253,38,65,65,138,188,198,1,1,1,1,1,1,1,25,25,25,40,40],"floor_reached":30,"playtime":701,"items_purged":[],"score":505,"play_id":"00f6797f-4313-4de9-89e4-c935b1b50d14","local_time":"20190513154208","is_ascension_mode":true,"campfire_choices":[{"floor":10.0,"key":"REST"},{"data":"Sword Boomerang","floor":15.0,"key":"SMITH"},{"data":"Apotheosis","floor":23.0,"key":"SMITH"}],"neow_cost":"NONE","seed_source_timestamp":1394821360116534,"circlet_count":0,"master_deck":["AscendersBane","Strike_R","Strike_R","Strike_R","Strike_R","Defend_R","Defend_R","Defend_R+1","Defend_R","Bash","Iron Wave","Metallicize","Blood for Blood","Whirlwind","Whirlwind","Reaper","Sword Boomerang+1","Sword Boomerang","Demon Form","Shrug It Off","Twin Strike","Apotheosis+1","Sword Boomerang"],"special_seed":0,"relics":["Burning Blood","NeowsBlessing","Charon\u0027s Ashes","Incense Burner","Shuriken","Pantograph","ClockworkSouvenir","Sundial","Tiny House","Anchor","Red Skull"],"potions_floor_usage":[28],"damage_taken":[{"damage":0.0,"enemies":"Cultist","floor":1.0,"turns":1.0},{"damage":0.0,"enemies":"2 Louse","floor":2.0,"turns":1.0},{"damage":0.0,"enemies":"Jaw Worm","floor":4.0,"turns":1.0},{"damage":47.0,"enemies":"Gremlin Nob","floor":6.0,"turns":6.0},{"damage":14.0,"enemies":"Gremlin Gang","floor":7.0,"turns":6.0},{"damage":3.0,"enemies":"2 Fungi Beasts","floor":8.0,"turns":4.0},{"damage":0.0,"enemies":"3 Louse","floor":11.0,"turns":1.0},{"damage":10.0,"enemies":"3 Sentries","floor":12.0,"turns":5.0},{"damage":17.0,"enemies":"Lagavulin","floor":14.0,"turns":5.0},{"damage":58.0,"enemies":"Hexaghost","floor":16.0,"turns":10.0},{"damage":20.0,"enemies":"Spheric Guardian","floor":18.0,"turns":6.0},{"damage":0,"enemies":"Book of Stabbing","floor":28,"turns":1},{"damage":0,"enemies":"Chosen","floor":29,"turns":3},{"damage":50,"enemies":"Gremlin Leader","floor":30,"turns":2}],"seed_played":"2501668092341191181","potions_obtained":[{"floor":2.0,"key":"Energy Potion"},{"floor":7.0,"key":"Block Potion"},{"floor":11.0,"key":"Fire Potion"},{"floor":12.0,"key":"Poison Potion"},{"floor":14.0,"key":"SneckoOil"},{"floor":16.0,"key":"EssenceOfSteel"},{"floor":17.0,"key":"SmokeBomb"}],"is_trial":false,"path_per_floor":["M","M","?","M","T","E","M","M","T","R","M","E","$","E","R","B",null,"M","$","?","?","?","R","?","$","T","?","E","M","E"],"character_chosen":"IRONCLAD","items_purchased":["ClockworkSouvenir","Apotheosis"],"campfire_rested":1,"item_purchase_floors":[13,19],"current_hp_per_floor":[74,75,75,75,75,34,26,29,29,51,57,65,65,63,63,27,68,54,54,54,54,54,54,31,31,31,31,37,43,0],"gold":40,"neow_bonus":"THREE_ENEMY_KILL","is_prod":false,"is_daily":false,"chose_seed":false,"campfire_upgraded":2,"win_rate":0,"timestamp":1557776528,"path_taken":["M","?","?","M","?","E","M","?","T","R","M","E","$","E","R","BOSS","M","$","?","?","?","R","?","$","T","?","E","M","E"],"build_version":"2019-01-23","purchased_purges":0,"victory":false,"max_hp_per_floor":[75,75,75,75,75,75,75,75,75,75,75,75,75,75,75,75,80,80,80,80,80,80,80,85,85,85,85,85,85,85],"card_choices":[{"not_picked":["Heavy Blade","Sword Boomerang"],"picked":"Iron Wave","floor":1.0},{"not_picked":["Twin Strike","Reckless Charge","Infernal Blade"],"picked":"SKIP","floor":2.0},{"not_picked":["Flex","Corruption"],"picked":"Metallicize","floor":4.0},{"not_picked":["Clash","Pommel Strike"],"picked":"Blood for Blood","floor":6.0},{"not_picked":["Heavy Blade","Uppercut"],"picked":"Whirlwind","floor":7.0},{"not_picked":["Clash","Body Slam"],"picked":"Whirlwind","floor":8.0},{"not_picked":["Body Slam","Inflame"],"picked":"Reaper","floor":11.0},{"not_picked":["Combust","Battle Trance"],"picked":"Sword Boomerang","floor":12.0},{"not_picked":["True Grit","Hemokinesis"],"picked":"Sword Boomerang","floor":14.0},{"not_picked":["Feed","Exhume"],"picked":"Demon Form","floor":16.0},{"not_picked":["Flex","Ghostly Armor"],"picked":"Shrug It Off","floor":17.0},{"not_picked":["Flex+1","Cleave"],"picked":"Twin Strike","floor":18.0},{"not_picked":["Twin Strike+1","Ghostly Armor"],"picked":"Sword Boomerang","floor":29}],"player_experience":685778,"relics_obtained":[{"floor":5.0,"key":"Charon\u0027s Ashes"},{"floor":6.0,"key":"Incense Burner"},{"floor":9.0,"key":"Shuriken"},{"floor":12.0,"key":"Pantograph"},{"floor":14.0,"key":"Sundial"},{"floor":26.0,"key":"Anchor"}],"event_choices":[{"damage_healed":0.0,"max_hp_gain":0.0,"max_hp_loss":0.0,"gold_gain":0.0,"event_name":"Liars Game","player_choice":"Ignored","floor":3.0,"gold_loss":0.0,"damage_taken":0.0},{"damage_healed":0.0,"max_hp_gain":0.0,"max_hp_loss":0.0,"gold_gain":0.0,"event_name":"Beggar","player_choice":"Ignored","floor":20.0,"gold_loss":0.0,"damage_taken":0.0},{"damage_healed":0.0,"max_hp_gain":0.0,"max_hp_loss":0.0,"gold_gain":0.0,"event_name":"Vampires","player_choice":"Ignored","floor":21.0,"gold_loss":0.0,"damage_taken":0.0},{"cards_removed":["Strike_R"],"damage_healed":0.0,"max_hp_gain":0.0,"max_hp_loss":0.0,"gold_gain":0.0,"event_name":"Back to Basics","player_choice":"Elegance","floor":22.0,"gold_loss":0.0,"damage_taken":0.0},{"damage_healed":0.0,"max_hp_gain":5.0,"max_hp_loss":0.0,"gold_gain":0.0,"event_name":"Forgotten Altar","player_choice":"Shed Blood","floor":24.0,"gold_loss":0.0,"damage_taken":28.0},{"damage_healed":0.0,"max_hp_gain":0.0,"max_hp_loss":0.0,"gold_gain":0.0,"event_name":"WeMeetAgain","player_choice":"Gave Potion","floor":27.0,"gold_loss":0.0,"damage_taken":0.0,"relics_obtained":["Red Skull"]}],"is_beta":false,"boss_relics":[{"not_picked":["Empty Cage","Runic Cube"],"picked":"Tiny House"}],"items_purged_floors":[],"is_endless":false,"potions_floor_spawned":[2,7,11,12,14,16,28],"killed_by":"Gremlin Leader","ascension_level":18}