{"gold_per_floor":[110,110,128,128,148,148,174,194,194,205,232,232,183,198,198,324,324,345,345,359,127,150,150,193,208,208,208],"floor_reached":27,"playtime":893,"items_purged":[],"score":307,"play_id":"1c45f464-9c0e-4a5d-b048-770998aa2def","local_time":"20181212220508","is_ascension_mode":true,"campfire_choices":[{"data":"Spot Weakness","floor":6.0,"key":"SMITH"},{"data":"Evolve","floor":15,"key":"SMITH"},{"data":"Whirlwind","floor":23,"key":"SMITH"}],"neow_cost":"NONE","seed_source_timestamp":978109755357481,"circlet_count":0,"master_deck":["Strike_R","Strike_R","Strike_R","Strike_R","Strike_R","Defend_R","Defend_R","Defend_R","Defend_R","Bash+1","Dropkick","Spot Weakness+1","Flex","Sword Boomerang","Uppercut","Twin Strike","Evolve+1","Berserk+1","Headbutt","Whirlwind+1","Flex","Pommel Strike","Barricade"],"special_seed":0,"relics":["Burning Blood","Self Forming Clay","Pear","Bronze Scales","Golden Idol","Black Star","Lee\u0027s Waffle","Ancient Tea Set","Art of War","Matryoshka"],"potions_floor_usage":[25],"damage_taken":[{"damage":6.0,"enemies":"Cultist","floor":1.0,"turns":3.0},{"damage":3.0,"enemies":"Small Slimes","floor":3.0,"turns":4.0},{"damage":6.0,"enemies":"Jaw Worm","floor":5.0,"turns":4.0},{"damage":29.0,"enemies":"Gremlin Nob","floor":7.0,"turns":4.0},{"damage":0.0,"enemies":"2 Fungi Beasts","floor":8.0,"turns":2.0},{"damage":3.0,"enemies":"Blue Slaver","floor":10.0,"turns":3.0},{"damage":42,"enemies":"Lagavulin","floor":11,"turns":8},{"damage":19,"enemies":"Red Slaver","floor":14,"turns":3},{"damage":39,"enemies":"Slime Boss","floor":16,"turns":11},{"damage":46,"enemies":"Shell Parasite","floor":18,"turns":6},{"damage":27,"enemies":"Spheric Guardian","floor":20,"turns":5},{"damage":20,"enemies":"Snecko","floor":22,"turns":4},{"damage":49,"enemies":"Gremlin Leader","floor":24,"turns":5},{"damage":25,"enemies":"Chosen and Byrds","floor":25,"turns":5},{"damage":26,"enemies":"Cultist and Chosen","floor":27,"turns":4}],"seed_played":"3832935730332872528","potions_obtained":[{"floor":3.0,"key":"SpeedPotion"},{"floor":5.0,"key":"BloodPotion"},{"floor":7.0,"key":"Fire Potion"},{"floor":11,"key":"Dexterity Potion"},{"floor":14,"key":"EssenceOfSteel"}],"is_trial":false,"path_per_floor":["M","$","M","?","M","R","E","M","T","M","M","E","?","?","M","R","B",null,"M","?","M","$","M","R","E","M","T","M"],"character_chosen":"IRONCLAD","items_purchased":["Lee\u0027s Waffle","Flex"],"campfire_rested":0,"item_purchase_floors":[21,21],"current_hp_per_floor":[88,88,88,88,88,88,73,79,89,92,56,56,56,43,43,10,91,51,51,30,98,84,84,41,22,22,0],"gold":208,"neow_bonus":"TEN_PERCENT_HP_BONUS","is_prod":false,"is_daily":false,"chose_seed":false,"campfire_upgraded":3,"win_rate":0,"timestamp":1544670308,"path_taken":["M","?","M","?","M","R","E","M","T","M","E","?","?","?","R","BOSS","M","?","M","$","M","R","E","M","T","?"],"build_version":"2018-12-06","purchased_purges":0,"victory":false,"max_hp_per_floor":[88,88,88,88,88,88,88,88,98,98,98,91,91,91,91,91,91,91,91,91,98,98,98,98,98,98,98],"card_choices":[{"not_picked":["Clothesline","Hemokinesis"],"picked":"Dropkick","floor":1.0},{"not_picked":["Anger","Carnage"],"picked":"Spot Weakness","floor":3.0},{"not_picked":["Twin Strike","Anger"],"picked":"Flex","floor":5.0},{"not_picked":["Power Through","Headbutt","Entrench"],"picked":"SKIP","floor":7.0},{"not_picked":["Combust","Body Slam"],"picked":"Sword Boomerang","floor":8.0},{"not_picked":["Burning Pact","Spot Weakness"],"picked":"Uppercut","floor":10},{"not_picked":["Warcry","Sword Boomerang"],"picked":"Twin Strike","floor":11},{"not_picked":["Exhume","Armaments"],"picked":"Evolve","floor":14},{"not_picked":["Juggernaut","Dark Embrace"],"picked":"Berserk","floor":16},{"not_picked":["Havoc","Body Slam"],"picked":"Headbutt","floor":18},{"not_picked":["Sword Boomerang","Warcry"],"picked":"Whirlwind","floor":20},{"not_picked":["Headbutt","Entrench","Intimidate"],"picked":"SKIP","floor":22},{"not_picked":["Seeing Red","Clash"],"picked":"Pommel Strike","floor":24},{"not_picked":["Carnage","Havoc+1"],"picked":"Barricade","floor":25}],"player_experience":500663,"relics_obtained":[{"floor":7.0,"key":"Self Forming Clay"},{"floor":9.0,"key":"Pear"},{"floor":11,"key":"Bronze Scales"},{"floor":24,"key":"Ancient Tea Set"},{"floor":24,"key":"Art of War"},{"floor":26,"key":"Matryoshka"}],"event_choices":[{"damage_healed":0.0,"max_hp_gain":0.0,"max_hp_loss":0.0,"gold_gain":0.0,"event_name":"Living Wall","player_choice":"Grow","floor":4.0,"gold_loss":0.0,"damage_taken":0.0,"cards_upgraded":["Bash"]},{"damage_healed":0,"gold_gain":0,"player_choice":"Lose Max HP","damage_taken":0,"relics_obtained":["Golden Idol"],"max_hp_gain":0,"max_hp_loss":7,"event_name":"Golden Idol","floor":12,"gold_loss":0},{"damage_healed":0,"gold_gain":0,"player_choice":"Left Gold","damage_taken":0,"max_hp_gain":0,"max_hp_loss":0,"event_name":"World of Goop","floor":13,"gold_loss":49},{"damage_healed":0,"gold_gain":0,"player_choice":"Upgraded","damage_taken":0,"max_hp_gain":0,"max_hp_loss":0,"event_name":"Upgrade Shrine","floor":19,"gold_loss":0,"cards_upgraded":["Berserk"]}],"is_beta":false,"boss_relics":[{"not_picked":["Black Blood","Snecko Eye"],"picked":"Black Star"}],"items_purged_floors":[],"is_endless":false,"potions_floor_spawned":[3,5,7,11,14,20],"killed_by":"Cultist and Chosen","ascension_level":3}