{"gold_per_floor":[119,139,139,153,110,143,143,143,216,246,257,275,275,286,286,286],"floor_reached":16,"playtime":478,"items_purged":[],"score":228,"play_id":"ba0de20e-fbed-4a92-bac8-1b7b911e4fa9","local_time":"20190616203047","is_ascension_mode":true,"campfire_choices":[{"floor":8,"key":"REST"},{"data":"Bash","floor":13,"key":"SMITH"},{"data":"Double Tap","floor":15,"key":"SMITH"}],"neow_cost":"NONE","seed_source_timestamp":215619432486300,"circlet_count":0,"master_deck":["AscendersBane","Strike_R","Strike_R","Strike_R","Strike_R","Strike_R","Defend_R","Defend_R","Defend_R","Defend_R","Bash+1","Heavy Blade","Flex","Pain","Iron Wave","Dropkick","Dropkick","Pommel Strike","Double Tap+1","Second Wind","Flex"],"special_seed":0,"relics":["Burning Blood","WarpedTongs","StoneCalendar","Pantograph","Bag of Preparation"],"potions_floor_usage":[10],"damage_taken":[{"damage":6.0,"enemies":"Jaw Worm","floor":1.0,"turns":5.0},{"damage":1.0,"enemies":"Cultist","floor":2.0,"turns":3.0},{"damage":5.0,"enemies":"2 Louse","floor":4.0,"turns":2.0},{"damage":24.0,"enemies":"Exordium Thugs","floor":5.0,"turns":5.0},{"damage":49.0,"enemies":"3 Sentries","floor":6.0,"turns":10.0},{"damage":17,"enemies":"Lagavulin","floor":10,"turns":6},{"damage":6,"enemies":"Looter","floor":11,"turns":4},{"damage":10,"enemies":"Blue Slaver","floor":12,"turns":2},{"damage":9,"enemies":"Exordium Wildlife","floor":14,"turns":4},{"damage":52,"enemies":"Hexaghost","floor":16,"turns":7}],"seed_played":"5255753885344306371","potions_obtained":[{"floor":4.0,"key":"Energy Potion"},{"floor":6.0,"key":"Poison Potion"},{"floor":10,"key":"GamblersBrew"}],"is_trial":false,"path_per_floor":["M","M","?","M","M","E","?","R","T","E","M","M","R","M","R","B"],"character_chosen":"IRONCLAD","items_purchased":[],"campfire_rested":1,"item_purchase_floors":[],"current_hp_per_floor":[75,80,80,81,63,20,20,44,44,33,33,29,29,26,26,0],"gold":286,"neow_bonus":"TEN_PERCENT_HP_BONUS","is_prod":false,"is_daily":false,"chose_seed":false,"campfire_upgraded":2,"win_rate":0,"timestamp":1560713447,"path_taken":["M","M","?","?","M","E","?","R","T","E","M","M","R","?","R","BOSS"],"build_version":"2019-01-23","purchased_purges":0,"victory":false,"max_hp_per_floor":[82,82,82,82,82,82,82,82,82,82,82,82,82,82,82,82],"card_choices":[{"not_picked":["Havoc","Searing Blow"],"picked":"Heavy Blade","floor":1.0},{"not_picked":["Wild Strike","Body Slam"],"picked":"Flex","floor":2.0},{"not_picked":["True Grit","Twin Strike"],"picked":"Iron Wave","floor":4.0},{"not_picked":["Burning Pact","Body Slam"],"picked":"Dropkick","floor":5.0},{"not_picked":["Clothesline","Metallicize"],"picked":"Dropkick","floor":6.0},{"not_picked":["Bloodletting","Rage"],"picked":"Pommel Strike","floor":10},{"not_picked":["Clothesline","Perfected Strike"],"picked":"Double Tap","floor":11},{"not_picked":["Armaments","Twin Strike"],"picked":"Second Wind","floor":12},{"not_picked":["Power Through","Warcry"],"picked":"Flex","floor":14}],"player_experience":1468145,"relics_obtained":[{"floor":6.0,"key":"StoneCalendar"},{"floor":9,"key":"Pantograph"},{"floor":10,"key":"Bag of Preparation"}],"event_choices":[{"damage_healed":0.0,"max_hp_gain":0.0,"max_hp_loss":0.0,"gold_gain":0.0,"event_name":"Accursed Blacksmith","player_choice":"Rummage","floor":3.0,"gold_loss":0.0,"damage_taken":0.0,"relics_obtained":["WarpedTongs"],"cards_obtained":["Pain"]},{"damage_healed":0,"gold_gain":0,"player_choice":"Leave","damage_taken":0,"max_hp_gain":0,"max_hp_loss":0,"event_name":"FaceTrader","floor":7,"gold_loss":0}],"is_beta":false,"boss_relics":[],"items_purged_floors":[],"is_endless":false,"potions_floor_spawned":[4,6,10],"killed_by":"Hexaghost","ascension_level":20}