{"gold_per_floor":[119,44,57,57,57,88,105,105,105,135,154,172,135,145,145,145],"floor_reached":16,"playtime":727,"items_purged":["Strike_G"],"score":144,"play_id":"ab9ed113-549b-4600-a4b9-26fedf647e3f","local_time":"20190204094723","is_ascension_mode":true,"campfire_choices":[{"data":"Neutralize","floor":8,"key":"SMITH"},{"floor":15,"key":"REST"}],"neow_cost":"NONE","seed_source_timestamp":573009479897412,"circlet_count":0,"master_deck":["Defend_G","Defend_G","Defend_G","Defend_G","Strike_G","Strike_G","Strike_G","Strike_G","Survivor","Neutralize+1","Backflip","Quick Slash","Skewer","Adrenaline","Dodge and Roll","Blur","Footwork"],"relics":["Ring of the Snake","NeowsBlessing","Question Card","Darkstone Periapt","Pantograph"],"potions_floor_usage":[10],"damage_taken":[{"damage":0,"enemies":"Jaw Worm","floor":1,"turns":1},{"damage":0,"enemies":"Cultist","floor":3,"turns":1},{"damage":0,"enemies":"Gremlin Nob","floor":6,"turns":1},{"damage":0,"enemies":"Small Slimes","floor":7,"turns":3},{"damage":45,"enemies":"Lagavulin","floor":10,"turns":11},{"damage":3,"enemies":"2 Fungi Beasts","floor":11,"turns":5},{"damage":0,"enemies":"Red Slaver","floor":12,"turns":4},{"damage":0,"enemies":"Exordium Wildlife","floor":14,"turns":5},{"damage":76,"enemies":"Slime Boss","floor":16,"turns":19}],"seed_played":"-680636903440466960","potions_obtained":[{"floor":3,"key":"Poison Potion"},{"floor":10,"key":"EntropicBrew"},{"floor":11,"key":"EntropicBrew"}],"is_trial":false,"path_per_floor":["M","$","M","?","$","E","M","R","T","E","M","M","?","M","R","B"],"character_chosen":"THE_SILENT","items_purchased":[],"campfire_rested":1,"item_purchase_floors":[],"current_hp_per_floor":[70,70,70,70,70,70,70,70,70,25,22,22,22,22,43,0],"gold":145,"neow_bonus":"THREE_ENEMY_KILL","is_prod":false,"is_daily":false,"chose_seed":false,"campfire_upgraded":1,"win_rate":0,"timestamp":1549302443,"path_taken":["M","$","M","?","?","E","?","R","T","E","M","M","?","M","R","BOSS"],"build_version":"2019-01-23","purchased_purges":1,"victory":false,"max_hp_per_floor":[70,70,70,70,70,70,70,70,70,70,70,70,70,70,70,70],"card_choices":[{"not_picked":["Sucker Punch","Outmaneuver"],"picked":"Backflip","floor":1},{"not_picked":["Acrobatics","Underhanded Strike"],"picked":"Quick Slash","floor":3},{"not_picked":["Dagger Throw","Deflect"],"picked":"Skewer","floor":6},{"not_picked":["Cloak And Dagger","Dagger Spray","Backflip","Skewer"],"picked":"SKIP","floor":7},{"not_picked":["Skewer","Blade Dance","Slice"],"picked":"Adrenaline","floor":10},{"not_picked":["Outmaneuver","Bouncing Flask","Deadly Poison"],"picked":"Dodge and Roll","floor":11},{"not_picked":["Expertise","Slice","Finisher"],"picked":"Blur","floor":12},{"not_picked":["Escape Plan","Adrenaline","Underhanded Strike"],"picked":"Footwork","floor":14}],"player_experience":187925,"relics_obtained":[{"floor":6,"key":"Question Card"},{"floor":9,"key":"Darkstone Periapt"},{"floor":10,"key":"Pantograph"}],"event_choices":[{"cards_removed":["Defend_G"],"damage_healed":0,"gold_gain":0,"player_choice":"Offered Basic","damage_taken":0,"max_hp_gain":0,"max_hp_loss":0,"event_name":"Bonfire Elementals","floor":4,"gold_loss":0},{"damage_healed":0,"gold_gain":0,"player_choice":"Left Gold","damage_taken":0,"max_hp_gain":0,"max_hp_loss":0,"event_name":"World of Goop","floor":13,"gold_loss":37}],"is_beta":false,"boss_relics":[],"items_purged_floors":[2],"is_endless":false,"potions_floor_spawned":[3,10,11],"killed_by":"Slime Boss","ascension_level":1}