{"gold_per_floor":[116,116,131,131,156,195,195,195],"floor_reached":8,"playtime":260,"items_purged":[],"score":112,"play_id":"126076bc-55ce-4b6c-8466-5f907623518a","local_time":"20190614221418","is_ascension_mode":true,"campfire_choices":[{"floor":7,"key":"REST"}],"neow_cost":"NONE","seed_source_timestamp":4183149124910086,"circlet_count":0,"master_deck":["AscendersBane","Defend_G","Defend_G","Defend_G","Defend_G","Defend_G","Strike_G","Strike_G","Strike_G","Strike_G","Survivor","Neutralize","Caltrops","Terror","Quick Slash","Crippling Poison"],"special_seed":0,"relics":["Ring of the Snake","Golden Idol","Snake Skull"],"potions_floor_usage":[6,8],"damage_taken":[{"damage":2.0,"enemies":"Jaw Worm","floor":1.0,"turns":9.0},{"damage":6.0,"enemies":"Small Slimes","floor":3.0,"turns":7.0},{"damage":0.0,"enemies":"2 Louse","floor":5.0,"turns":3.0},{"damage":33,"enemies":"Gremlin Nob","floor":6,"turns":3},{"damage":45,"enemies":"3 Sentries","floor":8,"turns":8}],"seed_played":"2151486076811344197","potions_obtained":[{"floor":5.0,"key":"Strength Potion"},{"floor":6,"key":"GhostInAJar"}],"is_trial":false,"path_per_floor":["M","?","M","?","M","E","R","E"],"character_chosen":"THE_SILENT","items_purchased":[],"campfire_rested":1,"item_purchase_floors":[],"current_hp_per_floor":[57,57,51,51,51,18,36,0],"gold":195,"neow_bonus":"REMOVE_CARD","is_prod":false,"is_daily":false,"chose_seed":false,"campfire_upgraded":0,"win_rate":0,"timestamp":1560564858,"path_taken":["M","?","M","?","M","E","R","E"],"build_version":"2019-01-23","purchased_purges":0,"victory":false,"max_hp_per_floor":[66,60,60,60,60,60,60,60],"card_choices":[{"not_picked":["Acrobatics","Dagger Throw"],"picked":"Caltrops","floor":1.0},{"not_picked":["Underhanded Strike","Sucker Punch"],"picked":"Terror","floor":3.0},{"not_picked":["Bane","Catalyst"],"picked":"Quick Slash","floor":5.0},{"not_picked":["Flying Knee","Calculated Gamble"],"picked":"Crippling Poison","floor":6}],"player_experience":739419,"relics_obtained":[{"floor":6,"key":"Snake Skull"}],"event_choices":[{"damage_healed":0.0,"max_hp_gain":0.0,"max_hp_loss":6.0,"gold_gain":0.0,"event_name":"Golden Idol","player_choice":"Lose Max HP","floor":2.0,"gold_loss":0.0,"damage_taken":0.0,"relics_obtained":["Golden Idol"]},{"damage_healed":0.0,"max_hp_gain":0.0,"max_hp_loss":0.0,"gold_gain":0.0,"event_name":"Liars Game","player_choice":"Ignored","floor":4.0,"gold_loss":0.0,"damage_taken":0.0}],"is_beta":false,"boss_relics":[],"items_purged_floors":[],"is_endless":false,"potions_floor_spawned":[5,6],"killed_by":"3 Sentries","ascension_level":20}