{"gold_per_floor":[117,127,127,142,159,159,193,193,193,193,224,29,29,61,61,163,163,182,182,198,29,47,77,77,77,77,91,91,126,137,137,137,238,288,306,306,318,218,218,218,218,233,233,233],"floor_reached":44,"playtime":1474,"items_purged":["Strike_R","Strike_R"],"score":847,"play_id":"441c8ca3-852c-4973-beef-fa97fee2f1d5","local_time":"20181227154043","is_ascension_mode":true,"campfire_choices":[{"data":"Armaments","floor":6.0,"key":"SMITH"},{"floor":8.0,"key":"REST"},{"floor":13.0,"key":"REST"},{"data":"Apotheosis","floor":15.0,"key":"SMITH"},{"floor":24.0,"key":"REST"},{"floor":28.0,"key":"REST"},{"floor":32.0,"key":"REST"},{"floor":40.0,"key":"REST"}],"neow_cost":"NONE","seed_source_timestamp":0,"circlet_count":0,"master_deck":["AscendersBane","Strike_R","Strike_R","Strike_R","Defend_R","Defend_R+1","Defend_R+1","Defend_R","Bash","Pommel Strike","Armaments+1","Body Slam","Spot Weakness","Whirlwind","Heavy Blade","Apotheosis+1","Dropkick+1","Demon Form+1","Dropkick","Clothesline+1","Shrug It Off","Metallicize+1","Metallicize+1","Heavy Blade","Shrug It Off","Barricade+1","Metallicize+1","Madness","Madness","Juggernaut+1"],"special_seed":0,"relics":["Burning Blood","Lantern","Vajra","Frozen Egg 2","Red Skull","Mark of Pain","Mango","Du-Vu Doll","War Paint","Tiny House","Gremlin Horn"],"potions_floor_usage":[42,42],"damage_taken":[{"damage":8.0,"enemies":"Small Slimes","floor":1.0,"turns":5.0},{"damage":9.0,"enemies":"2 Louse","floor":2.0,"turns":2.0},{"damage":13.0,"enemies":"Jaw Worm","floor":4.0,"turns":5.0},{"damage":31.0,"enemies":"Gremlin Gang","floor":5.0,"turns":10.0},{"damage":30.0,"enemies":"3 Sentries","floor":7.0,"turns":8.0},{"damage":17.0,"enemies":"Lagavulin","floor":11.0,"turns":8.0},{"damage":0.0,"enemies":"3 Sentries","floor":14.0,"turns":3.0},{"damage":30.0,"enemies":"The Guardian","floor":16.0,"turns":10.0},{"damage":0.0,"enemies":"3 Byrds","floor":18.0,"turns":4.0},{"damage":34.0,"enemies":"2 Thieves","floor":20.0,"turns":3.0},{"damage":25.0,"enemies":"Chosen and Byrds","floor":22.0,"turns":5.0},{"damage":26.0,"enemies":"Book of Stabbing","floor":23.0,"turns":5.0},{"damage":18.0,"enemies":"Cultist and Chosen","floor":27.0,"turns":6.0},{"damage":48.0,"enemies":"Slavers","floor":29.0,"turns":4.0},{"damage":20.0,"enemies":"Snake Plant","floor":30.0,"turns":2.0},{"damage":10.0,"enemies":"Champ","floor":33.0,"turns":8.0},{"damage":25.0,"enemies":"3 Darklings","floor":35.0,"turns":7.0},{"damage":17.0,"enemies":"Orb Walker","floor":37.0,"turns":3.0},{"damage":50,"enemies":"Jaw Worm Horde","floor":42,"turns":4},{"damage":50,"enemies":"Nemesis","floor":44,"turns":4}],"seed_played":"3255383385140207168","potions_obtained":[{"floor":1.0,"key":"Ancient Potion"},{"floor":5.0,"key":"LiquidBronze"},{"floor":16.0,"key":"Dexterity Potion"},{"floor":23.0,"key":"Dexterity Potion"},{"floor":27.0,"key":"Ancient Potion"},{"floor":30.0,"key":"Strength Potion"},{"floor":33.0,"key":"Dexterity Potion"}],"is_trial":false,"path_per_floor":["M","M","?","M","M","R","E","R","T","?","E","$","R","E","R","B",null,"M","?","M","$","M","E","R","$","T","M","R","E","M","?","R","B",null,"M","?","M","$","?","R","?","M","T","E"],"character_chosen":"IRONCLAD","items_purchased":["Apotheosis","Shrug It Off","Metallicize+1"],"campfire_rested":6,"item_purchase_floors":[12,21,21],"current_hp_per_floor":[78,75,75,68,43,43,19,45,45,50,39,39,66,72,72,48,82,88,88,60,60,41,35,67,67,67,55,87,45,31,31,63,59,100,81,67,56,56,56,89,89,45,45,0],"gold":233,"neow_bonus":"TEN_PERCENT_HP_BONUS","is_prod":false,"is_daily":false,"chose_seed":false,"campfire_upgraded":2,"win_rate":0,"timestamp":1545943243,"path_taken":["M","M","?","M","M","R","E","R","T","?","E","$","R","E","R","BOSS","M","?","?","$","M","E","R","?","T","M","R","E","M","?","R","BOSS","M","?","M","$","?","R","?","M","T","E"],"build_version":"2018-12-20","purchased_purges":2,"victory":false,"max_hp_per_floor":[88,88,88,88,88,88,88,88,88,93,93,93,93,93,93,93,93,93,93,93,93,93,107,107,107,107,107,107,107,107,107,107,107,112,112,112,112,112,112,112,112,112,112,112],"card_choices":[{"not_picked":["Dual Wield","Battle Trance"],"picked":"Pommel Strike","floor":1.0},{"not_picked":["Power Through","Perfected Strike"],"picked":"Armaments","floor":2.0},{"not_picked":["Sword Boomerang","Infernal Blade"],"picked":"Body Slam","floor":4.0},{"not_picked":["Clothesline","Perfected Strike"],"picked":"Spot Weakness","floor":5.0},{"not_picked":["Iron Wave","Pommel Strike"],"picked":"Whirlwind","floor":7.0},{"not_picked":["Anger","Dropkick"],"picked":"Heavy Blade","floor":11.0},{"not_picked":["Spot Weakness","Armaments"],"picked":"Dropkick","floor":14.0},{"not_picked":["Double Tap","Brutality+1"],"picked":"Demon Form+1","floor":16.0},{"not_picked":["Armaments","Feel No Pain+1","Havoc"],"picked":"SKIP","floor":18.0},{"not_picked":["Armaments","Feel No Pain+1","Havoc"],"picked":"SKIP","floor":18.0},{"not_picked":["Rampage","Sever Soul"],"picked":"Clothesline+1","floor":20.0},{"not_picked":["True Grit","Feel No Pain+1"],"picked":"Metallicize+1","floor":22.0},{"not_picked":["True Grit","Cleave","Dark Embrace+1"],"picked":"SKIP","floor":23.0},{"not_picked":["Sever Soul","Cleave"],"picked":"Heavy Blade","floor":27.0},{"not_picked":["Ghostly Armor","Pommel Strike","Wild Strike+1"],"picked":"SKIP","floor":29.0},{"not_picked":["Wild Strike","Iron Wave"],"picked":"Shrug It Off","floor":30.0},{"not_picked":["Double Tap","Reaper"],"picked":"Barricade+1","floor":33.0},{"not_picked":["Flex+1","Sword Boomerang"],"picked":"Metallicize+1","floor":35.0},{"not_picked":["Havoc+1","Sword Boomerang+1"],"picked":"Juggernaut+1","floor":37.0},{"not_picked":["Rupture+1","Shrug It Off+1","Power Through+1"],"picked":"SKIP","floor":42}],"player_experience":540713,"relics_obtained":[{"floor":7.0,"key":"Lantern"},{"floor":9.0,"key":"Vajra"},{"floor":11.0,"key":"Frozen Egg 2"},{"floor":14.0,"key":"Red Skull"},{"floor":23.0,"key":"Mango"},{"floor":26.0,"key":"Du-Vu Doll"},{"floor":29.0,"key":"War Paint"},{"floor":43,"key":"Gremlin Horn"}],"event_choices":[{"damage_healed":0.0,"max_hp_gain":0.0,"max_hp_loss":0.0,"gold_gain":0.0,"event_name":"Liars Game","player_choice":"Ignored","floor":3.0,"gold_loss":0.0,"damage_taken":0.0},{"damage_healed":0.0,"max_hp_gain":5.0,"max_hp_loss":0.0,"gold_gain":0.0,"event_name":"Big Fish","player_choice":"Donut","floor":10.0,"gold_loss":0.0,"damage_taken":0.0},{"damage_healed":0.0,"max_hp_gain":0.0,"max_hp_loss":0.0,"gold_gain":0.0,"event_name":"Match and Keep!","player_choice":"1 cards matched","floor":19.0,"gold_loss":0.0,"damage_taken":0.0,"cards_obtained":["Dropkick"]},{"damage_healed":0.0,"max_hp_gain":0.0,"max_hp_loss":0.0,"gold_gain":0.0,"event_name":"Cursed Tome","player_choice":"Ignored","floor":31.0,"gold_loss":0.0,"damage_taken":0.0},{"damage_healed":0.0,"max_hp_gain":0.0,"max_hp_loss":0.0,"gold_gain":0.0,"event_name":"Winding Halls","player_choice":"Embrace Madness","floor":36.0,"gold_loss":0.0,"damage_taken":14.0,"cards_obtained":["Madness","Madness"]},{"damage_healed":0.0,"max_hp_gain":0.0,"max_hp_loss":0.0,"gold_gain":0.0,"event_name":"Tomb of Lord Red Mask","player_choice":"Ignored","floor":39.0,"gold_loss":0.0,"damage_taken":0.0},{"damage_healed":0,"gold_gain":0,"player_choice":"Ignored","damage_taken":0,"max_hp_gain":0,"max_hp_loss":0,"event_name":"Mysterious Sphere","floor":41,"gold_loss":0}],"is_beta":false,"boss_relics":[{"not_picked":["Astrolabe","Coffee Dripper"],"picked":"Mark of Pain"},{"not_picked":["White Beast Statue","Calling Bell"],"picked":"Tiny House"}],"items_purged_floors":[21,38],"is_endless":false,"potions_floor_spawned":[1,5,14,16,18,23,27,30,33,35],"killed_by":"Nemesis","ascension_level":11}