{"gold_per_floor":[111,125,138,151,151,151,195,211,264,299,299,320,338,354,354,354],"floor_reached":16,"playtime":423,"items_purged":[],"score":232,"play_id":"511833f1-86da-42e6-b559-aeba690f7024","local_time":"20190605193927","is_ascension_mode":true,"campfire_choices":[{"data":"Whirlwind","floor":6.0,"key":"SMITH"},{"floor":11,"key":"REST"},{"data":"Flame Barrier","floor":15,"key":"SMITH"}],"neow_cost":"NONE","seed_source_timestamp":91019817816400,"circlet_count":0,"master_deck":["AscendersBane","Strike_R","Strike_R","Strike_R","Strike_R","Strike_R","Defend_R","Defend_R","Defend_R","Defend_R","Bash","Whirlwind+1","Shockwave","Flame Barrier+1","Pommel Strike","Rampage","Feed","Thunderclap","Shockwave","Bloodletting","Battle Trance"],"special_seed":0,"relics":["Burning Blood","Golden Idol","Incense Burner","Blood Vial","Sundial"],"potions_floor_usage":[10,16,16],"damage_taken":[{"damage":7.0,"enemies":"Cultist","floor":1.0,"turns":4.0},{"damage":15.0,"enemies":"Small Slimes","floor":2.0,"turns":4.0},{"damage":0.0,"enemies":"2 Louse","floor":3.0,"turns":1.0},{"damage":0.0,"enemies":"2 Fungi Beasts","floor":4.0,"turns":4.0},{"damage":30.0,"enemies":"3 Sentries","floor":7.0,"turns":5.0},{"damage":0.0,"enemies":"Gremlin Gang","floor":8.0,"turns":1.0},{"damage":20,"enemies":"Gremlin Nob","floor":10,"turns":4},{"damage":0,"enemies":"3 Louse","floor":12,"turns":1},{"damage":6,"enemies":"Red Slaver","floor":13,"turns":3},{"damage":18,"enemies":"Large Slime","floor":14,"turns":4},{"damage":60,"enemies":"Hexaghost","floor":16,"turns":9}],"seed_played":"2040569231071419590","potions_obtained":[{"floor":1.0,"key":"Regen Potion"},{"floor":7.0,"key":"Swift Potion"},{"floor":10,"key":"Block Potion"},{"floor":12,"key":"SteroidPotion"}],"is_trial":false,"path_per_floor":["M","M","M","M","?","R","E","M","T","E","R","M","M","M","R","B"],"character_chosen":"IRONCLAD","items_purchased":[],"campfire_rested":1,"item_purchase_floors":[],"current_hp_per_floor":[74,65,71,77,49,49,25,31,31,31,55,63,65,55,55,0],"gold":354,"neow_bonus":"TEN_PERCENT_HP_BONUS","is_prod":false,"is_daily":false,"chose_seed":false,"campfire_upgraded":2,"win_rate":0,"timestamp":1559759967,"path_taken":["M","M","M","M","?","R","E","M","T","E","R","M","M","M","R","BOSS"],"build_version":"2019-01-23","purchased_purges":0,"victory":false,"max_hp_per_floor":[82,82,82,82,82,82,82,82,82,82,82,82,82,82,82,82],"card_choices":[{"not_picked":["Burning Pact","Flex"],"picked":"Whirlwind","floor":1.0},{"not_picked":["Armaments","Heavy Blade"],"picked":"Shockwave","floor":2.0},{"not_picked":["Whirlwind","Heavy Blade"],"picked":"Flame Barrier","floor":3.0},{"not_picked":["Feel No Pain","Clothesline"],"picked":"Pommel Strike","floor":4.0},{"not_picked":["Armaments","True Grit"],"picked":"Rampage","floor":7.0},{"not_picked":["Sentinel","Armaments"],"picked":"Feed","floor":8.0},{"not_picked":["Anger","Body Slam"],"picked":"Thunderclap","floor":10},{"not_picked":["Anger","Whirlwind"],"picked":"Shockwave","floor":12},{"not_picked":["True Grit","Havoc"],"picked":"Bloodletting","floor":13},{"not_picked":["Sword Boomerang","Evolve"],"picked":"Battle Trance","floor":14}],"player_experience":1431968,"relics_obtained":[{"floor":7.0,"key":"Incense Burner"},{"floor":9.0,"key":"Blood Vial"},{"floor":10,"key":"Sundial"}],"event_choices":[{"damage_healed":0.0,"max_hp_gain":0.0,"max_hp_loss":0.0,"gold_gain":0.0,"event_name":"Golden Idol","player_choice":"Take Damage","floor":5.0,"gold_loss":0.0,"damage_taken":28.0,"relics_obtained":["Golden Idol"]}],"is_beta":false,"boss_relics":[],"items_purged_floors":[],"is_endless":false,"potions_floor_spawned":[1,7,10,12,13,14],"killed_by":"Hexaghost","ascension_level":20}