{"gold_per_floor":[116,96,112,112,123,123,137,137,161,191,202,216,216,216,216,216],"floor_reached":16,"playtime":292,"items_purged":[],"score":204,"play_id":"344a4805-ebb2-4220-8131-8ae868c1f458","local_time":"20190502191838","is_ascension_mode":true,"campfire_choices":[{"data":"Neutralize","floor":6.0,"key":"SMITH"},{"data":"All Out Attack","floor":8.0,"key":"SMITH"},{"floor":13.0,"key":"REST"},{"data":"Bane","floor":15.0,"key":"SMITH"}],"neow_cost":"NONE","seed_source_timestamp":458004540642218,"circlet_count":0,"master_deck":["AscendersBane","Defend_G","Defend_G","Defend_G","Defend_G","Defend_G","Strike_G","Strike_G","Strike_G","Strike_G","Strike_G","Survivor","Neutralize+1","Deadly Poison+1","All Out Attack+1","Flying Knee","Bane+1","Backflip"],"special_seed":0,"relics":["Ring of the Snake","NeowsBlessing","Sundial","Lantern","Du-Vu Doll"],"potions_floor_usage":[],"damage_taken":[{"damage":0.0,"enemies":"Small Slimes","floor":1.0,"turns":1.0},{"damage":0.0,"enemies":"Cultist","floor":3.0,"turns":1.0},{"damage":0.0,"enemies":"Jaw Worm","floor":5.0,"turns":1.0},{"damage":25.0,"enemies":"Exordium Thugs","floor":7.0,"turns":5.0},{"damage":34.0,"enemies":"Lagavulin","floor":10.0,"turns":6.0},{"damage":0.0,"enemies":"Exordium Wildlife","floor":11.0,"turns":3.0},{"damage":0.0,"enemies":"Lots of Slimes","floor":12.0,"turns":1.0},{"damage":42,"enemies":"Slime Boss","floor":16,"turns":6}],"seed_played":"-3468037690861135765","potions_obtained":[{"floor":1.0,"key":"Regen Potion"},{"floor":2.0,"key":"SpeedPotion"},{"floor":5.0,"key":"PowerPotion"},{"floor":11.0,"key":"LiquidBronze"}],"is_trial":false,"path_per_floor":["M","?","M","T","M","R","M","R","T","E","M","M","R","?","R","B"],"character_chosen":"THE_SILENT","items_purchased":[],"campfire_rested":1,"item_purchase_floors":[],"current_hp_per_floor":[59,59,59,59,59,59,34,34,34,15,15,15,34,34,34,0],"gold":216,"neow_bonus":"THREE_ENEMY_KILL","is_prod":false,"is_daily":false,"chose_seed":false,"campfire_upgraded":3,"win_rate":0,"timestamp":1556839118,"path_taken":["M","?","?","?","M","R","M","R","T","E","M","M","R","?","R","BOSS"],"build_version":"2019-01-23","purchased_purges":0,"victory":false,"max_hp_per_floor":[66,66,66,66,66,66,66,66,66,66,66,66,66,66,66,66],"card_choices":[{"not_picked":["Backflip","Outmaneuver"],"picked":"Deadly Poison","floor":1.0},{"not_picked":["Leg Sweep","Quick Slash"],"picked":"All Out Attack","floor":3.0},{"not_picked":["Outmaneuver","Prepared","Finisher"],"picked":"SKIP","floor":5.0},{"not_picked":["Reflex","Storm of Steel"],"picked":"Flying Knee","floor":7.0},{"not_picked":["Deflect","Outmaneuver","Endless Agony"],"picked":"SKIP","floor":10.0},{"not_picked":["Concentrate","Accuracy"],"picked":"Bane","floor":11.0},{"not_picked":["Deadly Poison","Tactician"],"picked":"Backflip","floor":12.0}],"player_experience":669627,"relics_obtained":[{"floor":4.0,"key":"Sundial"},{"floor":9.0,"key":"Lantern"},{"floor":10.0,"key":"Du-Vu Doll"}],"event_choices":[{"damage_healed":0.0,"max_hp_gain":0.0,"max_hp_loss":0.0,"gold_gain":0.0,"event_name":"The Woman in Blue","player_choice":"Bought 1 Potion","floor":2.0,"gold_loss":0.0,"damage_taken":0.0},{"damage_healed":0.0,"max_hp_gain":0.0,"max_hp_loss":0.0,"gold_gain":0.0,"event_name":"Upgrade Shrine","player_choice":"Upgraded","floor":14.0,"gold_loss":0.0,"damage_taken":0.0,"cards_upgraded":["Deadly Poison"]}],"is_beta":false,"boss_relics":[],"items_purged_floors":[],"is_endless":false,"potions_floor_spawned":[1,5,11],"killed_by":"Slime Boss","ascension_level":20}