{"gold_per_floor":[110,14,31,51,151,151,165,190,217,238,252,87,98,158,158,253,253,268,268,268,268,39,39,58,58,58,86,96,114,140,140],"floor_reached":31,"playtime":1327,"items_purged":["Strike_G","Defend_G"],"score":289,"play_id":"d4b7e80d-316b-4043-ada8-aab334683c71","local_time":"20190709222435","is_ascension_mode":true,"campfire_choices":[{"floor":6,"key":"REST"},{"floor":15,"key":"REST"},{"data":"Footwork","floor":23,"key":"SMITH"},{"data":"Infinite Blades","floor":25,"key":"SMITH"}],"neow_cost":"PERCENT_DAMAGE","seed_source_timestamp":16247321714849,"circlet_count":0,"master_deck":["Strike_G","Strike_G","Strike_G","Strike_G","Defend_G","Defend_G","Defend_G","Defend_G","Survivor","Neutralize","Slice","Backstab","Prepared","Dodge and Roll","Masterful Stab","Cloak And Dagger","Masterful Stab","Dash","Footwork+1","Dramatic Entrance","Prepared","Burst","Dagger Spray+1","Infinite Blades+1","Deflect","Calculated Gamble","Backflip+1","Setup+1"],"relics":["Ring of the Snake","Anchor","Potion Belt","Odd Mushroom","Pen Nib","White Beast Statue","Dodecahedron","Toxic Egg 2","Du-Vu Doll","Oddly Smooth Stone"],"potions_floor_usage":[14,16,16,16,29],"damage_taken":[{"damage":5,"enemies":"Cultist","floor":1,"turns":6},{"damage":0,"enemies":"Small Slimes","floor":3,"turns":3},{"damage":0,"enemies":"2 Louse","floor":4,"turns":3},{"damage":2,"enemies":"Exordium Thugs","floor":7,"turns":5},{"damage":4,"enemies":"3 Sentries","floor":8,"turns":10},{"damage":14,"enemies":"The Mushroom Lair","floor":10,"turns":5},{"damage":0,"enemies":"2 Fungi Beasts","floor":11,"turns":3},{"damage":0,"enemies":"Gremlin Gang","floor":13,"turns":4},{"damage":18,"enemies":"Gremlin Nob","floor":14,"turns":4},{"damage":53,"enemies":"Slime Boss","floor":16,"turns":25},{"damage":3,"enemies":"Shell Parasite","floor":18,"turns":5},{"damage":0,"enemies":"2 Thieves","floor":24,"turns":3},{"damage":37,"enemies":"Book of Stabbing","floor":27,"turns":8},{"damage":2,"enemies":"Snecko","floor":28,"turns":7},{"damage":3,"enemies":"Sentry and Sphere","floor":29,"turns":5},{"damage":34,"enemies":"Slavers","floor":30,"turns":9},{"damage":7,"enemies":"3 Cultists","floor":31,"turns":2}],"seed_played":"-7376134984774461817","potions_obtained":[{"floor":7,"key":"EssenceOfSteel"},{"floor":8,"key":"Regen Potion"},{"floor":10,"key":"SkillPotion"},{"floor":11,"key":"Weak Potion"},{"floor":18,"key":"SkillPotion"},{"floor":24,"key":"SneckoOil"},{"floor":27,"key":"Swift Potion"},{"floor":28,"key":"Regen Potion"},{"floor":29,"key":"SpeedPotion"},{"floor":30,"key":"Strength Potion"}],"is_trial":false,"path_per_floor":["M","$","M","M","?","R","M","E","T","?","M","$","M","?","R","B",null,"M","?","?","?","$","R","M","R","T","E","M","M","E","M"],"character_chosen":"THE_SILENT","items_purchased":["Backstab","Prepared","Dramatic Entrance","Infinite Blades","Deflect"],"campfire_rested":2,"item_purchase_floors":[2,2,12,22,22],"current_hp_per_floor":[58,58,58,58,58,83,81,77,77,63,63,63,63,45,70,32,84,81,81,81,81,81,81,81,81,81,44,42,39,5,0],"gold":140,"neow_bonus":"TWENTY_PERCENT_HP_BONUS","is_prod":false,"is_daily":false,"chose_seed":false,"campfire_upgraded":2,"win_rate":0,"timestamp":1562736275,"path_taken":["M","?","?","M","?","R","?","E","T","?","M","$","M","?","R","BOSS","M","?","?","?","$","R","M","R","T","E","M","M","E","M"],"build_version":"2019-07-05","purchased_purges":2,"victory":false,"max_hp_per_floor":[84,84,84,84,84,84,84,84,84,84,84,84,84,84,84,84,84,84,84,84,84,84,84,84,84,84,84,84,84,84,84],"card_choices":[{"not_picked":["Well Laid Plans","PiercingWail"],"picked":"Slice","floor":1},{"not_picked":["Concentrate","Masterful Stab"],"picked":"Dodge and Roll","floor":3},{"not_picked":["Poisoned Stab","Outmaneuver"],"picked":"Masterful Stab","floor":4},{"not_picked":["Reflex","Masterful Stab"],"picked":"Cloak And Dagger","floor":7},{"not_picked":["Adrenaline","Backflip"],"picked":"Masterful Stab","floor":8},{"not_picked":["Outmaneuver","Calculated Gamble"],"picked":"Dash","floor":10},{"not_picked":["Deadly Poison","Outmaneuver"],"picked":"Footwork","floor":11},{"not_picked":["Deadly Poison","Bullet Time"],"picked":"Prepared","floor":13},{"not_picked":["Night Terror","Adrenaline"],"picked":"Burst","floor":16},{"not_picked":["Catalyst","Outmaneuver"],"picked":"Dagger Spray+1","floor":18},{"not_picked":["Deadly Poison","Terror"],"picked":"Calculated Gamble","floor":24},{"not_picked":["Prepared+1","Slice"],"picked":"Backflip+1","floor":27},{"not_picked":["Bane","Prepared+1","Choke"],"picked":"SKIP","floor":28},{"not_picked":["Deadly Poison+1","Expertise+1","Wraith Form v2"],"picked":"SKIP","floor":29},{"not_picked":["Well Laid Plans+1","Underhanded Strike"],"picked":"Setup+1","floor":30}],"player_experience":285088,"relics_obtained":[{"floor":8,"key":"Anchor"},{"floor":9,"key":"Potion Belt"},{"floor":10,"key":"Odd Mushroom"},{"floor":14,"key":"Pen Nib"},{"floor":26,"key":"Toxic Egg 2"},{"floor":27,"key":"Du-Vu Doll"},{"floor":30,"key":"Oddly Smooth Stone"}],"event_choices":[{"damage_healed":0,"gold_gain":100,"player_choice":"Pray","damage_taken":0,"max_hp_gain":0,"max_hp_loss":0,"event_name":"Golden Shrine","floor":5,"gold_loss":0},{"damage_healed":0,"gold_gain":0,"player_choice":"Fought Mushrooms","damage_taken":0,"max_hp_gain":0,"max_hp_loss":0,"event_name":"Mushrooms","floor":10,"gold_loss":0},{"damage_healed":0,"gold_gain":30,"player_choice":"Searched \u00272\u0027 times","damage_taken":0,"max_hp_gain":0,"max_hp_loss":0,"event_name":"Dead Adventurer","floor":14,"gold_loss":0},{"damage_healed":0,"gold_gain":0,"player_choice":"Opened","damage_taken":0,"relics_obtained":["Dodecahedron"],"max_hp_gain":0,"max_hp_loss":0,"event_name":"The Mausoleum","floor":19,"gold_loss":0,"cards_obtained":["Writhe"]},{"cards_removed":["Writhe"],"damage_healed":0,"gold_gain":0,"player_choice":"Elegance","damage_taken":0,"max_hp_gain":0,"max_hp_loss":0,"event_name":"Back to Basics","floor":20,"gold_loss":0},{"damage_healed":0,"gold_gain":0,"player_choice":"Ignored","damage_taken":0,"max_hp_gain":0,"max_hp_loss":0,"event_name":"NoteForYourself","floor":21,"gold_loss":0}],"is_beta":false,"boss_relics":[{"not_picked":["Orrery","Ring of the Serpent"],"picked":"White Beast Statue"}],"items_purged_floors":[12,22],"is_endless":false,"potions_floor_spawned":[7,8,10,11,18,24,27,28,29,30],"killed_by":"3 Cultists","ascension_level":1}