{"gold_per_floor":[109,122,133,153,253,253,281,299,326,343,70,70,70,82,82,177,177,132,132,132,132,31,31,31,31,31,31,31,31,0,0,0,0],"floor_reached":33,"playtime":1085,"items_purged":[],"score":269,"play_id":"fa5d46f7-a5bb-4a29-a38f-bb6d882726db","local_time":"20181203144420","is_ascension_mode":false,"campfire_choices":[{"data":"Bash","floor":6,"key":"SMITH"},{"data":"Armaments","floor":15,"key":"SMITH"},{"data":"Demon Form","floor":23,"key":"SMITH"},{"data":"Double Tap","floor":25,"key":"SMITH"},{"floor":32,"key":"REST"}],"neow_cost":"NONE","seed_source_timestamp":174032715332046,"circlet_count":0,"master_deck":["Strike_R","Strike_R","Strike_R","Strike_R","Strike_R","Defend_R","Defend_R","Defend_R","Defend_R","Bash+1","Metallicize","Flex","Iron Wave","Armaments+1","Flex","Twin Strike","Double Tap+1","Demon Form+1","Fire Breathing+1","Metallicize+1","Anger","Thunderclap","Clothesline","Limit Break","Flex+1","Spot Weakness"],"relics":["Burning Blood","Gremlin Horn","Bag of Preparation","Brimstone","CultistMask","Ectoplasm","Mummified Hand","Vajra"],"potions_floor_usage":[8,16,31,33],"damage_taken":[{"damage":2,"enemies":"Small Slimes","floor":1,"turns":4},{"damage":1,"enemies":"Cultist","floor":2,"turns":5},{"damage":3,"enemies":"2 Louse","floor":3,"turns":4},{"damage":16,"enemies":"Lots of Slimes","floor":4,"turns":6},{"damage":28,"enemies":"Gremlin Nob","floor":7,"turns":4},{"damage":6,"enemies":"Exordium Thugs","floor":8,"turns":6},{"damage":0,"enemies":"3 Louse","floor":10,"turns":3},{"damage":12,"enemies":"Large Slime","floor":14,"turns":4},{"damage":55,"enemies":"The Guardian","floor":16,"turns":9},{"damage":8,"enemies":"2 Thieves","floor":18,"turns":4},{"damage":34,"enemies":"3 Byrds","floor":20,"turns":4},{"damage":11,"enemies":"Centurion and Healer","floor":21,"turns":5},{"damage":48,"enemies":"Slavers","floor":27,"turns":3},{"damage":2,"enemies":"Snecko","floor":28,"turns":3},{"damage":16,"enemies":"Snake Plant","floor":31,"turns":2},{"damage":75,"enemies":"Automaton","floor":33,"turns":6}],"seed_played":"-5944490005551999243","potions_obtained":[{"floor":1,"key":"Block Potion"},{"floor":3,"key":"LiquidBronze"},{"floor":27,"key":"BloodPotion"},{"floor":28,"key":"PowerPotion"}],"is_trial":false,"path_per_floor":["M","M","M","M","?","R","E","M","T","M","$","?","$","M","R","B",null,"M","?","M","M","$","R","$","R","T","E","M","$","?","M","R","B"],"character_chosen":"IRONCLAD","items_purchased":["Brimstone","Double Tap","Thunderclap","Clothesline"],"campfire_rested":1,"item_purchase_floors":[11,11,22,22],"current_hp_per_floor":[88,88,88,78,78,78,56,56,56,62,62,62,62,56,56,7,88,86,86,58,53,53,53,53,53,53,11,15,15,15,13,39,0],"gold":0,"neow_bonus":"TEN_PERCENT_HP_BONUS","is_prod":false,"is_daily":false,"chose_seed":false,"campfire_upgraded":4,"win_rate":0.0,"timestamp":1543866260,"path_taken":["M","M","M","M","?","R","E","?","T","M","$","?","$","?","R","BOSS","M","?","M","M","$","R","?","R","T","E","M","$","?","M","R","BOSS"],"build_version":"2018-11-15","purchased_purges":0,"victory":false,"max_hp_per_floor":[88,88,88,88,88,88,88,88,88,88,88,88,88,88,88,88,88,88,88,88,88,88,88,88,88,88,88,88,88,88,88,88,88],"card_choices":[{"not_picked":["Rupture","Corruption"],"picked":"Metallicize","floor":1},{"not_picked":["Seeing Red","Bloodletting","Anger"],"picked":"SKIP","floor":2},{"not_picked":["Thunderclap","Sword Boomerang"],"picked":"Flex","floor":3},{"not_picked":["Reckless Charge","Thunderclap"],"picked":"Iron Wave","floor":4},{"not_picked":["Brutality","Searing Blow"],"picked":"Armaments","floor":7},{"not_picked":["Headbutt","Perfected Strike"],"picked":"Flex","floor":8},{"not_picked":["Body Slam","Warcry"],"picked":"Twin Strike","floor":10},{"not_picked":["True Grit","Rupture","Second Wind"],"picked":"SKIP","floor":14},{"not_picked":["Dark Embrace","Bludgeon"],"picked":"Demon Form","floor":16},{"not_picked":["True Grit+1","Second Wind"],"picked":"Fire Breathing+1","floor":18},{"not_picked":["Body Slam","Dual Wield"],"picked":"Metallicize+1","floor":20},{"not_picked":["Hemokinesis+1","Armaments"],"picked":"Anger","floor":21},{"not_picked":["Offering","Anger"],"picked":"Limit Break","floor":27},{"not_picked":["Bloodletting","Flame Barrier"],"picked":"Flex+1","floor":28},{"not_picked":["Shrug It Off+1","Rage"],"picked":"Spot Weakness","floor":31}],"player_experience":479879,"relics_obtained":[{"floor":7,"key":"Gremlin Horn"},{"floor":9,"key":"Bag of Preparation"},{"floor":26,"key":"Mummified Hand"},{"floor":27,"key":"Vajra"}],"event_choices":[{"damage_healed":0,"gold_gain":100,"player_choice":"Pray","damage_taken":0,"max_hp_gain":0,"max_hp_loss":0,"event_name":"Golden Shrine","floor":5,"gold_loss":0},{"damage_healed":0,"gold_gain":0,"player_choice":"Trade","damage_taken":0,"relics_obtained":["CultistMask"],"max_hp_gain":0,"max_hp_loss":0,"event_name":"FaceTrader","floor":12,"gold_loss":0},{"damage_healed":0,"gold_gain":0,"player_choice":"Bought 0 Potions","damage_taken":0,"max_hp_gain":0,"max_hp_loss":0,"event_name":"The Woman in Blue","floor":19,"gold_loss":0},{"damage_healed":0,"gold_gain":0,"player_choice":"Paid Fearfully","damage_taken":0,"max_hp_gain":0,"max_hp_loss":0,"event_name":"Masked Bandits","floor":30,"gold_loss":31}],"is_beta":false,"boss_relics":[{"not_picked":["Runic Pyramid","White Beast Statue"],"picked":"Ectoplasm"}],"items_purged_floors":[],"is_endless":false,"potions_floor_spawned":[1,3,27,28],"killed_by":"Automaton","ascension_level":0}