{"gold_per_floor":[119,137,157,177,327,327,34,0,0,11,11,22,22,35,35,107,107,107,107,67],"floor_reached":20,"playtime":874,"items_purged":["Doubt"],"score":332,"play_id":"18eded40-0442-4d21-8882-8f08db165e13","local_time":"20190322201841","is_ascension_mode":true,"campfire_choices":[{"data":"Noxious Fumes","floor":6.0,"key":"SMITH"},{"data":"Neutralize","floor":11,"key":"SMITH"},{"data":"Caltrops","floor":15,"key":"SMITH"}],"neow_cost":"NONE","seed_source_timestamp":7884120071681576,"circlet_count":0,"master_deck":["AscendersBane","Defend_G","Defend_G","Defend_G","Defend_G","Defend_G","Strike_G","Strike_G","Strike_G","Strike_G","Strike_G","Survivor","Neutralize+1","Predator","Caltrops+1","Backstab","Noxious Fumes+1","Escape Plan","Bouncing Flask","Corpse Explosion","Heel Hook+1","Cloak And Dagger"],"special_seed":0,"relics":["Ring of the Snake","Happy Flower","MealTicket","Ectoplasm","Bird Faced Urn","Gremlin Horn"],"potions_floor_usage":[10,19,19],"damage_taken":[{"damage":1.0,"enemies":"Cultist","floor":1.0,"turns":4.0},{"damage":2.0,"enemies":"Jaw Worm","floor":2.0,"turns":4.0},{"damage":0.0,"enemies":"2 Louse","floor":3.0,"turns":3.0},{"damage":19.0,"enemies":"Exordium Thugs","floor":4.0,"turns":4.0},{"damage":6,"enemies":"Looter","floor":10,"turns":2},{"damage":6,"enemies":"Exordium Wildlife","floor":12,"turns":4},{"damage":1,"enemies":"2 Fungi Beasts","floor":14,"turns":4},{"damage":9,"enemies":"Hexaghost","floor":16,"turns":8},{"damage":13,"enemies":"3 Byrds","floor":18,"turns":3},{"damage":19,"enemies":"Colosseum Slavers","floor":19,"turns":3},{"damage":11,"enemies":"Colosseum Nobs","floor":19,"turns":3},{"damage":17,"enemies":"2 Thieves","floor":20,"turns":1}],"seed_played":"-2673942218023661606","potions_obtained":[{"floor":3.0,"key":"EntropicBrew"},{"floor":10,"key":"SkillPotion"},{"floor":12,"key":"SteroidPotion"}],"is_trial":false,"path_per_floor":["M","M","M","M","?","R","$","?","T","M","R","M","$","M","R","B",null,"M","?","M"],"character_chosen":"THE_SILENT","items_purchased":["MealTicket"],"campfire_rested":0,"item_purchase_floors":[7],"current_hp_per_floor":[58,56,56,37,37,37,37,37,37,31,31,25,40,39,39,30,57,44,14,0],"gold":67,"neow_bonus":"RANDOM_COMMON_RELIC","is_prod":false,"is_daily":false,"chose_seed":false,"campfire_upgraded":3,"win_rate":0,"timestamp":1553300321,"path_taken":["M","M","?","?","?","R","$","?","T","M","R","M","$","M","R","BOSS","M","?","M"],"build_version":"2019-01-23","purchased_purges":1,"victory":false,"max_hp_per_floor":[66,66,66,66,66,66,66,66,66,66,66,66,66,66,66,66,66,66,66,66],"card_choices":[{"not_picked":["Dagger Throw","PiercingWail"],"picked":"Predator","floor":1.0},{"not_picked":["Dagger Throw","Underhanded Strike"],"picked":"Caltrops","floor":2.0},{"not_picked":["Distraction","Underhanded Strike"],"picked":"Backstab","floor":3.0},{"not_picked":["Tactician","Setup"],"picked":"Noxious Fumes","floor":4.0},{"not_picked":["Endless Agony","Outmaneuver"],"picked":"Escape Plan","floor":10},{"not_picked":["Grand Finale","Deflect","Masterful Stab"],"picked":"SKIP","floor":12},{"not_picked":["Bane","Slice"],"picked":"Bouncing Flask","floor":14},{"not_picked":["Bullet Time","Doppelganger"],"picked":"Corpse Explosion","floor":16},{"not_picked":["Endless Agony","Prepared"],"picked":"Heel Hook+1","floor":18},{"not_picked":["Dodge and Roll","Dagger Spray"],"picked":"Cloak And Dagger","floor":19}],"player_experience":596631,"relics_obtained":[{"floor":19,"key":"Bird Faced Urn"},{"floor":19,"key":"Gremlin Horn"}],"event_choices":[{"damage_healed":0.0,"max_hp_gain":0.0,"max_hp_loss":0.0,"gold_gain":150.0,"event_name":"Liars Game","player_choice":"AGREE","floor":5.0,"gold_loss":0.0,"damage_taken":0.0,"cards_obtained":["Doubt"]},{"damage_healed":0.0,"max_hp_gain":0.0,"max_hp_loss":0.0,"gold_gain":0.0,"event_name":"World of Goop","player_choice":"Left Gold","floor":8.0,"gold_loss":34.0,"damage_taken":0.0},{"damage_healed":0,"gold_gain":0,"player_choice":"Fight","damage_taken":0,"max_hp_gain":0,"max_hp_loss":0,"event_name":"Colosseum","floor":19,"gold_loss":0},{"damage_healed":0,"gold_gain":0,"player_choice":"Fought Nobs","damage_taken":0,"max_hp_gain":0,"max_hp_loss":0,"event_name":"Colosseum","floor":19,"gold_loss":0}],"is_beta":false,"boss_relics":[{"not_picked":["HoveringKite","Cursed Key"],"picked":"Ectoplasm"}],"items_purged_floors":[7],"is_endless":false,"potions_floor_spawned":[3,10,12,16,18],"killed_by":"2 Thieves","ascension_level":20}