{"gold_per_floor":[114,114,39,39,53,91,91,127,153,186,209,252,80,113,113,113],"floor_reached":16,"playtime":414,"items_purged":[],"score":302,"play_id":"07929488-7bba-4288-a450-f7b8b901f09f","local_time":"20190702205942","is_ascension_mode":true,"campfire_choices":[{"floor":15,"key":"REST"}],"neow_cost":"NONE","seed_source_timestamp":5733451438041823,"circlet_count":0,"master_deck":["AscendersBane","Strike_G","Strike_G","Strike_G","Strike_G","Defend_G","Defend_G","Defend_G","Defend_G+1","Defend_G","Survivor+1","Neutralize","Backstab+1","Deflect","Bane","Masterful Stab","Dagger Spray","Malaise","Backstab"],"relics":["Ring of the Snake","NeowsBlessing","Golden Idol","War Paint","PreservedInsect","Bronze Scales","WingedGreaves","Boot","Odd Mushroom"],"potions_floor_usage":[8,10,16],"damage_taken":[{"damage":0,"enemies":"Cultist","floor":1,"turns":1},{"damage":0,"enemies":"2 Louse","floor":5,"turns":1},{"damage":0,"enemies":"Lagavulin","floor":6,"turns":1},{"damage":17,"enemies":"3 Sentries","floor":8,"turns":14},{"damage":12,"enemies":"Lagavulin","floor":10,"turns":5},{"damage":4,"enemies":"Small Slimes","floor":11,"turns":2},{"damage":11,"enemies":"3 Sentries","floor":12,"turns":5},{"damage":1,"enemies":"The Mushroom Lair","floor":14,"turns":3},{"damage":33,"enemies":"Slime Boss","floor":16,"turns":7}],"seed_played":"6229038401030489682","potions_obtained":[{"floor":5,"key":"Swift Potion"},{"floor":6,"key":"Dexterity Potion"},{"floor":8,"key":"Fire Potion"},{"floor":12,"key":"SpeedPotion"}],"is_trial":false,"path_per_floor":["M","?","?","?","M","E","?","E","T","E","M","E","$","?","R","B"],"character_chosen":"THE_SILENT","items_purchased":["Malaise"],"campfire_rested":1,"item_purchase_floors":[13],"current_hp_per_floor":[59,59,59,59,59,59,59,42,42,30,26,15,15,14,32,0],"gold":113,"neow_bonus":"THREE_ENEMY_KILL","is_prod":false,"is_daily":false,"chose_seed":false,"campfire_upgraded":0,"win_rate":0,"timestamp":1562115582,"path_taken":["M","?","?","?","M","E","?","E","T","E","M","E","$","?","R","BOSS"],"build_version":"2019-07-01","purchased_purges":0,"victory":false,"max_hp_per_floor":[66,66,66,60,60,60,60,60,60,60,60,60,60,60,60,60],"card_choices":[{"not_picked":["PiercingWail","Sucker Punch"],"picked":"Backstab","floor":1},{"not_picked":["Eviscerate","Prepared"],"picked":"Deflect","floor":5},{"not_picked":["Flechettes","Dodge and Roll"],"picked":"Bane","floor":6},{"not_picked":["Blade Dance","Escape Plan"],"picked":"Masterful Stab","floor":8},{"not_picked":["Deflect","Tools of the Trade","Prepared"],"picked":"SKIP","floor":10},{"not_picked":["Poisoned Stab","Setup"],"picked":"Dagger Spray","floor":11},{"not_picked":["Deflect","Accuracy","Burst"],"picked":"SKIP","floor":12},{"not_picked":["Bane","Flying Knee"],"picked":"Backstab","floor":14}],"player_experience":843568,"relics_obtained":[{"floor":6,"key":"War Paint"},{"floor":8,"key":"PreservedInsect"},{"floor":9,"key":"Bronze Scales"},{"floor":10,"key":"WingedGreaves"},{"floor":12,"key":"Boot"},{"floor":14,"key":"Odd Mushroom"}],"event_choices":[{"damage_healed":0,"gold_gain":0,"player_choice":"Ignored","damage_taken":0,"max_hp_gain":0,"max_hp_loss":0,"event_name":"Shining Light","floor":2,"gold_loss":0},{"cards_removed":["Strike_G"],"damage_healed":0,"gold_gain":0,"player_choice":"Card Removal","damage_taken":0,"max_hp_gain":0,"max_hp_loss":0,"event_name":"The Cleric","floor":3,"gold_loss":75},{"damage_healed":0,"gold_gain":0,"player_choice":"Lose Max HP","damage_taken":0,"relics_obtained":["Golden Idol"],"max_hp_gain":0,"max_hp_loss":6,"event_name":"Golden Idol","floor":4,"gold_loss":0},{"damage_healed":0,"gold_gain":0,"player_choice":"Grow","damage_taken":0,"max_hp_gain":0,"max_hp_loss":0,"event_name":"Living Wall","floor":7,"gold_loss":0,"cards_upgraded":["Backstab"]},{"damage_healed":0,"gold_gain":0,"player_choice":"Fought Mushrooms","damage_taken":0,"max_hp_gain":0,"max_hp_loss":0,"event_name":"Mushrooms","floor":14,"gold_loss":0}],"is_beta":false,"boss_relics":[],"items_purged_floors":[],"is_endless":false,"potions_floor_spawned":[5,6,8,12],"killed_by":"Slime Boss","ascension_level":20}