{"gold_per_floor":[110,124,124,124,124,124,155,170,170,203,223,249,249,199,199,299,299,317,12,12,25,25,59,74,87,87,87,87,99,99,198,198,198],"floor_reached":33,"playtime":1600,"items_purged":[],"score":283,"play_id":"b3a26293-b769-4cc8-be2a-fe5460ab118e","local_time":"20180707132915","is_ascension_mode":false,"campfire_choices":[{"floor":6,"key":"REST"},{"floor":13,"key":"REST"},{"data":"Noxious Fumes","floor":15,"key":"SMITH"},{"floor":30,"key":"REST"},{"floor":32,"key":"REST"}],"neow_cost":"NONE","seed_source_timestamp":5878222184833280,"circlet_count":0,"master_deck":["Defend_G","Defend_G","Defend_G","Defend_G","Defend_G","Strike_G","Strike_G","Survivor","Neutralize","Dodge and Roll","Deadly Poison","Doppelganger","Corpse Explosion","Backflip","Noxious Fumes+1","Bane","A Thousand Cuts","Dodge and Roll","Poisoned Stab","Sucker Punch","Deadly Poison","Deadly Poison","Poisoned Stab+1"],"special_seed":17719,"relics":["Runic Pyramid","Dodecahedron","Blood Vial","Unceasing Top","Du-Vu Doll","Bag of Marbles","Lizard Tail","Mercury Hourglass","Ancient Tea Set","Bottled Flame","Nloth\u0027s Gift"],"potions_floor_usage":[],"damage_taken":[{"damage":0,"enemies":"Jaw Worm","floor":1,"turns":5},{"damage":0,"enemies":"Small Slimes","floor":2,"turns":4},{"damage":11,"enemies":"3 Sentries","floor":7,"turns":15},{"damage":3,"enemies":"2 Louse","floor":8,"turns":3},{"damage":14,"enemies":"Gremlin Nob","floor":10,"turns":5},{"damage":0,"enemies":"Blue Slaver","floor":11,"turns":5},{"damage":6,"enemies":"3 Sentries","floor":12,"turns":4},{"damage":25,"enemies":"Slime Boss","floor":16,"turns":12},{"damage":27,"enemies":"2 Thieves","floor":18,"turns":4},{"damage":7,"enemies":"Spheric Guardian","floor":21,"turns":5},{"damage":56,"enemies":"Book of Stabbing","floor":23,"turns":8},{"damage":6,"enemies":"Snake Plant","floor":24,"turns":5},{"damage":7,"enemies":"Chosen and Byrds","floor":25,"turns":6},{"damage":0,"enemies":"Sentry and Sphere","floor":29,"turns":3},{"damage":61,"enemies":"Champ","floor":33,"turns":13}],"seed_played":"-5610983590349585426","potions_obtained":[{"floor":7,"key":"Explosive Potion"},{"floor":10,"key":"SpeedPotion"},{"floor":12,"key":"AttackPotion"}],"is_trial":false,"path_per_floor":["M","M","?","$","?","R","E","M","T","E","M","E","R","?","R","B",null,"M","$","?","M","?","E","M","M","T","?","$","M","R","?","R"],"character_chosen":"THE_SILENT","items_purchased":["Mercury Hourglass","Poisoned Stab"],"campfire_rested":4,"item_purchase_floors":[19,19],"current_hp_per_floor":[70,70,70,70,52,70,59,58,58,46,48,44,65,65,65,42,70,43,43,43,38,38,19,15,10,10,10,10,12,33,33,54,0],"gold":198,"neow_bonus":"BOSS_RELIC","is_prod":false,"is_daily":false,"chose_seed":false,"campfire_upgraded":1,"win_rate":0.0,"timestamp":1530984555,"path_taken":["M","M","?","$","?","R","E","M","T","E","M","E","R","?","R","BOSS","M","$","?","M","?","E","?","M","T","?","$","?","R","?","R","BOSS"],"build_version":"2018-07-05","purchased_purges":0,"victory":false,"max_hp_per_floor":[70,70,70,70,70,70,70,70,70,70,70,70,70,70,70,70,70,70,70,70,70,70,70,70,70,70,70,70,70,70,70,70,70],"card_choices":[{"not_picked":["Dagger Spray","Heel Hook"],"picked":"Dodge and Roll","floor":1},{"not_picked":["Prepared","Leg Sweep"],"picked":"Deadly Poison","floor":2},{"not_picked":["Reflex","Masterful Stab"],"picked":"Corpse Explosion","floor":7},{"not_picked":["Prepared","Masterful Stab"],"picked":"Backflip","floor":8},{"not_picked":["Heel Hook","Reflex"],"picked":"Noxious Fumes","floor":10},{"not_picked":["PiercingWail","Blur","Outmaneuver"],"picked":"SKIP","floor":11},{"not_picked":["A Thousand Cuts","Quick Slash"],"picked":"Bane","floor":12},{"not_picked":["Unload","Venomology"],"picked":"A Thousand Cuts","floor":16},{"not_picked":["Underhanded Strike","Blur"],"picked":"Dodge and Roll","floor":18},{"not_picked":["Backstab","Dagger Spray+1"],"picked":"Sucker Punch","floor":21},{"not_picked":["Dagger Throw","Wraith Form v2"],"picked":"Deadly Poison","floor":23},{"not_picked":["Backstab+1","Calculated Gamble","All Out Attack"],"picked":"SKIP","floor":24},{"not_picked":["Deflect","Acrobatics"],"picked":"Deadly Poison","floor":25},{"not_picked":["Wraith Form v2","Tools of the Trade"],"picked":"Poisoned Stab+1","floor":29}],"player_experience":81499,"relics_obtained":[{"floor":7,"key":"Blood Vial"},{"floor":9,"key":"Unceasing Top"},{"floor":10,"key":"Du-Vu Doll"},{"floor":12,"key":"Bag of Marbles"},{"floor":23,"key":"Ancient Tea Set"},{"floor":26,"key":"Bottled Flame"}],"event_choices":[{"event_name":"Living Wall","player_choice":"Change","floor":3,"damage_taken":0},{"event_name":"Scrap Ooze","player_choice":"success","floor":5,"damage_taken":18},{"event_name":"The Cleric","player_choice":"Card Removal","floor":14,"damage_taken":0},{"event_name":"Purifier","player_choice":"One Purge","floor":20,"damage_taken":0},{"event_name":"FaceTrader","player_choice":"Trade","floor":22,"damage_taken":0},{"event_name":"N\u0027loth","player_choice":"Traded a GremlinMask","floor":27,"damage_taken":0},{"event_name":"Nest","player_choice":"Stole From Cult","floor":31,"damage_taken":0}],"boss_relics":[{"not_picked":["Philosopher\u0027s Stone","White Beast Statue"],"picked":"Lizard Tail"}],"items_purged_floors":[],"is_endless":false,"potions_floor_spawned":[7,10,12,21,25,29],"killed_by":"Champ","ascension_level":0}