{"gold_per_floor":[117,117,117,129,204,234,249,269,269,300,300,310,310,344,344,418,418,435,181,280,280,280,280,280],"floor_reached":24,"playtime":856,"items_purged":[],"score":391,"play_id":"14e22ef4-3027-4c36-a4c5-65659994e717","local_time":"20180725195227","is_ascension_mode":true,"campfire_choices":[{"data":"Zap","floor":11.0,"key":"SMITH"},{"floor":13.0,"key":"REST"},{"data":"Go for the Eyes","floor":15.0,"key":"SMITH"},{"data":"Creative AI","floor":23.0,"key":"SMITH"}],"neow_cost":"NONE","seed_source_timestamp":0,"circlet_count":0,"master_deck":["Strike_B","Strike_B","Strike_B","Strike_B","Defend_B","Defend_B","Defend_B","Defend_B","Zap+1","Dualcast","AscendersBane","Ball Lightning","Coolheaded","Go for the Eyes+1","Self Repair","Conserve Battery","Loop","Creative AI+1","Cold Snap","Leap"],"special_seed":0,"relics":["Cracked Core","NeowsBlessing","Calipers","Meat on the Bone","Bottled Lightning","Turnip","Eternal Feather","Runic Capacitor"],"potions_floor_usage":[24],"damage_taken":[{"damage":0.0,"enemies":"Small Slimes","floor":1.0,"turns":1.0},{"damage":0.0,"enemies":"2 Louse","floor":4.0,"turns":1.0},{"damage":0.0,"enemies":"Gremlin Nob","floor":6.0,"turns":1.0},{"damage":0.0,"enemies":"Cultist","floor":7.0,"turns":3.0},{"damage":13.0,"enemies":"Exordium Wildlife","floor":8.0,"turns":4.0},{"damage":31.0,"enemies":"Lagavulin","floor":10.0,"turns":6.0},{"damage":13.0,"enemies":"2 Fungi Beasts","floor":12.0,"turns":3.0},{"damage":22.0,"enemies":"3 Sentries","floor":14.0,"turns":9.0},{"damage":44.0,"enemies":"Slime Boss","floor":16.0,"turns":12.0},{"damage":22.0,"enemies":"Spheric Guardian","floor":18.0,"turns":6.0},{"damage":71,"enemies":"Gremlin Leader","floor":24,"turns":9}],"seed_played":"2239556753654882979","potions_obtained":[{"floor":7.0,"key":"Poison Potion"},{"floor":12.0,"key":"SpeedPotion"},{"floor":14.0,"key":"Strength Potion"},{"floor":18.0,"key":"Strength Potion"}],"is_trial":false,"path_per_floor":["M","?","?","M","?","E","M","M","T","E","R","M","R","E","R","B",null,"M","$","?","?","?","R"],"character_chosen":"DEFECT","items_purchased":["Runic Capacitor","Leap"],"campfire_rested":1,"item_purchase_floors":[19,19],"current_hp_per_floor":[68,68,68,68,57,57,57,44,44,25,25,31,53,50,50,25,63,48,48,48,48,48,60,0],"gold":280,"neow_bonus":"THREE_ENEMY_KILL","is_prod":false,"is_daily":false,"chose_seed":false,"campfire_upgraded":3,"win_rate":0,"timestamp":1532562747,"path_taken":["M","?","?","?","?","E","M","M","T","E","R","M","R","E","R","BOSS","M","$","?","?","?","R","E"],"build_version":"2018-07-19v2","purchased_purges":0,"victory":false,"max_hp_per_floor":[75,75,75,75,75,75,75,75,75,75,75,75,75,75,75,75,75,75,75,75,75,75,75,75],"card_choices":[{"not_picked":["Compile Driver","Hologram"],"picked":"Ball Lightning","floor":1.0},{"not_picked":["Sweeping Beam","Beam Cell","Streamline"],"picked":"SKIP","floor":4.0},{"not_picked":["Barrage","Skim"],"picked":"Coolheaded","floor":6.0},{"not_picked":["Chill","Heatsinks","Lockon"],"picked":"SKIP","floor":7.0},{"not_picked":["Coolheaded","Gash"],"picked":"Go for the Eyes","floor":8.0},{"not_picked":["Self Repair","Cold Snap","BootSequence"],"picked":"SKIP","floor":10.0},{"not_picked":["Cold Snap","BootSequence"],"picked":"Self Repair","floor":10.0},{"not_picked":["Heatsinks","Consume"],"picked":"Conserve Battery","floor":12.0},{"not_picked":["White Noise","Fusion"],"picked":"Loop","floor":14.0},{"not_picked":["Fission","Machine Learning"],"picked":"Creative AI","floor":16.0},{"not_picked":["Force Field","Conserve Battery"],"picked":"Cold Snap","floor":18.0}],"player_experience":162738,"relics_obtained":[{"floor":6.0,"key":"Calipers"},{"floor":9.0,"key":"Meat on the Bone"},{"floor":10.0,"key":"Bottled Lightning"},{"floor":14.0,"key":"Turnip"}],"event_choices":[{"event_name":"Liars Game","player_choice":"disagreed","floor":2.0,"damage_taken":0.0},{"event_name":"Shining Light","player_choice":"Ignored","floor":3.0,"damage_taken":0.0},{"event_name":"World of Goop","player_choice":"Gather Gold","floor":5.0,"damage_taken":0.0},{"event_name":"Nest","player_choice":"Stole From Cult","floor":20.0,"damage_taken":0.0},{"event_name":"Vampires","player_choice":"Ignored","floor":21.0,"damage_taken":0.0},{"event_name":"Drug Dealer","player_choice":"Ignored","floor":22.0,"damage_taken":0.0}],"is_beta":false,"boss_relics":[{"not_picked":["Runic Pyramid","Fusion Hammer"],"picked":"Eternal Feather"}],"items_purged_floors":[],"is_endless":false,"potions_floor_spawned":[7,12,14,18],"killed_by":"Gremlin Leader","ascension_level":13}