{"gold_per_floor":[118,193,209,209,221,254,271,328,352,352,367,367,367,195,195,266,266,280,170,220,235,48,48,48,48,72,72],"floor_reached":27,"playtime":823,"items_purged":["Strike_B","Strike_B"],"score":538,"play_id":"89a0dce2-81e0-428c-96f1-3b83712367ca","local_time":"20190630190010","is_ascension_mode":true,"campfire_choices":[{"floor":13.0,"key":"REST"},{"data":"White Noise","floor":15.0,"key":"SMITH"},{"floor":23.0,"key":"REST"}],"neow_cost":"NONE","seed_source_timestamp":29868135020000,"circlet_count":0,"master_deck":["AscendersBane","Defend_B","Defend_B","Defend_B","Defend_B","Zap","Dualcast","Glacier+1","Gash","Sunder","White Noise+1","Ball Lightning","Chill","Core Surge","Ball Lightning","White Noise+1","Echo Form","Cold Snap","Gash","Self Repair","Gash","Necronomicurse"],"special_seed":0,"relics":["Cracked Core","Dream Catcher","Lantern","Tiny Chest","Juzu Bracelet","Inserter","Necronomicon","Bag of Preparation"],"potions_floor_usage":[27],"damage_taken":[{"damage":4.0,"enemies":"Small Slimes","floor":1.0,"turns":3.0},{"damage":0.0,"enemies":"2 Louse","floor":3.0,"turns":2.0},{"damage":1.0,"enemies":"Cultist","floor":5.0,"turns":3.0},{"damage":20.0,"enemies":"Lagavulin","floor":6.0,"turns":9.0},{"damage":0.0,"enemies":"3 Louse","floor":7.0,"turns":1.0},{"damage":10.0,"enemies":"3 Sentries","floor":8.0,"turns":2.0},{"damage":0.0,"enemies":"2 Fungi Beasts","floor":11.0,"turns":1.0},{"damage":0.0,"enemies":"Slime Boss","floor":16.0,"turns":7.0},{"damage":34.0,"enemies":"3 Byrds","floor":18.0,"turns":6.0},{"damage":14.0,"enemies":"Shell Parasite","floor":21.0,"turns":9.0},{"damage":23,"enemies":"Book of Stabbing","floor":27,"turns":3}],"seed_played":"-2465677580520078119","potions_obtained":[{"floor":1.0,"key":"Explosive Potion"},{"floor":3.0,"key":"FearPotion"},{"floor":8.0,"key":"Weak Potion"},{"floor":21.0,"key":"Explosive Potion"}],"is_trial":false,"path_per_floor":["M","?","M","?","M","E","M","E","T","?","M","?","R","$","R","B",null,"M","?","?","M","$","R","?","$","T","E"],"character_chosen":"DEFECT","items_purchased":["Ball Lightning","White Noise","Self Repair"],"campfire_rested":2,"item_purchase_floors":[14,14,22],"current_hp_per_floor":[60,49,49,49,48,28,28,18,18,18,18,18,39,39,39,39,63,29,29,29,15,15,36,15,15,15,0],"gold":72,"neow_bonus":"RANDOM_COMMON_RELIC","is_prod":false,"is_daily":false,"chose_seed":false,"campfire_upgraded":1,"win_rate":0,"timestamp":1561917610,"path_taken":["M","?","M","?","?","E","M","E","T","?","M","?","R","$","R","BOSS","M","?","?","M","$","R","?","?","T","E"],"build_version":"2019-01-23","purchased_purges":2,"victory":false,"max_hp_per_floor":[71,71,71,71,71,71,71,71,71,71,71,71,71,71,71,71,71,71,71,71,71,71,71,71,71,71,71],"card_choices":[{"not_picked":["Gash","Storm"],"picked":"Glacier","floor":1.0},{"not_picked":["Rip and Tear","Sunder"],"picked":"Gash","floor":3.0},{"not_picked":["Static Discharge","Coolheaded"],"picked":"White Noise","floor":5.0},{"not_picked":["Skim","Redo","Steam Power"],"picked":"SKIP","floor":6.0},{"not_picked":["Chill","Undo"],"picked":"Ball Lightning","floor":7.0},{"not_picked":["Barrage","Blizzard"],"picked":"Chill","floor":8.0},{"not_picked":["Stack","Recycle","Hologram"],"picked":"SKIP","floor":11.0},{"not_picked":["Beam Cell","Static Discharge"],"picked":"Core Surge","floor":13.0},{"not_picked":["Machine Learning","Rainbow"],"picked":"Echo Form","floor":16.0},{"not_picked":["Sweeping Beam","Loop"],"picked":"Cold Snap","floor":18.0},{"not_picked":["Hello World","FTL"],"picked":"Gash","floor":21.0},{"not_picked":["Leap","Barrage+1"],"picked":"Gash","floor":23.0}],"player_experience":1508415,"relics_obtained":[{"floor":6.0,"key":"Lantern"},{"floor":8.0,"key":"Tiny Chest"},{"floor":9.0,"key":"Juzu Bracelet"},{"floor":24.0,"key":"Necronomicon"},{"floor":26.0,"key":"Bag of Preparation"}],"event_choices":[{"damage_healed":0.0,"max_hp_gain":0.0,"max_hp_loss":0.0,"gold_gain":75.0,"event_name":"World of Goop","player_choice":"Gather Gold","floor":2.0,"gold_loss":0.0,"damage_taken":11.0},{"damage_healed":0.0,"max_hp_gain":0.0,"max_hp_loss":0.0,"gold_gain":0.0,"cards_transformed":["Strike_B"],"event_name":"Transmorgrifier","player_choice":"Transformed","floor":4.0,"gold_loss":0.0,"damage_taken":0.0,"cards_obtained":["Sunder"]},{"damage_healed":0.0,"max_hp_gain":0.0,"max_hp_loss":0.0,"gold_gain":0.0,"event_name":"Living Wall","player_choice":"Grow","floor":10.0,"gold_loss":0.0,"damage_taken":0.0,"cards_upgraded":["White Noise"]},{"damage_healed":0.0,"max_hp_gain":0.0,"max_hp_loss":0.0,"gold_gain":0.0,"event_name":"Scrap Ooze","player_choice":"Fled","floor":12.0,"gold_loss":0.0,"damage_taken":0.0},{"cards_removed":["Strike_B"],"damage_healed":0.0,"max_hp_gain":0.0,"max_hp_loss":0.0,"gold_gain":0.0,"event_name":"Designer","player_choice":"Upgrade and Remove","floor":19.0,"gold_loss":110.0,"damage_taken":0.0,"cards_upgraded":["Glacier"]},{"damage_healed":0.0,"max_hp_gain":0.0,"max_hp_loss":0.0,"gold_gain":50.0,"event_name":"Nest","player_choice":"Stole From Cult","floor":20.0,"gold_loss":0.0,"damage_taken":0.0},{"damage_healed":0.0,"max_hp_gain":0.0,"max_hp_loss":0.0,"gold_gain":0.0,"event_name":"Cursed Tome","player_choice":"Obtained Book","floor":24.0,"gold_loss":0.0,"damage_taken":21.0}],"is_beta":false,"boss_relics":[{"not_picked":["Eternal Feather","Ectoplasm"],"picked":"Inserter"}],"items_purged_floors":[14,22],"is_endless":false,"potions_floor_spawned":[1,3,6,8,21],"killed_by":"Book of Stabbing","ascension_level":20}