{"gold_per_floor":[110,11,11,22,34,69,85,85,85,112,112,129,129,139,139,235,235,218,16,16],"floor_reached":20,"playtime":833,"items_purged":["Strike_R"],"score":230,"play_id":"1b9f96b6-dec4-4f51-987c-3dcb1318f41f","local_time":"20190707203408","is_ascension_mode":true,"campfire_choices":[{"floor":8.0,"key":"REST"},{"floor":11,"key":"REST"},{"floor":15,"key":"REST"}],"neow_cost":"NONE","seed_source_timestamp":0,"circlet_count":0,"master_deck":["Strike_R","Strike_R","Strike_R","Strike_R","Defend_R","Defend_R","Defend_R","Defend_R","Bash","Clothesline","Body Slam","Shrug It Off","Regret","Burning Pact","True Grit","Armaments","Metallicize","Dropkick","Iron Wave","Demon Form"],"special_seed":0,"relics":["Burning Blood","PreservedInsect","Ginger","Bottled Lightning","Calipers","Snecko Eye","Membership Card"],"potions_floor_usage":[16,16],"damage_taken":[{"damage":4.0,"enemies":"Jaw Worm","floor":1.0,"turns":3.0},{"damage":3.0,"enemies":"2 Louse","floor":4.0,"turns":2.0},{"damage":3.0,"enemies":"Cultist","floor":5.0,"turns":3.0},{"damage":32.0,"enemies":"Gremlin Nob","floor":6.0,"turns":5.0},{"damage":10.0,"enemies":"3 Louse","floor":7.0,"turns":5.0},{"damage":49,"enemies":"Lagavulin","floor":10,"turns":10},{"damage":14,"enemies":"Exordium Wildlife","floor":12,"turns":8},{"damage":4,"enemies":"Blue Slaver","floor":14,"turns":4},{"damage":57,"enemies":"Hexaghost","floor":16,"turns":20},{"damage":33,"enemies":"2 Thieves","floor":18,"turns":4},{"damage":41,"enemies":"3 Byrds","floor":20,"turns":7}],"seed_played":"-2697708116631206354","potions_obtained":[{"floor":6.0,"key":"Explosive Potion"},{"floor":10,"key":"Dexterity Potion"},{"floor":12,"key":"Strength Potion"},{"floor":16,"key":"AttackPotion"},{"floor":18,"key":"GamblersBrew"}],"is_trial":false,"path_per_floor":["M","$","?","M","M","E","M","R","T","E","R","M","?","M","R","B",null,"M","$","M"],"character_chosen":"IRONCLAD","items_purchased":["Shrug It Off","Membership Card"],"campfire_rested":3,"item_purchase_floors":[2,19],"current_hp_per_floor":[80,80,80,80,80,54,50,74,74,31,55,47,47,49,73,22,66,39,39,0],"gold":16,"neow_bonus":"THREE_CARDS","is_prod":false,"is_daily":false,"chose_seed":false,"campfire_upgraded":0,"win_rate":0,"timestamp":1562556848,"path_taken":["M","$","?","M","M","E","M","R","T","E","R","M","?","M","R","BOSS","M","$","M"],"build_version":"2019-07-05","purchased_purges":1,"victory":false,"max_hp_per_floor":[80,80,80,80,80,80,80,80,80,80,80,80,80,80,80,80,80,80,80,80],"card_choices":[{"not_picked":["Twin Strike","Anger"],"picked":"Clothesline","floor":0.0},{"not_picked":["Anger","Cleave"],"picked":"Body Slam","floor":1.0},{"not_picked":["Hemokinesis","Sentinel"],"picked":"Burning Pact","floor":4.0},{"not_picked":["Twin Strike","Wild Strike"],"picked":"True Grit","floor":5.0},{"not_picked":["Iron Wave","True Grit"],"picked":"Armaments","floor":6.0},{"not_picked":["Warcry","Spot Weakness","Cleave"],"picked":"SKIP","floor":7.0},{"not_picked":["Sword Boomerang","Battle Trance"],"picked":"Metallicize","floor":10},{"not_picked":["Flex","Impervious"],"picked":"Dropkick","floor":12},{"not_picked":["Cleave","Twin Strike"],"picked":"Iron Wave","floor":14},{"not_picked":["Brutality","Fiend Fire"],"picked":"Demon Form","floor":16},{"not_picked":["Cleave","Clash+1","Reckless Charge"],"picked":"SKIP","floor":18}],"player_experience":279049,"relics_obtained":[{"floor":6.0,"key":"Ginger"},{"floor":9,"key":"Bottled Lightning"},{"floor":10,"key":"Calipers"}],"event_choices":[{"damage_healed":0.0,"max_hp_gain":0.0,"max_hp_loss":0.0,"gold_gain":0.0,"event_name":"Big Fish","player_choice":"Box","floor":3.0,"gold_loss":0.0,"damage_taken":0.0,"relics_obtained":["PreservedInsect"],"cards_obtained":["Regret"]},{"damage_healed":0,"gold_gain":0,"player_choice":"Searched \u00271\u0027 times","damage_taken":0,"max_hp_gain":0,"max_hp_loss":0,"event_name":"Dead Adventurer","floor":13,"gold_loss":0}],"is_beta":false,"boss_relics":[{"not_picked":["Tiny House","Runic Cube"],"picked":"Snecko Eye"}],"items_purged_floors":[2],"is_endless":false,"potions_floor_spawned":[6,10,12,14,16,18],"killed_by":"3 Byrds","ascension_level":5}