{"gold_per_floor":[110,122,134,134,50,81,97,122,122,122],"floor_reached":10,"playtime":345,"items_purged":[],"score":140,"play_id":"cdffa809-3919-4cbf-b333-b8e3a09b0340","local_time":"20190515193212","is_ascension_mode":true,"campfire_choices":[],"neow_cost":"NONE","seed_source_timestamp":1581883646996667,"circlet_count":0,"master_deck":["AscendersBane","Defend_G","Defend_G","Defend_G","Defend_G","Defend_G","Strike_G","Strike_G","Strike_G","Strike_G","Strike_G","Survivor","Neutralize","Dagger Spray","Blade Dance","Noxious Fumes","Injury","Dash","Cloak And Dagger","Envenom","Dash"],"relics":["Ring of the Snake","Bag of Preparation","Golden Idol","Dodecahedron","Ancient Tea Set"],"potions_floor_usage":[7,8],"damage_taken":[{"damage":0,"enemies":"Cultist","floor":1,"turns":3},{"damage":0,"enemies":"2 Louse","floor":2,"turns":2},{"damage":12,"enemies":"Jaw Worm","floor":3,"turns":5},{"damage":30,"enemies":"3 Sentries","floor":6,"turns":8},{"damage":4,"enemies":"Red Slaver","floor":7,"turns":4},{"damage":0,"enemies":"2 Fungi Beasts","floor":8,"turns":2},{"damage":15,"enemies":"Lots of Slimes","floor":10,"turns":2}],"seed_played":"-8991193458601587180","potions_obtained":[{"floor":2,"key":"Fire Potion"},{"floor":7,"key":"Fire Potion"},{"floor":8,"key":"EssenceOfSteel"}],"is_trial":false,"path_per_floor":["M","M","M","?","$","E","M","M","T","M"],"character_chosen":"THE_SILENT","items_purchased":["Dash"],"campfire_rested":0,"item_purchase_floors":[5],"current_hp_per_floor":[59,59,47,47,47,17,13,13,13,0],"gold":122,"neow_bonus":"RANDOM_COMMON_RELIC","is_prod":false,"is_daily":false,"chose_seed":false,"campfire_upgraded":0,"win_rate":0,"timestamp":1557963132,"path_taken":["M","?","M","?","$","E","M","M","T","M"],"build_version":"2019-01-23","purchased_purges":0,"victory":false,"max_hp_per_floor":[66,66,66,66,66,66,66,66,66,66],"card_choices":[{"not_picked":["Prepared","PiercingWail"],"picked":"Dagger Spray","floor":1},{"not_picked":["Expertise","PiercingWail"],"picked":"Blade Dance","floor":2},{"not_picked":["Underhanded Strike","Crippling Poison"],"picked":"Noxious Fumes","floor":3},{"not_picked":["Concentrate","Bane"],"picked":"Cloak And Dagger","floor":6},{"not_picked":["PiercingWail","Dagger Throw"],"picked":"Envenom","floor":7},{"not_picked":["PiercingWail","Flechettes"],"picked":"Dash","floor":8}],"player_experience":687105,"relics_obtained":[{"floor":6,"key":"Dodecahedron"},{"floor":9,"key":"Ancient Tea Set"}],"event_choices":[{"damage_healed":0,"gold_gain":0,"player_choice":"Take Wound","damage_taken":0,"relics_obtained":["Golden Idol"],"max_hp_gain":0,"max_hp_loss":0,"event_name":"Golden Idol","floor":4,"gold_loss":0,"cards_obtained":["Injury"]}],"is_beta":false,"boss_relics":[],"items_purged_floors":[],"is_endless":false,"potions_floor_spawned":[2,7,8],"killed_by":"Lots of Slimes","ascension_level":20}