{"gold_per_floor":[115,115,115,131,131,131,144,144,144,176,200,274,300,27,27,125,125,135,104,22,41,55,55,85,85,85,95,112,34,34,46,46,46],"floor_reached":33,"playtime":1346,"items_purged":[],"score":286,"play_id":"494649ed-6cc8-4f9d-9cb2-65ecc20a95a0","local_time":"20180803223756","is_ascension_mode":false,"campfire_choices":[{"data":"Neutralize","floor":6.0,"key":"SMITH"},{"data":"Deadly Poison","floor":8.0,"key":"SMITH"},{"data":"Infinite Blades","floor":15.0,"key":"SMITH"},{"data":"Accuracy","floor":23.0,"key":"SMITH"},{"data":"Accuracy","floor":32,"key":"SMITH"}],"neow_cost":"NONE","seed_source_timestamp":2339074654157783,"circlet_count":0,"master_deck":["Defend_G","Defend_G","Defend_G","Defend_G","Defend_G","Survivor","Neutralize+1","Deadly Poison+1","All Out Attack+1","Prepared","Dodge and Roll","Catalyst","Bouncing Flask","Slice+1","Infinite Blades+1","Malaise","Accuracy+1","Poisoned Stab+1","Accuracy+1","Dagger Spray+1","Cloak And Dagger+1","Poisoned Stab+1","Setup+1","Bite+1","Bite+1","Bite+1","Bite+1","Bite+1","Footwork","Quick Slash+1","Decay","Caltrops+1"],"special_seed":0,"relics":["Ring of the Snake","NeowsBlessing","Molten Egg 2","GremlinMask","MawBank","Darkstone Periapt","Lee\u0027s Waffle","Coffee Dripper","Snake Skull","Paper Crane"],"potions_floor_usage":[27,27,28,31,33],"damage_taken":[{"damage":0.0,"enemies":"Small Slimes","floor":1.0,"turns":1.0},{"damage":0.0,"enemies":"2 Louse","floor":4.0,"turns":1.0},{"damage":0.0,"enemies":"Jaw Worm","floor":7.0,"turns":1.0},{"damage":7.0,"enemies":"3 Louse","floor":10.0,"turns":4.0},{"damage":3.0,"enemies":"Large Slime","floor":11.0,"turns":7.0},{"damage":23.0,"enemies":"Lagavulin Event","floor":12.0,"turns":7.0},{"damage":0.0,"enemies":"Red Slaver","floor":13.0,"turns":3.0},{"damage":55.0,"enemies":"Hexaghost","floor":16.0,"turns":12.0},{"damage":0.0,"enemies":"Spheric Guardian","floor":18.0,"turns":2.0},{"damage":25.0,"enemies":"2 Thieves","floor":19.0,"turns":5.0},{"damage":10.0,"enemies":"Centurion and Healer","floor":21.0,"turns":8.0},{"damage":21.0,"enemies":"Slaver and Parasite","floor":22.0,"turns":6.0},{"damage":21.0,"enemies":"Gremlin Leader","floor":24.0,"turns":6.0},{"damage":2,"enemies":"Sentry and Sphere","floor":27,"turns":5},{"damage":11,"enemies":"3 Cultists","floor":28,"turns":3},{"damage":8,"enemies":"Cultist and Chosen","floor":31,"turns":5},{"damage":70,"enemies":"Collector","floor":33,"turns":7}],"seed_played":"-3074212221640100075","potions_obtained":[{"floor":1.0,"key":"AttackPotion"},{"floor":7.0,"key":"Explosive Potion"},{"floor":10.0,"key":"SpeedPotion"},{"floor":31,"key":"SpeedPotion"}],"is_trial":false,"path_per_floor":["M","?","?","M","?","R","M","R","T","M","M","?","M","$","R","B",null,"M","M","$","M","M","R","E","?","T","M","M","$","?","M","R"],"character_chosen":"THE_SILENT","items_purchased":["Lee\u0027s Waffle","Infinite Blades","Accuracy","Dagger Spray+1","Regen Potion"],"campfire_rested":0,"item_purchase_floors":[14,14,20,20,29],"current_hp_per_floor":[70,75,50,50,50,50,50,50,50,43,40,17,17,82,82,27,82,82,57,57,47,26,26,5,5,5,18,16,16,22,43,43,0],"gold":46,"neow_bonus":"THREE_ENEMY_KILL","is_prod":false,"is_daily":false,"chose_seed":false,"campfire_upgraded":5,"win_rate":0,"timestamp":1533350276,"path_taken":["M","?","?","M","?","R","M","R","T","M","?","?","M","?","R","BOSS","M","M","$","M","M","R","E","?","T","M","M","$","?","M","R","BOSS"],"build_version":"2018-08-02","purchased_purges":0,"victory":false,"max_hp_per_floor":[70,75,75,75,75,75,75,75,75,75,75,75,75,82,82,82,82,82,82,82,82,82,82,82,57,57,57,57,57,63,63,63,63],"card_choices":[{"not_picked":["Dash","PiercingWail"],"picked":"Deadly Poison","floor":1.0},{"not_picked":["Terror","PiercingWail"],"picked":"All Out Attack+1","floor":4.0},{"not_picked":["Skewer+1","Deflect"],"picked":"Prepared","floor":7.0},{"not_picked":["Cloak And Dagger","Predator+1"],"picked":"Dodge and Roll","floor":10.0},{"not_picked":["Endless Agony+1","All Out Attack+1"],"picked":"Catalyst","floor":11.0},{"not_picked":["Acrobatics","Choke+1"],"picked":"Bouncing Flask","floor":12.0},{"not_picked":["Deflect","Underhanded Strike+1"],"picked":"Slice+1","floor":13.0},{"not_picked":["Unload+1","Wraith Form v2"],"picked":"Malaise","floor":16.0},{"not_picked":["Underhanded Strike+1","Deflect"],"picked":"Accuracy","floor":18.0},{"not_picked":["Skewer+1","Blade Dance"],"picked":"Poisoned Stab+1","floor":19.0},{"not_picked":["Sucker Punch+1","PiercingWail+1"],"picked":"Cloak And Dagger+1","floor":21.0},{"not_picked":["Terror+1","Quick Slash+1"],"picked":"Poisoned Stab+1","floor":22.0},{"not_picked":["Bane+1","Riddle With Holes+1"],"picked":"Setup+1","floor":24.0},{"not_picked":["Backstab+1","Terror+1"],"picked":"Footwork","floor":27},{"not_picked":["Dagger Throw+1","Terror+1"],"picked":"Quick Slash+1","floor":28},{"not_picked":["Accuracy","Catalyst+1"],"picked":"Caltrops+1","floor":31}],"player_experience":201825,"relics_obtained":[{"floor":9.0,"key":"MawBank"},{"floor":12.0,"key":"Darkstone Periapt"},{"floor":24.0,"key":"Snake Skull"},{"floor":26.0,"key":"Paper Crane"}],"event_choices":[{"event_name":"Big Fish","player_choice":"Donut","floor":2.0,"damage_taken":0.0},{"event_name":"Scrap Ooze","player_choice":"success","floor":3.0,"damage_taken":25.0},{"event_name":"FaceTrader","player_choice":"Trade","floor":5.0,"damage_taken":0.0},{"event_name":"Dead Adventurer","player_choice":"Searched \u00272\u0027 times","floor":12.0,"damage_taken":0.0},{"event_name":"Vampires","player_choice":"Became a vampire","floor":25.0,"damage_taken":0.0},{"event_name":"Forgotten Altar","player_choice":"Smashed Altar","floor":30,"damage_taken":0}],"is_beta":false,"boss_relics":[{"not_picked":["Calling Bell","Fusion Hammer"],"picked":"Coffee Dripper"}],"items_purged_floors":[],"is_endless":false,"potions_floor_spawned":[1,7,10,13,16,18,19,31],"killed_by":"Collector","ascension_level":0}