{"gold_per_floor":[119,194,194,139,156,156,191,18,18,34,66,66,95,115,115,191,191,207,93,93,93,93,93,113,113],"floor_reached":25,"playtime":614,"items_purged":["Strike_G"],"score":534,"play_id":"4cebfcfd-ca47-45f2-80dc-bd5531fd9e80","local_time":"20190414194118","is_ascension_mode":true,"campfire_choices":[{"data":"Neutralize","floor":6.0,"key":"SMITH"},{"data":"Bouncing Flask","floor":12.0,"key":"SMITH"},{"data":"Catalyst","floor":15.0,"key":"SMITH"},{"floor":23,"key":"REST"}],"neow_cost":"NONE","seed_source_timestamp":9868923659214998,"circlet_count":0,"master_deck":["AscendersBane","Defend_G","Defend_G","Defend_G","Defend_G","Defend_G","Strike_G+1","Strike_G","Strike_G","Strike_G","Survivor","Neutralize+1","Quick Slash","Flying Knee+1","Bouncing Flask+1","Infinite Blades","Catalyst+1","Poisoned Stab","Quick Slash","Malaise","Heel Hook","Footwork","Cloak And Dagger"],"special_seed":0,"relics":["Ring of the Snake","NeowsBlessing","Torii","Oddly Smooth Stone","Paper Crane","Snake Skull","Whetstone","Eternal Feather","MutagenicStrength"],"potions_floor_usage":[],"damage_taken":[{"damage":0.0,"enemies":"Jaw Worm","floor":1.0,"turns":1.0},{"damage":0.0,"enemies":"Small Slimes","floor":5.0,"turns":1.0},{"damage":0.0,"enemies":"3 Sentries","floor":7.0,"turns":2.0},{"damage":0.0,"enemies":"2 Louse","floor":10.0,"turns":4.0},{"damage":1.0,"enemies":"Lagavulin","floor":11.0,"turns":7.0},{"damage":11.0,"enemies":"Gremlin Nob","floor":13.0,"turns":4.0},{"damage":17.0,"enemies":"Exordium Wildlife","floor":14.0,"turns":5.0},{"damage":1.0,"enemies":"Hexaghost","floor":16.0,"turns":5.0},{"damage":19.0,"enemies":"3 Byrds","floor":18.0,"turns":7.0},{"damage":11,"enemies":"Chosen","floor":24,"turns":5},{"damage":44,"enemies":"Slavers","floor":25,"turns":3}],"seed_played":"2659289687525400815","potions_obtained":[{"floor":10.0,"key":"SteroidPotion"},{"floor":11.0,"key":"Swift Potion"},{"floor":14.0,"key":"PowerPotion"},{"floor":16.0,"key":"Swift Potion"}],"is_trial":false,"path_per_floor":["M","?","?","$","M","R","E","$","T","M","E","R","E","M","R","B",null,"M","$","?","?","$","R","M","E"],"character_chosen":"THE_SILENT","items_purchased":["SteroidPotion","Oddly Smooth Stone","Footwork"],"campfire_rested":1,"item_purchase_floors":[4,8,19],"current_hp_per_floor":[59,48,53,53,53,53,53,53,53,53,52,52,41,24,24,23,59,40,40,20,20,20,54,43,0],"gold":113,"neow_bonus":"THREE_ENEMY_KILL","is_prod":false,"is_daily":false,"chose_seed":false,"campfire_upgraded":3,"win_rate":0,"timestamp":1555285278,"path_taken":["M","?","?","?","M","R","E","$","T","?","E","R","E","M","R","BOSS","M","$","?","?","?","R","M","E"],"build_version":"2019-01-23","purchased_purges":1,"victory":false,"max_hp_per_floor":[66,66,71,71,71,71,71,71,71,71,71,71,71,71,71,71,71,71,71,76,76,76,76,76,76],"card_choices":[{"not_picked":["Dodge and Roll","Bane"],"picked":"Quick Slash","floor":1.0},{"not_picked":["Blur","PiercingWail"],"picked":"Flying Knee","floor":5.0},{"not_picked":["Setup","Flechettes"],"picked":"Bouncing Flask","floor":7.0},{"not_picked":["Prepared","Distraction"],"picked":"Infinite Blades","floor":10.0},{"not_picked":["Bouncing Flask","Tactician"],"picked":"Catalyst","floor":11.0},{"not_picked":["Dagger Spray","Die Die Die"],"picked":"Poisoned Stab","floor":13.0},{"not_picked":["Prepared","Infinite Blades"],"picked":"Quick Slash","floor":14.0},{"not_picked":["After Image","Wraith Form v2"],"picked":"Malaise","floor":16.0},{"not_picked":["Deadly Poison","Expertise"],"picked":"Heel Hook","floor":18.0},{"not_picked":["Bane","Flying Knee"],"picked":"Cloak And Dagger","floor":24}],"player_experience":638888,"relics_obtained":[{"floor":7.0,"key":"Torii"},{"floor":9.0,"key":"Paper Crane"},{"floor":11.0,"key":"Snake Skull"},{"floor":13.0,"key":"Whetstone"}],"event_choices":[{"damage_healed":0.0,"max_hp_gain":0.0,"max_hp_loss":0.0,"gold_gain":75.0,"event_name":"World of Goop","player_choice":"Gather Gold","floor":2.0,"gold_loss":0.0,"damage_taken":11.0},{"damage_healed":0.0,"max_hp_gain":5.0,"max_hp_loss":0.0,"gold_gain":0.0,"event_name":"Big Fish","player_choice":"Donut","floor":3.0,"gold_loss":0.0,"damage_taken":0.0},{"damage_healed":0.0,"max_hp_gain":5.0,"max_hp_loss":0.0,"gold_gain":0.0,"event_name":"Forgotten Altar","player_choice":"Shed Blood","floor":20.0,"gold_loss":0.0,"damage_taken":25.0},{"damage_healed":0,"gold_gain":0,"player_choice":"Inject Mutagens","damage_taken":0,"relics_obtained":["MutagenicStrength"],"max_hp_gain":0,"max_hp_loss":0,"event_name":"Drug Dealer","floor":21,"gold_loss":0}],"is_beta":false,"boss_relics":[{"not_picked":["Snecko Eye","Velvet Choker"],"picked":"Eternal Feather"}],"items_purged_floors":[19],"is_endless":false,"potions_floor_spawned":[10,11,14,16],"killed_by":"Slavers","ascension_level":20}