{"gold_per_floor":[117,129,129,129,129,129,160,109,136,155,182,182,211,226,226,322,322,342,375,345,359,274,274,274],"floor_reached":24,"playtime":1306,"items_purged":[],"score":335,"play_id":"e008d5e6-6a2c-4a13-84f7-4d230dd0a166","local_time":"20180721113220","is_ascension_mode":true,"campfire_choices":[{"data":"Zap","floor":6.0,"key":"SMITH"},{"floor":15.0,"key":"REST"},{"floor":23,"key":"REST"}],"neow_cost":"NONE","seed_source_timestamp":1176062961953956,"circlet_count":0,"master_deck":["Strike_B","Strike_B","Strike_B","Defend_B","Defend_B","Defend_B","Defend_B","Zap+1","Dualcast","Sunder","Conserve Battery","Reboot","Glacier","Cold Snap","Leap","Go for the Eyes","Conserve Battery","Gash","Biased Cognition+1","Darkness","Coolheaded","Leap","Leap"],"special_seed":0,"relics":["Cracked Core","Frozen Egg 2","Potion Belt","Juzu Bracelet","Centennial Puzzle","Inserter","Red Mask","Molten Egg 2"],"potions_floor_usage":[],"damage_taken":[{"damage":0.0,"enemies":"Small Slimes","floor":1.0,"turns":4.0},{"damage":1.0,"enemies":"2 Louse","floor":2.0,"turns":2.0},{"damage":32.0,"enemies":"Gremlin Nob","floor":7.0,"turns":4.0},{"damage":10.0,"enemies":"Jaw Worm","floor":10.0,"turns":2.0},{"damage":5.0,"enemies":"3 Sentries","floor":11.0,"turns":7.0},{"damage":0.0,"enemies":"Lagavulin","floor":13.0,"turns":9.0},{"damage":6.0,"enemies":"Looter","floor":14.0,"turns":3.0},{"damage":37.0,"enemies":"Slime Boss","floor":16.0,"turns":16.0},{"damage":0.0,"enemies":"Shell Parasite","floor":18.0,"turns":14.0},{"damage":55.0,"floor":19.0,"turns":7.0},{"damage":1.0,"enemies":"2 Thieves","floor":20.0,"turns":5.0},{"damage":6,"enemies":"Snake Plant","floor":21,"turns":6},{"damage":34,"enemies":"Cultist and Chosen","floor":24,"turns":4}],"seed_played":"-8474587620181849866","potions_obtained":[{"floor":1.0,"key":"SkillPotion"},{"floor":2.0,"key":"PowerPotion"},{"floor":10.0,"key":"Ancient Potion"},{"floor":18.0,"key":"FearPotion"},{"floor":20.0,"key":"SteroidPotion"},{"floor":21,"key":"SteroidPotion"}],"is_trial":false,"path_per_floor":["M","M","?","?","?","R","E","$","T","M","E","$","E","M","R","B",null,"M","?","M","M","?","R"],"character_chosen":"DEFECT","items_purchased":["Cold Snap"],"campfire_rested":2,"item_purchase_floors":[8],"current_hp_per_floor":[75,74,74,74,79,79,47,47,47,37,32,32,32,26,52,15,69,69,14,13,7,7,33,0],"gold":274,"neow_bonus":"TEN_PERCENT_HP_BONUS","is_prod":false,"is_daily":false,"chose_seed":false,"campfire_upgraded":1,"win_rate":0,"timestamp":1532187140,"path_taken":["M","M","?","?","?","R","E","?","T","?","E","$","E","M","R","BOSS","M","?","M","M","?","R","M"],"build_version":"2018-07-19v2","purchased_purges":0,"victory":false,"max_hp_per_floor":[82,82,82,82,87,87,87,87,87,87,87,87,87,87,87,87,87,87,87,87,87,87,87,87],"card_choices":[{"not_picked":["Melter","Genetic Algorithm"],"picked":"Sunder","floor":1.0},{"not_picked":["Leap","Redo"],"picked":"Conserve Battery","floor":2.0},{"not_picked":["Doom and Gloom","Hello World"],"picked":"Glacier","floor":7.0},{"not_picked":["Loop+1","Beam Cell"],"picked":"Leap","floor":10.0},{"not_picked":["Redo","Streamline"],"picked":"Go for the Eyes","floor":11.0},{"not_picked":["Stack","Coolheaded"],"picked":"Conserve Battery","floor":13.0},{"not_picked":["Compile Driver","Stack"],"picked":"Gash","floor":14.0},{"not_picked":["Reboot","Thunder Strike"],"picked":"Biased Cognition+1","floor":16.0},{"not_picked":["Conserve Battery","Leap"],"picked":"Darkness","floor":18.0},{"not_picked":["Barrage","Scrape+1"],"picked":"Coolheaded","floor":19.0},{"not_picked":["Stack+1","Force Field"],"picked":"Leap","floor":20.0},{"not_picked":["Stack","Rebound"],"picked":"Leap","floor":21}],"player_experience":142930,"relics_obtained":[{"floor":7.0,"key":"Frozen Egg 2"},{"floor":9.0,"key":"Potion Belt"},{"floor":11.0,"key":"Juzu Bracelet"},{"floor":13.0,"key":"Centennial Puzzle"},{"floor":19.0,"key":"Red Mask"}],"event_choices":[{"event_name":"Living Wall","player_choice":"Change","floor":3.0,"damage_taken":0.0},{"event_name":"Liars Game","player_choice":"disagreed","floor":4.0,"damage_taken":0.0},{"event_name":"Big Fish","player_choice":"Donut","floor":5.0,"damage_taken":0.0},{"event_name":"Masked Bandits","player_choice":"Fought over 342 gold","floor":19.0,"damage_taken":0.0},{"event_name":"Addict","player_choice":"Obtained Relic","floor":22,"damage_taken":0}],"is_beta":false,"boss_relics":[{"not_picked":["Black Star","Philosopher\u0027s Stone"],"picked":"Inserter"}],"items_purged_floors":[],"is_endless":false,"potions_floor_spawned":[1,2,10,18,20,21],"killed_by":"Cultist and Chosen","ascension_level":8}