{"gold_per_floor":[99,99,99,99,99,99,99,99,99,99,99,99,99,23,23,23,23,23,0,0,0,0,0,0],"floor_reached":24,"playtime":559,"items_purged":[],"score":198,"play_id":"ffa2d944-44b3-4899-9b3c-a7d31b51adc6","local_time":"20190710183615","is_ascension_mode":false,"campfire_choices":[{"data":"Gash","floor":6,"key":"SMITH"},{"data":"Rip and Tear","floor":11,"key":"SMITH"},{"data":"Loop","floor":15,"key":"SMITH"},{"floor":23,"key":"REST"}],"neow_cost":"NONE","seed_source_timestamp":6415765309227752,"circlet_count":0,"master_deck":["Strike_B","Strike_B","Strike_B","Strike_B","Defend_B","Defend_B","Defend_B","Defend_B","Zap+1","Dualcast","Gash+1","Cold Snap","Rip and Tear+1","Ball Lightning","Rebound","Loop+1","Echo Form","Coolheaded","Coolheaded+1","Sweeping Beam","Ball Lightning"],"relics":["Ectoplasm"],"potions_floor_usage":[19],"damage_taken":[{"damage":0,"enemies":"2 Louse","floor":1,"turns":3},{"damage":0,"enemies":"Small Slimes","floor":7,"turns":3},{"damage":21,"enemies":"Lagavulin","floor":8,"turns":7},{"damage":6,"enemies":"Jaw Worm","floor":10,"turns":3},{"damage":0,"enemies":"Red Slaver","floor":12,"turns":2},{"damage":7,"enemies":"2 Fungi Beasts","floor":13,"turns":3},{"damage":25,"enemies":"Hexaghost","floor":16,"turns":9},{"damage":6,"enemies":"Spheric Guardian","floor":18,"turns":3},{"damage":19,"enemies":"2 Thieves","floor":19,"turns":4},{"damage":28,"enemies":"Shelled Parasite and Fungi","floor":21,"turns":5},{"damage":11,"enemies":"Snecko","floor":22,"turns":7},{"damage":27,"enemies":"Cultist and Chosen","floor":24,"turns":4}],"seed_played":"8261989424298188072","potions_obtained":[{"floor":7,"key":"SteroidPotion"},{"floor":12,"key":"FocusPotion"},{"floor":16,"key":"Weak Potion"},{"floor":21,"key":"Fire Potion"}],"is_trial":false,"path_per_floor":["M","?","?","?","$","R","M","E","T","M","R","M","M","$","R","B",null,"M","M","?","M","M","R","M"],"character_chosen":"DEFECT","items_purchased":["Loop"],"campfire_rested":1,"item_purchase_floors":[14],"current_hp_per_floor":[75,75,75,75,75,75,75,54,54,48,48,48,41,41,41,16,75,69,50,43,15,4,26,0],"gold":0,"neow_bonus":"BOSS_RELIC","is_prod":false,"is_daily":false,"chose_seed":false,"campfire_upgraded":3,"win_rate":0,"timestamp":1562798175,"path_taken":["M","?","?","?","$","R","M","E","T","M","R","M","M","$","R","BOSS","M","M","?","?","M","R","M"],"build_version":"2019-07-05","purchased_purges":0,"victory":false,"max_hp_per_floor":[75,75,75,75,75,75,75,75,75,75,75,75,75,75,75,75,75,75,75,75,75,75,75,75],"card_choices":[{"not_picked":["Cold Snap","Compile Driver"],"picked":"Gash","floor":1},{"not_picked":["Streamline","Turbo","Rebound"],"picked":"SKIP","floor":7},{"not_picked":["Rebound","Conserve Battery"],"picked":"Cold Snap","floor":8},{"not_picked":["Beam Cell","Compile Driver"],"picked":"Rip and Tear","floor":10},{"not_picked":["BootSequence","Cold Snap"],"picked":"Ball Lightning","floor":12},{"not_picked":["Leap","Recycle"],"picked":"Rebound","floor":13},{"not_picked":["Reboot","Rainbow"],"picked":"Echo Form","floor":16},{"not_picked":["Redo","Rip and Tear"],"picked":"Coolheaded","floor":18},{"not_picked":["Melter","BootSequence+1"],"picked":"Coolheaded+1","floor":19},{"not_picked":["Steam+1","Compile Driver"],"picked":"Sweeping Beam","floor":21},{"not_picked":["Stack+1","Streamline"],"picked":"Ball Lightning","floor":22}],"player_experience":951135,"relics_obtained":[],"event_choices":[{"damage_healed":0,"gold_gain":0,"player_choice":"Fled","damage_taken":0,"max_hp_gain":0,"max_hp_loss":0,"event_name":"Scrap Ooze","floor":2,"gold_loss":0},{"damage_healed":0,"gold_gain":0,"player_choice":"Grow","damage_taken":0,"max_hp_gain":0,"max_hp_loss":0,"event_name":"Living Wall","floor":3,"gold_loss":0,"cards_upgraded":["Zap"]},{"damage_healed":0,"gold_gain":0,"player_choice":"Ignored","damage_taken":0,"max_hp_gain":0,"max_hp_loss":0,"event_name":"Golden Idol","floor":4,"gold_loss":0},{"damage_healed":0,"gold_gain":0,"player_choice":"","damage_taken":7,"max_hp_gain":0,"max_hp_loss":0,"event_name":"Knowing Skull","floor":20,"potions_obtained":[],"gold_loss":0,"cards_obtained":[]}],"is_beta":false,"boss_relics":[{"not_picked":["Calling Bell","Black Star","White Beast Statue"]}],"items_purged_floors":[],"is_endless":false,"potions_floor_spawned":[7,12,16,21,22],"killed_by":"Cultist and Chosen","ascension_level":0}