{"gold_per_floor":[118,118,137,156,167,167,195,209,209,235,22,22,22,40,40,138,138,138,138,138,58,58,58,58,58,58,58,58,58,58,58,58,58,58,58,58,0,0,0,0,0,0,0,0,0,0],"floor_reached":46,"playtime":2206,"items_purged":["Strike_G","Injury"],"score":630,"play_id":"0d7ed5e5-9515-43f1-bdfc-76a18b3679fa","local_time":"20190106184123","is_ascension_mode":false,"campfire_choices":[{"data":"Footwork","floor":6,"key":"SMITH"},{"data":"Apotheosis","floor":15,"key":"SMITH"},{"data":"Neutralize","floor":27,"key":"SMITH"},{"data":"1","floor":30,"key":"LIFT"},{"data":"2","floor":32,"key":"LIFT"},{"data":"3","floor":42,"key":"LIFT"}],"neow_cost":"NONE","seed_source_timestamp":1443009175610052,"circlet_count":0,"master_deck":["Defend_G","Defend_G","Defend_G","Defend_G","Strike_G","Strike_G","Strike_G","Strike_G","Survivor","Neutralize+1","Dodge and Roll","Footwork+1","Dagger Throw+1","Quick Slash+1","Backflip","Phantasmal Killer","Finisher+1","Apotheosis+1","Sucker Punch+1","Blur","Venomology","Footwork+1","Dash+1","Tactician+1","RitualDagger+1","Envenom","Decay","Deadly Poison+1"],"relics":["Coffee Dripper","Molten Egg 2","Strawberry","Juzu Bracelet","The Courier","Ectoplasm","Toxic Egg 2","Girya","Paper Crane","Bag of Preparation","WristBlade","Red Mask","SsserpentHead","Prayer Wheel","Happy Flower"],"potions_floor_usage":[10,18,18,23,24,28,28,28,28,28,33,33,39,46,46],"damage_taken":[{"damage":0,"enemies":"2 Louse","floor":1,"turns":3},{"damage":2,"enemies":"Cultist","floor":3,"turns":5},{"damage":0,"enemies":"Small Slimes","floor":4,"turns":5},{"damage":8,"enemies":"Exordium Thugs","floor":5,"turns":7},{"damage":2,"enemies":"Lagavulin","floor":7,"turns":7},{"damage":0,"enemies":"2 Fungi Beasts","floor":8,"turns":3},{"damage":7,"enemies":"Gremlin Nob","floor":10,"turns":5},{"damage":2,"enemies":"Looter","floor":14,"turns":2},{"damage":0,"enemies":"Slime Boss","floor":16,"turns":9},{"damage":13,"enemies":"3 Byrds","floor":18,"turns":5},{"damage":0,"enemies":"Chosen","floor":20,"turns":5},{"damage":0,"enemies":"Centurion and Healer","floor":22,"turns":8},{"damage":0,"enemies":"3 Cultists","floor":23,"turns":6},{"damage":10,"enemies":"Snecko","floor":24,"turns":7},{"damage":11,"enemies":"Colosseum Slavers","floor":28,"turns":5},{"damage":1,"enemies":"Colosseum Nobs","floor":28,"turns":6},{"damage":4,"enemies":"Book of Stabbing","floor":31,"turns":5},{"damage":0,"enemies":"Collector","floor":33,"turns":12},{"damage":0,"enemies":"Orb Walker","floor":35,"turns":3},{"damage":14,"enemies":"3 Shapes","floor":36,"turns":5},{"damage":20,"enemies":"Spire Growth","floor":39,"turns":5},{"damage":0,"enemies":"Giant Head","floor":40,"turns":9},{"damage":6,"enemies":"Writhing Mass","floor":45,"turns":6},{"damage":47,"enemies":"Reptomancer","floor":46,"turns":3}],"seed_played":"9040002380288536683","potions_obtained":[{"floor":1,"key":"SkillPotion"},{"floor":7,"key":"LiquidBronze"},{"floor":8,"key":"PowerPotion"},{"floor":16,"key":"Regen Potion"}],"is_trial":false,"path_per_floor":["M","?","M","M","M","R","E","M","T","E","$","?","?","M","R","B",null,"M","?","M","$","M","M","M","?","T","R","?","?","R","E","R","B",null,"M","M","?","?","M","E","?","R","T","$","M","E"],"character_chosen":"THE_SILENT","items_purchased":["Apotheosis","Sucker Punch+1"],"campfire_rested":0,"item_purchase_floors":[11,11],"current_hp_per_floor":[70,70,68,68,60,60,65,65,65,58,58,58,58,56,56,56,77,73,77,77,77,77,77,67,87,87,87,87,81,81,77,77,77,87,87,73,73,73,53,53,53,53,53,53,47,0],"gold":0,"neow_bonus":"BOSS_RELIC","is_prod":false,"is_daily":false,"chose_seed":false,"campfire_upgraded":3,"win_rate":0,"timestamp":1546828883,"path_taken":["M","?","?","M","M","R","E","M","T","E","$","?","?","M","R","BOSS","M","?","M","$","M","M","M","?","T","R","?","?","R","E","R","BOSS","M","M","?","?","M","E","?","R","T","$","M","E"],"build_version":"2019-01-03v4","purchased_purges":2,"victory":false,"max_hp_per_floor":[70,70,70,70,70,70,77,77,77,77,77,77,77,77,77,77,77,77,77,77,77,77,77,77,87,87,87,87,87,87,87,87,87,87,87,87,87,87,87,87,87,87,87,87,87,87],"card_choices":[{"not_picked":["Endless Agony","Underhanded Strike"],"picked":"Dodge and Roll","floor":1},{"not_picked":["Deflect","Calculated Gamble"],"picked":"Footwork","floor":3},{"not_picked":["Unload+1","Slice+1"],"picked":"Dagger Throw+1","floor":4},{"not_picked":["Eviscerate+1","PiercingWail"],"picked":"Quick Slash+1","floor":5},{"not_picked":["Prepared","Sucker Punch+1"],"picked":"Backflip","floor":7},{"not_picked":["Blade Dance","Accuracy"],"picked":"Phantasmal Killer","floor":8},{"not_picked":["Blur","Underhanded Strike+1"],"picked":"Finisher+1","floor":10},{"not_picked":["Quick Slash+1","Endless Agony+1"],"picked":"Blur","floor":14},{"not_picked":["Corpse Explosion","Tools of the Trade"],"picked":"Venomology","floor":16},{"not_picked":["Deflect","Outmaneuver","Dagger Throw+1"],"picked":"SKIP","floor":18},{"not_picked":["Distraction+1","Concentrate+1"],"picked":"Footwork+1","floor":20},{"not_picked":["Finisher+1","Outmaneuver","Dodge and Roll"],"picked":"SKIP","floor":22},{"not_picked":["Catalyst","Heel Hook+1","Riddle With Holes+1"],"picked":"SKIP","floor":23},{"not_picked":["Prepared","Expertise"],"picked":"Dash+1","floor":24},{"not_picked":["Night Terror+1","Bane+1"],"picked":"Tactician+1","floor":28},{"not_picked":["Tools of the Trade","Underhanded Strike+1","Escape Plan+1"],"picked":"SKIP","floor":31},{"not_picked":["Venomology+1","After Image"],"picked":"Envenom","floor":33},{"not_picked":["Bane+1","Deflect+1","Poisoned Stab+1"],"picked":"SKIP","floor":35},{"not_picked":["Acrobatics+1","Terror+1","Riddle With Holes+1"],"picked":"SKIP","floor":36},{"not_picked":["Backflip+1","Blade Dance+1","Prepared+1"],"picked":"SKIP","floor":39},{"not_picked":["Bane+1","Dash+1","Dodge and Roll+1"],"picked":"SKIP","floor":40},{"not_picked":["Acrobatics+1","Dagger Throw+1"],"picked":"Deadly Poison+1","floor":45},{"not_picked":["Predator+1","Dagger Spray+1","Poisoned Stab+1"],"picked":"SKIP","floor":45}],"player_experience":105189,"relics_obtained":[{"floor":7,"key":"Strawberry"},{"floor":9,"key":"Juzu Bracelet"},{"floor":10,"key":"The Courier"},{"floor":26,"key":"Toxic Egg 2"},{"floor":28,"key":"Girya"},{"floor":28,"key":"Paper Crane"},{"floor":31,"key":"Bag of Preparation"},{"floor":40,"key":"Prayer Wheel"},{"floor":43,"key":"Happy Flower"}],"event_choices":[{"damage_healed":0,"gold_gain":0,"player_choice":"Gave Potion","damage_taken":0,"relics_obtained":["Molten Egg 2"],"max_hp_gain":0,"max_hp_loss":0,"event_name":"WeMeetAgain","floor":2,"gold_loss":0},{"cards_removed":["Defend_G"],"damage_healed":0,"gold_gain":0,"player_choice":"Purged","damage_taken":0,"max_hp_gain":0,"max_hp_loss":0,"event_name":"Purifier","floor":12,"gold_loss":0},{"damage_healed":0,"gold_gain":0,"player_choice":"2 cards matched","damage_taken":0,"max_hp_gain":0,"max_hp_loss":0,"event_name":"Match and Keep!","floor":13,"gold_loss":0,"cards_obtained":["Injury","Night Terror"]},{"damage_healed":25,"gold_gain":0,"player_choice":"Heal","damage_taken":0,"max_hp_gain":0,"max_hp_loss":0,"event_name":"The Library","floor":19,"gold_loss":0},{"cards_removed":["Night Terror"],"damage_healed":10,"gold_gain":0,"player_choice":"Offered Rare","damage_taken":0,"max_hp_gain":10,"max_hp_loss":0,"event_name":"Bonfire Elementals","floor":25,"gold_loss":0},{"damage_healed":0,"gold_gain":0,"player_choice":"Fight","damage_taken":0,"max_hp_gain":0,"max_hp_loss":0,"event_name":"Colosseum","floor":28,"gold_loss":0},{"damage_healed":0,"gold_gain":0,"player_choice":"Fought Nobs","damage_taken":0,"max_hp_gain":0,"max_hp_loss":0,"event_name":"Colosseum","floor":28,"gold_loss":0},{"damage_healed":0,"gold_gain":0,"player_choice":"Joined the Cult","damage_taken":6,"max_hp_gain":0,"max_hp_loss":0,"event_name":"Nest","floor":29,"gold_loss":0,"cards_obtained":["RitualDagger"]},{"damage_healed":0,"gold_gain":0,"player_choice":"Paid","damage_taken":0,"relics_obtained":["Red Mask"],"max_hp_gain":0,"max_hp_loss":0,"event_name":"Tomb of Lord Red Mask","floor":37,"gold_loss":58},{"damage_healed":0,"gold_gain":0,"player_choice":"Trade","damage_taken":0,"relics_obtained":["SsserpentHead"],"max_hp_gain":0,"max_hp_loss":0,"event_name":"FaceTrader","floor":38,"gold_loss":0},{"damage_healed":0,"gold_gain":0,"player_choice":"Cursed","damage_taken":0,"max_hp_gain":0,"max_hp_loss":0,"event_name":"Wheel of Change","floor":41,"gold_loss":0,"cards_obtained":["Decay"]}],"is_beta":false,"boss_relics":[{"not_picked":["Astrolabe","Velvet Choker"],"picked":"Ectoplasm"},{"not_picked":["Orrery","Calling Bell"],"picked":"WristBlade"}],"items_purged_floors":[11,21],"is_endless":false,"potions_floor_spawned":[1,7,8,16,22,24,28,31,39,45],"killed_by":"Reptomancer","ascension_level":0}