{"gold_per_floor":[17,35,35,54,73,73,104,104,104,116,116,126,154,172,172,172],"floor_reached":16,"playtime":553,"items_purged":[],"score":228,"play_id":"d440a66c-3a0c-42ae-8885-998306490412","local_time":"20190522175911","is_ascension_mode":true,"campfire_choices":[{"data":"Bash","floor":6,"key":"SMITH"},{"data":"Heavy Blade","floor":8,"key":"SMITH"},{"data":"Iron Wave","floor":11,"key":"SMITH"},{"data":"Clothesline","floor":15,"key":"SMITH"}],"neow_cost":"NO_GOLD","seed_source_timestamp":84071367444900,"circlet_count":0,"master_deck":["AscendersBane","Strike_R","Strike_R","Strike_R","Strike_R","Defend_R","Defend_R","Defend_R","Bash+1","Iron Wave+1","Battle Trance","Ghostly Armor","Twin Strike","Heavy Blade+1","Reaper","Clothesline+1","Thunderclap","Carnage"],"relics":["Burning Blood","Red Skull","Dream Catcher","Pear"],"potions_floor_usage":[7,7,7,13,13],"damage_taken":[{"damage":6,"enemies":"2 Louse","floor":1,"turns":3},{"damage":1,"enemies":"Cultist","floor":2,"turns":3},{"damage":7,"enemies":"Jaw Worm","floor":4,"turns":3},{"damage":24,"enemies":"Large Slime","floor":5,"turns":10},{"damage":40,"enemies":"3 Sentries","floor":7,"turns":10},{"damage":1,"enemies":"Looter","floor":10,"turns":2},{"damage":18,"enemies":"Gremlin Gang","floor":12,"turns":4},{"damage":8,"enemies":"Gremlin Nob","floor":13,"turns":3},{"damage":13,"enemies":"Blue Slaver","floor":14,"turns":3},{"damage":52,"enemies":"Hexaghost","floor":16,"turns":11}],"seed_played":"492567949484152995","potions_obtained":[{"floor":1,"key":"EssenceOfSteel"},{"floor":2,"key":"Energy Potion"},{"floor":3,"key":"EntropicBrew"},{"floor":7,"key":"AttackPotion"},{"floor":10,"key":"BloodPotion"},{"floor":14,"key":"FearPotion"}],"is_trial":false,"path_per_floor":["M","M","?","M","M","R","E","R","T","M","R","M","E","M","R","B"],"character_chosen":"IRONCLAD","items_purchased":[],"campfire_rested":0,"item_purchase_floors":[],"current_hp_per_floor":[68,73,73,72,54,54,20,20,20,25,25,41,56,49,49,0],"gold":172,"neow_bonus":"REMOVE_TWO","is_prod":false,"is_daily":false,"chose_seed":false,"campfire_upgraded":4,"win_rate":0,"timestamp":1558544351,"path_taken":["M","M","?","?","M","R","E","R","T","M","R","M","E","M","R","BOSS"],"build_version":"2019-01-23","purchased_purges":0,"victory":false,"max_hp_per_floor":[75,75,75,75,75,75,75,75,75,75,75,75,85,85,85,85],"card_choices":[{"not_picked":["Corruption","Blood for Blood"],"picked":"Iron Wave","floor":1},{"not_picked":["Havoc","Rupture"],"picked":"Battle Trance","floor":2},{"not_picked":["Flex","Clash"],"picked":"Ghostly Armor","floor":4},{"not_picked":["Shrug It Off","Thunderclap"],"picked":"Twin Strike","floor":5},{"not_picked":["Spot Weakness","Sentinel"],"picked":"Heavy Blade","floor":7},{"not_picked":["Cleave","Clothesline"],"picked":"Reaper","floor":10},{"not_picked":["Anger","Corruption"],"picked":"Clothesline","floor":12},{"not_picked":["Intimidate","Body Slam"],"picked":"Thunderclap","floor":13},{"not_picked":["Warcry","Evolve"],"picked":"Carnage","floor":14}],"player_experience":1382486,"relics_obtained":[{"floor":7,"key":"Red Skull"},{"floor":9,"key":"Dream Catcher"},{"floor":13,"key":"Pear"}],"event_choices":[{"damage_healed":0,"gold_gain":0,"player_choice":"Got Potions","damage_taken":0,"max_hp_gain":0,"max_hp_loss":0,"event_name":"Lab","floor":3,"gold_loss":0}],"is_beta":false,"boss_relics":[],"items_purged_floors":[],"is_endless":false,"potions_floor_spawned":[1,2,7,10,14],"killed_by":"Hexaghost","ascension_level":20}