{"gold_per_floor":[119,119,139,149,73,98,98,19,19,56,83,95,107,119,131,218,230,256,286,316,328,340,352,375,387,399,411,443,472,271,285,285,363,363,377,377,234,247,260,260],"floor_reached":40,"playtime":1486,"items_purged":[],"score":821,"play_id":"d5955e59-9277-4885-acbc-d0a66bc812b6","local_time":"20190529211352","is_ascension_mode":true,"campfire_choices":[{"floor":7.0,"key":"REST"},{"data":"Defragment","floor":12.0,"key":"SMITH"},{"data":"Zap","floor":15.0,"key":"SMITH"},{"floor":23.0,"key":"REST"},{"floor":25.0,"key":"REST"},{"data":"White Noise","floor":27.0,"key":"SMITH"},{"floor":32,"key":"REST"}],"neow_cost":"NONE","seed_source_timestamp":2796155163889687,"circlet_count":0,"master_deck":["AscendersBane","Defend_B","Defend_B","Defend_B","Defend_B","Zap+1","Dualcast","Go for the Eyes","Cold Snap","Ball Lightning","Seek","Cold Snap","Defragment+1","Ball Lightning","Core Surge","Leap+1","Glacier","White Noise+1","Bite","Bite","Bite","Bite","Bite","Go for the Eyes","Reinforced Body","Defragment+1","Creative AI+1","Biased Cognition+1","Flash of Steel","Defragment+1","Conserve Battery","Sweeping Beam+1","Hologram"],"special_seed":0,"relics":["Cracked Core","NeowsBlessing","Symbiotic Virus","MawBank","Pantograph","Inserter","Frozen Egg 2","Regal Pillow","Nuclear Battery"],"potions_floor_usage":[31,31],"damage_taken":[{"damage":0.0,"enemies":"2 Louse","floor":1.0,"turns":1.0},{"damage":0.0,"enemies":"Cultist","floor":3.0,"turns":1.0},{"damage":0.0,"enemies":"Small Slimes","floor":4.0,"turns":1.0},{"damage":26.0,"enemies":"Gremlin Nob","floor":6.0,"turns":4.0},{"damage":24.0,"enemies":"3 Sentries","floor":10.0,"turns":9.0},{"damage":0.0,"enemies":"Looter","floor":11.0,"turns":2.0},{"damage":39.0,"enemies":"Slime Boss","floor":16.0,"turns":11.0},{"damage":30.0,"enemies":"Shell Parasite","floor":18.0,"turns":4.0},{"damage":19.0,"enemies":"2 Thieves","floor":19.0,"turns":3.0},{"damage":0.0,"enemies":"Snecko","floor":20.0,"turns":5.0},{"damage":9.0,"enemies":"Centurion and Healer","floor":24.0,"turns":9.0},{"damage":36.0,"enemies":"Snake Plant","floor":28.0,"turns":6.0},{"damage":21.0,"enemies":"Snecko","floor":29.0,"turns":11.0},{"damage":13,"enemies":"Centurion and Healer","floor":31,"turns":6},{"damage":3,"enemies":"Champ","floor":33,"turns":15},{"damage":13,"enemies":"3 Darklings","floor":35,"turns":6},{"damage":8,"enemies":"3 Shapes","floor":38,"turns":5},{"damage":41,"enemies":"Spire Growth","floor":39,"turns":5},{"damage":13,"enemies":"Reptomancer","floor":40,"turns":2}],"seed_played":"119130614772808148","potions_obtained":[{"floor":10.0,"key":"SpeedPotion"},{"floor":16.0,"key":"Explosive Potion"},{"floor":20.0,"key":"Ancient Potion"},{"floor":33,"key":"EssenceOfSteel"},{"floor":35,"key":"Strength Potion"}],"is_trial":false,"path_per_floor":["M","?","M","M","$","E","R","$","T","E","M","R","?","?","R","B",null,"M","M","M","?","?","R","M","R","T","R","M","M","$","M","R","B",null,"M","?","$","M","M","E"],"character_chosen":"DEFECT","items_purchased":["Seek","Defragment","Defragment+1","Regal Pillow","Defragment+1","Conserve Battery"],"campfire_rested":4,"item_purchase_floors":[5,8,30,30,37,37],"current_hp_per_floor":[64,64,64,64,64,38,59,59,59,35,35,35,58,51,51,32,61,31,12,12,12,12,26,27,41,41,41,19,12,12,9,38,49,49,42,42,42,38,5,0],"gold":260,"neow_bonus":"THREE_ENEMY_KILL","is_prod":false,"is_daily":false,"chose_seed":false,"campfire_upgraded":3,"win_rate":0,"timestamp":1559178832,"path_taken":["M","?","?","?","$","E","R","?","T","E","M","R","?","?","R","BOSS","M","M","M","?","?","R","M","R","T","R","?","M","$","M","R","BOSS","M","?","$","M","M","E"],"build_version":"2019-01-23","purchased_purges":0,"victory":false,"max_hp_per_floor":[71,71,71,71,71,71,71,71,71,71,71,71,71,71,71,71,71,71,71,71,49,49,49,49,49,49,49,49,49,49,49,49,49,49,49,49,49,49,49,49],"card_choices":[{"not_picked":["Rebound","Hologram"],"picked":"Go for the Eyes","floor":1.0},{"not_picked":["Double Energy","Stack"],"picked":"Cold Snap","floor":3.0},{"not_picked":["Rip and Tear","Streamline"],"picked":"Ball Lightning","floor":4.0},{"not_picked":["Reprogram","White Noise"],"picked":"Cold Snap","floor":6.0},{"not_picked":["Blizzard","Rebound"],"picked":"Ball Lightning","floor":10.0},{"not_picked":["Lockon","Coolheaded","Redo"],"picked":"SKIP","floor":11.0},{"not_picked":["Creative AI","Rainbow"],"picked":"Core Surge","floor":16.0},{"not_picked":["Sweeping Beam","Streamline"],"picked":"Leap+1","floor":18.0},{"not_picked":["Aggregate","Compile Driver"],"picked":"Glacier","floor":19.0},{"not_picked":["Redo","Rebound"],"picked":"White Noise","floor":20.0},{"not_picked":["Scrape","Turbo","Beam Cell"],"picked":"SKIP","floor":24.0},{"not_picked":["Sweeping Beam","Aggregate"],"picked":"Go for the Eyes","floor":28.0},{"not_picked":["Sunder","Beam Cell"],"picked":"Reinforced Body","floor":29.0},{"not_picked":["Lockon","Stack"],"picked":"Creative AI+1","floor":31},{"not_picked":["Creative AI+1","Fission"],"picked":"Biased Cognition+1","floor":33},{"not_picked":["Rebound","BootSequence","Darkness"],"picked":"SKIP","floor":35},{"not_picked":["Discovery","Good Instincts"],"picked":"Flash of Steel","floor":36},{"not_picked":["Gash","Lockon"],"picked":"Sweeping Beam+1","floor":38},{"not_picked":["Streamline","Chill"],"picked":"Hologram","floor":39}],"player_experience":718170,"relics_obtained":[{"floor":6.0,"key":"Symbiotic Virus"},{"floor":9.0,"key":"MawBank"},{"floor":10.0,"key":"Pantograph"},{"floor":26.0,"key":"Frozen Egg 2"}],"event_choices":[{"cards_removed":["Strike_B"],"damage_healed":0.0,"max_hp_gain":0.0,"max_hp_loss":0.0,"gold_gain":0.0,"event_name":"Bonfire Elementals","player_choice":"Offered Basic","floor":2.0,"gold_loss":0.0,"damage_taken":0.0},{"damage_healed":23.0,"max_hp_gain":0.0,"max_hp_loss":0.0,"gold_gain":0.0,"event_name":"Big Fish","player_choice":"Banana","floor":13.0,"gold_loss":0.0,"damage_taken":0.0},{"cards_removed":["Strike_B"],"damage_healed":0.0,"max_hp_gain":0.0,"max_hp_loss":0.0,"gold_gain":0.0,"event_name":"Golden Wing","player_choice":"Card Removal","floor":14.0,"gold_loss":0.0,"damage_taken":7.0},{"damage_healed":0.0,"max_hp_gain":0.0,"max_hp_loss":22.0,"gold_gain":0.0,"event_name":"Vampires","player_choice":"Became a vampire","floor":21.0,"gold_loss":0.0,"damage_taken":0.0,"cards_obtained":["Bite","Bite","Bite","Bite","Bite"]},{"damage_healed":0.0,"max_hp_gain":0.0,"max_hp_loss":0.0,"gold_gain":0.0,"event_name":"N\u0027loth","player_choice":"Ignored","floor":22.0,"gold_loss":0.0,"damage_taken":0.0},{"damage_healed":0,"gold_gain":0,"player_choice":"Memory 1","damage_taken":0,"max_hp_gain":0,"max_hp_loss":0,"event_name":"SensoryStone","floor":36,"gold_loss":0}],"is_beta":false,"boss_relics":[{"not_picked":["Runic Pyramid","Coffee Dripper"],"picked":"Inserter"},{"not_picked":["FrozenCore","Busted Crown"],"picked":"Nuclear Battery"}],"items_purged_floors":[],"is_endless":false,"potions_floor_spawned":[10,16,20,24,33,35],"killed_by":"Reptomancer","ascension_level":20}