{"gold_per_floor":[111,111,130,140,60,60,86,86,86,86,26,37,37,65,65,141,141,160,160,85,100],"floor_reached":21,"playtime":614,"items_purged":[],"score":374,"play_id":"90b20a76-9398-4603-8579-5c57a5300f88","local_time":"20190701231249","is_ascension_mode":true,"campfire_choices":[{"data":"Zap","floor":6.0,"key":"SMITH"},{"data":"Genetic Algorithm","floor":10.0,"key":"SMITH"},{"floor":13.0,"key":"REST"},{"data":"Leap","floor":15.0,"key":"SMITH"}],"neow_cost":"NONE","seed_source_timestamp":0,"circlet_count":0,"master_deck":["AscendersBane","Strike_B+1","Strike_B+1","Strike_B+1","Defend_B+1","Defend_B+1","Defend_B+1","Defend_B+1","Zap+1","Dualcast","Compile Driver","Cold Snap","Compile Driver","Genetic Algorithm+1","Ball Lightning","Leap+1","Redo+1","Rainbow+1","Defragment","Hologram+1"],"special_seed":0,"relics":["Nuclear Battery","Gambling Chip","Strawberry","Question Card","Toxic Egg 2","Fusion Hammer"],"potions_floor_usage":[],"damage_taken":[{"damage":0.0,"enemies":"2 Louse","floor":1.0,"turns":5.0},{"damage":7.0,"enemies":"Jaw Worm","floor":3.0,"turns":4.0},{"damage":8.0,"enemies":"Small Slimes","floor":4.0,"turns":3.0},{"damage":19.0,"enemies":"Lagavulin","floor":7.0,"turns":6.0},{"damage":4.0,"enemies":"3 Louse","floor":12.0,"turns":4.0},{"damage":9.0,"enemies":"Gremlin Nob","floor":14.0,"turns":3.0},{"damage":43.0,"enemies":"Slime Boss","floor":16.0,"turns":10.0},{"damage":21.0,"enemies":"2 Thieves","floor":18.0,"turns":4.0},{"damage":0,"enemies":"Chosen","floor":21,"turns":4}],"seed_played":"-5126159884188665693","potions_obtained":[{"floor":3.0,"key":"EssenceOfSteel"},{"floor":12.0,"key":"SpeedPotion"},{"floor":16.0,"key":"Fire Potion"},{"floor":18.0,"key":"Regen Potion"}],"is_trial":false,"path_per_floor":["M","?","M","M","$","R","E","?","T","R","?","M","R","E","R","B",null,"M","?","?","M"],"character_chosen":"DEFECT","items_purchased":["Genetic Algorithm"],"campfire_rested":1,"item_purchase_floors":[5],"current_hp_per_floor":[64,46,39,31,31,31,19,45,45,45,45,41,64,55,55,12,62,41,41,41,41],"gold":100,"neow_bonus":"BOSS_RELIC","is_prod":false,"is_daily":false,"chose_seed":false,"campfire_upgraded":3,"win_rate":0,"timestamp":1562019169,"path_taken":["M","?","M","M","$","R","E","?","T","R","?","M","R","E","R","BOSS","M","?","?","M"],"build_version":"2019-07-01","purchased_purges":0,"victory":false,"max_hp_per_floor":[71,71,71,71,71,71,78,78,78,78,78,78,78,78,78,78,78,78,78,78,78],"card_choices":[{"not_picked":["Stack","Hologram"],"picked":"Compile Driver","floor":1.0},{"not_picked":["Rip and Tear","Lockon"],"picked":"Cold Snap","floor":3.0},{"not_picked":["Beam Cell","Rip and Tear"],"picked":"Compile Driver","floor":4.0},{"not_picked":["Sweeping Beam","Storm"],"picked":"Ball Lightning","floor":7.0},{"not_picked":["Gash","Conserve Battery","Stack"],"picked":"Leap","floor":12.0},{"not_picked":["Go for the Eyes","Sweeping Beam","Steam"],"picked":"Redo","floor":14.0},{"not_picked":["Buffer","Hyperbeam","Thunder Strike"],"picked":"Rainbow+1","floor":16.0},{"not_picked":["Coolheaded+1","Rip and Tear","Static Discharge"],"picked":"Defragment","floor":18.0},{"not_picked":["Gash","Go for the Eyes","Cold Snap"],"picked":"Hologram+1","floor":21}],"player_experience":1524900,"relics_obtained":[{"floor":7.0,"key":"Strawberry"},{"floor":9.0,"key":"Question Card"},{"floor":14.0,"key":"Toxic Egg 2"}],"event_choices":[{"damage_healed":0.0,"max_hp_gain":0.0,"max_hp_loss":0.0,"gold_gain":0.0,"event_name":"Scrap Ooze","player_choice":"Success","floor":2.0,"gold_loss":0.0,"damage_taken":18.0,"relics_obtained":["Gambling Chip"]},{"damage_healed":26.0,"max_hp_gain":0.0,"max_hp_loss":0.0,"gold_gain":0.0,"event_name":"Big Fish","player_choice":"Banana","floor":8.0,"gold_loss":0.0,"damage_taken":0.0},{"damage_healed":0.0,"max_hp_gain":0.0,"max_hp_loss":0.0,"gold_gain":0.0,"event_name":"World of Goop","player_choice":"Left Gold","floor":11.0,"gold_loss":60.0,"damage_taken":0.0},{"damage_healed":0,"gold_gain":0,"player_choice":"Simplicity","damage_taken":0,"max_hp_gain":0,"max_hp_loss":0,"event_name":"Back to Basics","floor":19,"gold_loss":0,"cards_upgraded":["Strike_B","Strike_B","Strike_B","Strike_B","Defend_B","Defend_B","Defend_B","Defend_B"]},{"cards_removed":["Strike_B"],"damage_healed":0,"gold_gain":0,"player_choice":"Gave Gold","damage_taken":0,"max_hp_gain":0,"max_hp_loss":0,"event_name":"Beggar","floor":20,"gold_loss":75}],"is_beta":false,"boss_relics":[{"not_picked":["Eternal Feather","Tiny House"],"picked":"Fusion Hammer"}],"items_purged_floors":[],"is_endless":false,"potions_floor_spawned":[3,12,14,16,18,21],"killed_by":"Chosen","ascension_level":20}