{"gold_per_floor":[12,12,24,40,54,88,88,123,123,148,165,56,67,82,82,156,156,176,192,116,136,150,150,180,192,204,250,362,374,399,30,30,101,101,114,114,129,129,129,161,161,179,203,230,230,242,242,271,271,271,271,271,271,13,13],"floor_reached":55,"playtime":2536,"items_purged":["Strike_R","Strike_R","Strike_R","Writhe"],"score":2184,"play_id":"682ce57f-dd4b-49e3-a149-0f3d2f26f129","local_time":"20190630145329","is_ascension_mode":true,"campfire_choices":[{"floor":7.0,"key":"REST"},{"floor":15.0,"key":"REST"},{"data":"Limit Break","floor":23.0,"key":"SMITH"},{"floor":25.0,"key":"REST"},{"floor":32.0,"key":"REST"},{"floor":41.0,"key":"RECALL"},{"data":"Limit Break","floor":47.0,"key":"SMITH"},{"data":"Pommel Strike","floor":49.0,"key":"SMITH"},{"data":"Clothesline","floor":53.0,"key":"SMITH"}],"neow_cost":"NO_GOLD","seed_source_timestamp":12138298368100,"circlet_count":0,"master_deck":["AscendersBane","Defend_R+1","Defend_R","Defend_R","Bash","Feed","Sentinel","Pommel Strike+1","Twin Strike","Whirlwind","Entrench","Limit Break+1","Spot Weakness","Shrug It Off","Barricade","Clothesline+1","Shrug It Off","Blood for Blood","Limit Break+1","Barricade","Flex+1","Impervious+1","Iron Wave+1","Whirlwind+1","Flame Barrier","Inflame","Impervious"],"special_seed":0,"relics":["Burning Blood","Regal Pillow","Kunai","Mercury Hourglass","Smiling Mask","Snecko Eye","MawBank","Du-Vu Doll","Lantern","Nunchaku","Letter Opener","Torii","Astrolabe","Meat on the Bone","Turnip","Potion Belt","Strawberry"],"potions_floor_usage":[55,55,55],"damage_taken":[{"damage":3.0,"enemies":"Small Slimes","floor":1.0,"turns":4.0},{"damage":2.0,"enemies":"Jaw Worm","floor":3.0,"turns":4.0},{"damage":13.0,"enemies":"Cultist","floor":4.0,"turns":5.0},{"damage":6.0,"enemies":"2 Fungi Beasts","floor":5.0,"turns":4.0},{"damage":37.0,"enemies":"3 Sentries","floor":6.0,"turns":7.0},{"damage":8.0,"enemies":"Gremlin Nob","floor":8.0,"turns":3.0},{"damage":44.0,"enemies":"Lagavulin","floor":10.0,"turns":7.0},{"damage":10.0,"enemies":"Red Slaver","floor":11.0,"turns":3.0},{"damage":1.0,"enemies":"Looter","floor":13.0,"turns":3.0},{"damage":24.0,"enemies":"Exordium Wildlife","floor":14.0,"turns":4.0},{"damage":15.0,"enemies":"The Guardian","floor":16.0,"turns":13.0},{"damage":28.0,"enemies":"2 Thieves","floor":18.0,"turns":3.0},{"damage":12.0,"enemies":"3 Byrds","floor":19.0,"turns":4.0},{"damage":11.0,"enemies":"Sentry and Sphere","floor":21.0,"turns":6.0},{"damage":9.0,"enemies":"Snecko","floor":22.0,"turns":6.0},{"damage":18.0,"enemies":"Gremlin Leader","floor":24.0,"turns":8.0},{"damage":28.0,"enemies":"Book of Stabbing","floor":27.0,"turns":5.0},{"damage":29.0,"enemies":"Colosseum Slavers","floor":28.0,"turns":4.0},{"damage":26.0,"enemies":"Colosseum Nobs","floor":28.0,"turns":4.0},{"damage":4.0,"enemies":"3 Cultists","floor":30.0,"turns":5.0},{"damage":0.0,"enemies":"Automaton","floor":33.0,"turns":6.0},{"damage":0.0,"enemies":"Orb Walker","floor":35.0,"turns":3.0},{"damage":1.0,"enemies":"3 Darklings","floor":37.0,"turns":3.0},{"damage":0.0,"enemies":"Giant Head","floor":40.0,"turns":10.0},{"damage":0.0,"enemies":"Spire Growth","floor":42.0,"turns":6.0},{"damage":33.0,"enemies":"Nemesis","floor":44.0,"turns":9.0},{"damage":1.0,"enemies":"Jaw Worm Horde","floor":46.0,"turns":3.0},{"damage":43.0,"enemies":"Reptomancer","floor":48.0,"turns":6.0},{"damage":47.0,"enemies":"Time Eater","floor":50.0,"turns":5.0},{"damage":22.0,"enemies":"Awakened One","floor":51.0,"turns":7.0},{"damage":112,"enemies":"Shield and Spear","floor":55,"turns":5}],"seed_played":"7879563599819794574","potions_obtained":[{"floor":1.0,"key":"PowerPotion"},{"floor":3.0,"key":"FearPotion"},{"floor":11.0,"key":"SkillPotion"},{"floor":13.0,"key":"Fire Potion"},{"floor":21.0,"key":"FearPotion"},{"floor":22.0,"key":"Energy Potion"},{"floor":24.0,"key":"Dexterity Potion"},{"floor":30.0,"key":"Block Potion"},{"floor":44.0,"key":"EntropicBrew"},{"floor":46.0,"key":"Poison Potion"}],"is_trial":false,"path_per_floor":["M","?","M","M","M","E","R","E","T","E","M","$","M","M","R","B",null,"M","M","$","M","M","R","E","R","T","E","?","?","M","$","R","B",null,"M","?","M","?","T","E","R","M","T","E","?","M","R","E","R","B","B",null,"R","$","E"],"character_chosen":"IRONCLAD","items_purchased":["Shrug It Off","Shrug It Off","Torii","Inflame","Impervious"],"campfire_rested":4,"item_purchase_floors":[12,20,31,54,54],"current_hp_per_floor":[74,51,58,54,57,29,71,69,69,31,27,27,35,20,63,54,86,64,61,61,56,53,53,41,85,85,63,23,23,25,25,70,79,99,105,90,95,95,95,101,101,105,105,78,99,104,104,74,74,48,44,97,97,97,0],"gold":13,"neow_bonus":"THREE_RARE_CARDS","is_prod":false,"is_daily":false,"chose_seed":false,"campfire_upgraded":4,"win_rate":0,"timestamp":1561902809,"path_taken":["M","?","M","M","M","E","R","E","T","E","M","$","M","M","R","BOSS","M","M","$","M","M","R","E","R","T","E","?","?","?","$","R","BOSS","M","?","?","?","?","E","R","M","T","E","?","M","R","E","R","BOSS","BOSS","R","$","E"],"build_version":"2019-01-23","purchased_purges":4,"victory":false,"max_hp_per_floor":[78,78,81,84,87,90,90,90,90,90,90,90,93,96,96,96,96,96,99,99,99,99,99,99,99,99,99,102,102,102,102,102,105,105,105,105,105,105,105,105,105,105,105,105,105,105,105,112,112,115,115,115,115,115,115],"card_choices":[{"not_picked":["Brutality","Impervious"],"picked":"Feed","floor":0.0},{"not_picked":["Armaments","Feel No Pain"],"picked":"Sentinel","floor":1.0},{"not_picked":["Infernal Blade","Flex"],"picked":"Pommel Strike","floor":3.0},{"not_picked":["Armaments","Power Through"],"picked":"Twin Strike","floor":4.0},{"not_picked":["Dropkick","Wild Strike"],"picked":"Whirlwind","floor":5.0},{"not_picked":["Havoc","Armaments"],"picked":"Entrench","floor":6.0},{"not_picked":["Iron Wave","Wild Strike"],"picked":"Limit Break","floor":8.0},{"not_picked":["Headbutt","Evolve"],"picked":"Spot Weakness","floor":10.0},{"not_picked":["Warcry","Havoc","Heavy Blade"],"picked":"SKIP","floor":11.0},{"not_picked":["Burning Pact","Warcry","Havoc"],"picked":"SKIP","floor":13.0},{"not_picked":["Bloodletting","Havoc"],"picked":"Uppercut","floor":14.0},{"not_picked":["Impervious","Reaper"],"picked":"Barricade","floor":16.0},{"not_picked":["Fire Breathing+1","Body Slam"],"picked":"Clothesline","floor":18.0},{"not_picked":["True Grit","Hemokinesis","Thunderclap"],"picked":"SKIP","floor":19.0},{"not_picked":["Hemokinesis","Havoc","Sword Boomerang"],"picked":"SKIP","floor":21.0},{"not_picked":["Havoc","Battle Trance","Barricade"],"picked":"SKIP","floor":22.0},{"not_picked":["Cleave+1","Sword Boomerang","Dropkick+1"],"picked":"SKIP","floor":24.0},{"not_picked":["Thunderclap","Sword Boomerang","Metallicize"],"picked":"SKIP","floor":27.0},{"not_picked":["Havoc","Perfected Strike"],"picked":"Limit Break","floor":30.0},{"not_picked":["Immolate","Exhume"],"picked":"Barricade","floor":33.0},{"not_picked":["Evolve","Iron Wave","Blood for Blood"],"picked":"SKIP","floor":35.0},{"not_picked":["Body Slam","Perfected Strike","Clash"],"picked":"SKIP","floor":37.0},{"not_picked":["Combust","Fire Breathing"],"picked":"Whirlwind+1","floor":40.0},{"not_picked":["Clash","Pummel","Twin Strike"],"picked":"SKIP","floor":42.0},{"not_picked":["Wild Strike","Rampage+1"],"picked":"Flame Barrier","floor":44.0},{"not_picked":["Wild Strike","Headbutt","Armaments"],"picked":"SKIP","floor":46.0},{"not_picked":["Headbutt","Warcry","Perfected Strike+1"],"picked":"SKIP","floor":48.0}],"player_experience":1501268,"relics_obtained":[{"floor":6.0,"key":"Regal Pillow"},{"floor":8.0,"key":"Kunai"},{"floor":9.0,"key":"Mercury Hourglass"},{"floor":10.0,"key":"Smiling Mask"},{"floor":24.0,"key":"MawBank"},{"floor":26.0,"key":"Du-Vu Doll"},{"floor":27.0,"key":"Lantern"},{"floor":28.0,"key":"Nunchaku"},{"floor":28.0,"key":"Letter Opener"},{"floor":39.0,"key":"Meat on the Bone"},{"floor":40.0,"key":"Turnip"},{"floor":44.0,"key":"Potion Belt"},{"floor":48.0,"key":"Strawberry"}],"event_choices":[{"damage_healed":0.0,"max_hp_gain":0.0,"max_hp_loss":0.0,"gold_gain":0.0,"event_name":"Shining Light","player_choice":"Entered Light","floor":2.0,"gold_loss":0.0,"damage_taken":23.0,"cards_upgraded":["Strike_R","Defend_R"]},{"damage_healed":0.0,"max_hp_gain":0.0,"max_hp_loss":0.0,"gold_gain":0.0,"event_name":"Colosseum","player_choice":"Fight","floor":28.0,"gold_loss":0.0,"damage_taken":0.0},{"damage_healed":0.0,"max_hp_gain":0.0,"max_hp_loss":0.0,"gold_gain":0.0,"event_name":"Colosseum","player_choice":"Fought Nobs","floor":28.0,"gold_loss":0.0,"damage_taken":0.0},{"damage_healed":0.0,"max_hp_gain":0.0,"max_hp_loss":0.0,"gold_gain":0.0,"event_name":"Match and Keep!","player_choice":"1 cards matched","floor":29.0,"gold_loss":0.0,"damage_taken":0.0,"cards_obtained":["Blood for Blood"]},{"damage_healed":0.0,"max_hp_gain":0.0,"max_hp_loss":0.0,"gold_gain":0.0,"event_name":"Wheel of Change","player_choice":"Damaged","floor":36.0,"gold_loss":0.0,"damage_taken":15.0},{"cards_removed":["Uppercut"],"damage_healed":0.0,"max_hp_gain":0.0,"max_hp_loss":0.0,"gold_gain":0.0,"event_name":"Falling","player_choice":"Removed Attack","floor":38.0,"gold_loss":0.0,"damage_taken":0.0},{"damage_healed":21.0,"max_hp_gain":0.0,"max_hp_loss":0.0,"gold_gain":0.0,"event_name":"Winding Halls","player_choice":"Writhe","floor":45.0,"gold_loss":0.0,"damage_taken":0.0,"cards_obtained":["Writhe"]}],"is_beta":false,"boss_relics":[{"not_picked":["Runic Cube","Black Blood"],"picked":"Snecko Eye"},{"not_picked":["Eternal Feather","Empty Cage"],"picked":"Astrolabe"}],"items_purged_floors":[12,20,31,54],"is_endless":false,"potions_floor_spawned":[1,3,5,11,13,16,21,22,24,27,30,33,37,44,46],"killed_by":"Shield and Spear","ascension_level":20}