{"gold_per_floor":[119,119,119,41,59,102,102,120,195,216,255,268,268,144,144,275,275,289,320,305,328,47,47,47],"floor_reached":24,"playtime":901,"items_purged":["Strike_G","Strike_G"],"score":268,"play_id":"dd9f649e-8f35-46e8-9ce8-2237f3f01dd3","local_time":"20180812123451","is_ascension_mode":true,"campfire_choices":[{"data":"Dash","floor":7.0,"key":"SMITH"},{"data":"Dash","floor":13.0,"key":"SMITH"},{"data":"Dodge and Roll","floor":15.0,"key":"SMITH"},{"floor":23.0,"key":"REST"}],"neow_cost":"","seed_source_timestamp":0,"circlet_count":0,"master_deck":["Defend_G","Defend_G","Defend_G","Defend_G","Strike_G","Strike_G","Survivor","Neutralize+1","Dash+1","Poisoned Stab","Dash+1","Dodge and Roll+1","Dodge and Roll","PiercingWail","Flying Knee","Glass Knife","Dodge and Roll","Crippling Poison","Dagger Throw","Sucker Punch","Apotheosis"],"special_seed":0,"relics":["Ring of the Snake","Golden Idol","Pen Nib","Bottled Flame","Bronze Scales","Empty Cage","Red Mask"],"potions_floor_usage":[],"damage_taken":[{"damage":0.0,"enemies":"2 Louse","floor":1.0,"turns":2.0},{"damage":0.0,"enemies":"Cultist","floor":5.0,"turns":4.0},{"damage":12.0,"enemies":"Lagavulin","floor":6.0,"turns":6.0},{"damage":0.0,"enemies":"Small Slimes","floor":8.0,"turns":3.0},{"damage":0.0,"enemies":"Exordium Wildlife","floor":10.0,"turns":3.0},{"damage":6.0,"enemies":"3 Sentries","floor":11.0,"turns":9.0},{"damage":0.0,"enemies":"2 Fungi Beasts","floor":12.0,"turns":3.0},{"damage":10.0,"enemies":"Slime Boss","floor":16.0,"turns":8.0},{"damage":7.0,"enemies":"Shell Parasite","floor":18.0,"turns":6.0},{"damage":47.0,"floor":19.0,"turns":6.0},{"damage":3.0,"enemies":"2 Thieves","floor":20.0,"turns":4.0},{"damage":0.0,"enemies":"Snake Plant","floor":21.0,"turns":2.0},{"damage":26,"enemies":"Slavers","floor":24,"turns":4}],"seed_played":"3442260485140436354","potions_obtained":[{"floor":1.0,"key":"EssenceOfSteel"},{"floor":5.0,"key":"Fire Potion"},{"floor":8.0,"key":"Regen Potion"},{"floor":11.0,"key":"FearPotion"},{"floor":12.0,"key":"FearPotion"},{"floor":20.0,"key":"FearPotion"}],"is_trial":false,"path_per_floor":["M","?","?","$","M","E","R","M","T","M","E","M","R","$","R","B",null,"M","?","M","M","$","R"],"character_chosen":"THE_SILENT","items_purchased":["Dash","Flying Knee","Apotheosis"],"campfire_rested":1,"item_purchase_floors":[4,14,22],"current_hp_per_floor":[63,46,46,46,46,34,34,34,34,34,43,43,43,43,43,33,61,54,7,4,4,4,25,0],"gold":47,"neow_bonus":"","is_prod":false,"is_daily":false,"chose_seed":false,"campfire_upgraded":3,"win_rate":0,"timestamp":1534091691,"path_taken":["M","?","?","$","M","E","R","M","T","M","E","M","R","$","R","BOSS","M","?","M","M","$","R","E"],"build_version":"2018-08-09","purchased_purges":2,"victory":false,"max_hp_per_floor":[70,70,70,70,70,70,70,70,70,70,70,70,70,70,70,70,70,70,70,70,70,70,70,70],"card_choices":[{"not_picked":["Flechettes","Deflect","Slice"],"picked":"SKIP","floor":1.0},{"not_picked":["Acrobatics","Bane"],"picked":"Poisoned Stab","floor":5.0},{"not_picked":["Endless Agony","Phantasmal Killer"],"picked":"Dash","floor":6.0},{"not_picked":["Outmaneuver","Slice"],"picked":"Dodge and Roll","floor":8.0},{"not_picked":["Outmaneuver","Bane","Distraction"],"picked":"SKIP","floor":10.0},{"not_picked":["Expertise","All Out Attack"],"picked":"Dodge and Roll","floor":11.0},{"not_picked":["Underhanded Strike","Bouncing Flask"],"picked":"PiercingWail","floor":12.0},{"not_picked":["Phantasmal Killer","Tools of the Trade"],"picked":"Glass Knife","floor":16.0},{"not_picked":["Dagger Spray","Sucker Punch"],"picked":"Dodge and Roll","floor":18.0},{"not_picked":["Deflect","Storm of Steel"],"picked":"Crippling Poison","floor":19.0},{"not_picked":["Underhanded Strike","Deadly Poison"],"picked":"Dagger Throw","floor":20.0},{"not_picked":["Prepared","Deadly Poison+1"],"picked":"Sucker Punch","floor":21.0}],"player_experience":251319,"relics_obtained":[{"floor":6.0,"key":"Pen Nib"},{"floor":9.0,"key":"Bottled Flame"},{"floor":11.0,"key":"Bronze Scales"},{"floor":19.0,"key":"Red Mask"}],"event_choices":[{"event_name":"Golden Idol","player_choice":"Take Damage","floor":2.0,"damage_taken":0.0},{"event_name":"Living Wall","player_choice":"Grow","floor":3.0,"damage_taken":0.0},{"event_name":"Masked Bandits","player_choice":"Fought Bandits","floor":19.0,"damage_taken":0.0}],"is_beta":false,"boss_relics":[{"not_picked":["Runic Dome","Runic Pyramid"],"picked":"Empty Cage"}],"items_purged_floors":[14,22],"is_endless":false,"potions_floor_spawned":[1,5,8,11,12,20],"killed_by":"Slavers","ascension_level":6}