{"gold_per_floor":[116,129,54,54,70,70,101,101,155,188,206,206,216,60,60,137,137,156,175,175],"floor_reached":20,"playtime":694,"items_purged":["Strike_R"],"score":368,"play_id":"3dc327bb-d6ef-4ff9-b18f-7c372c9b1b05","local_time":"20190228143820","is_ascension_mode":true,"campfire_choices":[{"data":"Bash","floor":6.0,"key":"SMITH"},{"data":"Clothesline","floor":8.0,"key":"SMITH"},{"floor":15.0,"key":"REST"}],"neow_cost":"NONE","seed_source_timestamp":16652378444700,"circlet_count":0,"master_deck":["AscendersBane","Strike_R","Strike_R","Strike_R","Defend_R","Defend_R","Defend_R","Defend_R","Bash+1","Cleave","Clothesline+1","Ghostly Armor","Sword Boomerang","Headbutt","Pommel Strike+1","Carnage","Corruption","Twin Strike","Dark Embrace","Shrug It Off"],"special_seed":0,"relics":["Eternal Feather","Blood Vial","Potion Belt","Dream Catcher","Cursed Key"],"potions_floor_usage":[16,16,20,20],"damage_taken":[{"damage":6.0,"enemies":"Jaw Worm","floor":1.0,"turns":7.0},{"damage":10.0,"enemies":"Small Slimes","floor":2.0,"turns":3.0},{"damage":0.0,"enemies":"2 Louse","floor":5.0,"turns":2.0},{"damage":20.0,"enemies":"3 Sentries","floor":7.0,"turns":10.0},{"damage":26.0,"enemies":"Gremlin Nob","floor":10.0,"turns":4.0},{"damage":8.0,"enemies":"Blue Slaver","floor":11.0,"turns":3.0},{"damage":5.0,"enemies":"2 Fungi Beasts","floor":13.0,"turns":3.0},{"damage":36,"enemies":"Slime Boss","floor":16,"turns":8},{"damage":23,"enemies":"Shell Parasite","floor":18,"turns":5},{"damage":31,"enemies":"2 Thieves","floor":19,"turns":5},{"damage":15,"enemies":"Snake Plant","floor":20,"turns":2}],"seed_played":"-3572379136659032810","potions_obtained":[{"floor":1.0,"key":"AttackPotion"},{"floor":5.0,"key":"FearPotion"},{"floor":10.0,"key":"Energy Potion"},{"floor":13.0,"key":"FearPotion"},{"floor":18,"key":"AttackPotion"}],"is_trial":false,"path_per_floor":["M","M","?","?","M","R","E","R","T","E","M","?","M","$","R","B",null,"M","M","M"],"character_chosen":"IRONCLAD","items_purchased":["Corruption"],"campfire_rested":1,"item_purchase_floors":[14],"current_hp_per_floor":[62,52,52,52,52,58,38,44,44,20,14,14,11,11,42,8,58,37,8,0],"gold":175,"neow_bonus":"BOSS_RELIC","is_prod":false,"is_daily":false,"chose_seed":false,"campfire_upgraded":2,"win_rate":0,"timestamp":1551364700,"path_taken":["M","M","?","?","M","R","E","R","T","E","M","?","M","$","R","BOSS","M","M","M"],"build_version":"2019-01-23","purchased_purges":1,"victory":false,"max_hp_per_floor":[75,75,75,75,75,75,75,75,75,75,75,75,75,75,75,75,75,75,75,75],"card_choices":[{"not_picked":["Sever Soul","Blood for Blood"],"picked":"Cleave","floor":1.0},{"not_picked":["Heavy Blade","Disarm"],"picked":"Clothesline","floor":2.0},{"not_picked":["Dropkick","Havoc"],"picked":"Ghostly Armor","floor":5.0},{"not_picked":["Dual Wield","Wild Strike"],"picked":"Sword Boomerang","floor":7.0},{"not_picked":["Sword Boomerang","Evolve"],"picked":"Headbutt","floor":10.0},{"not_picked":["Headbutt","Dual Wield"],"picked":"Pommel Strike","floor":11.0},{"not_picked":["Rupture","Barricade"],"picked":"Carnage","floor":13.0},{"not_picked":["Hemokinesis","Cleave"],"picked":"Twin Strike","floor":15.0},{"not_picked":["Immolate","Berserk"],"picked":"Dark Embrace","floor":16},{"not_picked":["Body Slam","Warcry"],"picked":"Shrug It Off","floor":18},{"not_picked":["Blood for Blood","Power Through","Warcry"],"picked":"SKIP","floor":19}],"player_experience":1218770,"relics_obtained":[{"floor":7.0,"key":"Blood Vial"},{"floor":9.0,"key":"Potion Belt"},{"floor":10.0,"key":"Dream Catcher"}],"event_choices":[{"cards_removed":["Strike_R"],"damage_healed":0.0,"max_hp_gain":0.0,"max_hp_loss":0.0,"gold_gain":0.0,"event_name":"The Cleric","player_choice":"Card Removal","floor":3.0,"gold_loss":75.0,"damage_taken":0.0},{"damage_healed":0.0,"max_hp_gain":0.0,"max_hp_loss":0.0,"gold_gain":0.0,"event_name":"Liars Game","player_choice":"Ignored","floor":4.0,"gold_loss":0.0,"damage_taken":0.0},{"damage_healed":0.0,"max_hp_gain":0.0,"max_hp_loss":0.0,"gold_gain":0.0,"event_name":"Living Wall","player_choice":"Grow","floor":12.0,"gold_loss":0.0,"damage_taken":0.0,"cards_upgraded":["Pommel Strike"]}],"is_beta":false,"boss_relics":[{"not_picked":["White Beast Statue","Busted Crown"],"picked":"Cursed Key"}],"items_purged_floors":[14],"is_endless":false,"potions_floor_spawned":[1,5,10,13,18],"killed_by":"Snake Plant","ascension_level":20}