{"path_per_floor":["M","M","$","?","$","E","R","?","T","E","?","$","M","?","R","B",null,"M","?","M","$","T","E","R","$","T","M","R","?","M","M","R"],"character_chosen":"THE_SILENT","items_purchased":["Well Laid Plans","Jack Of All Trades","Reflex"],"gold_per_floor":[117,135,21,21,21,52,52,52,77,104,104,12,23,23,23,125,125,144,144,156,18,95,127,127,2,29,49,49,49,59,69,69],"floor_reached":33,"campfire_rested":4,"playtime":1392,"current_hp_per_floor":[70,65,65,65,65,43,63,63,63,10,10,10,10,32,52,12,67,61,61,60,60,60,42,42,42,42,36,56,56,35,35,55],"items_purged":["Parasite","Slice","Strike_G"],"gold":69,"score":271,"play_id":"87bd2d6f-1547-48e3-9788-13f6c2ca621c","is_prod":false,"is_daily":false,"is_ascension_mode":false,"campfire_upgraded":1,"path_taken":["M","M","$","?","$","E","R","?","T","E","?","?","?","?","R","BOSS","M","?","M","$","?","E","R","$","T","?","R","?","M","M","R","BOSS"],"build_version":"2018-02-12-PROD1","purchased_purges":3,"victory":false,"master_deck":["Defend_G","Defend_G","Defend_G","Defend_G","Strike_G","Strike_G","Strike_G","Survivor","Neutralize","Sucker Punch","Dodge and Roll","Well Laid Plans","Calculated Gamble+1","Distraction","Jack Of All Trades","Quick Slash","Burst","Terror","Calculated Gamble","Underhanded Strike","Reflex","Underhanded Strike+1"],"max_hp_per_floor":[70,70,67,67,67,67,67,67,67,67,67,67,67,67,67,67,67,67,67,67,67,67,67,67,67,67,67,67,67,67,67,67],"relics":["Ring of the Snake","Tingsha","Happy Flower","Bag of Marbles","Gambling Chip","Sozu","Ornamental Fan","Mummified Hand","Nloth\u0027s Gift"],"card_choices":[{"not_picked":["PiercingWail","Malaise"],"picked":"Sucker Punch"},{"not_picked":["Wraith Form","Riddle With Holes"],"picked":"Dodge and Roll"},{"not_picked":["Bane","Deflect"],"picked":"Calculated Gamble"},{"not_picked":["Dagger Spray","Poisoned Stab"],"picked":"Slice"},{"not_picked":["Cloak And Dagger","Bane"],"picked":"Quick Slash"},{"not_picked":["After Image","Corpse Explosion"],"picked":"Burst"},{"not_picked":["Bane","Bouncing Flask"],"picked":"Terror"},{"not_picked":["Backstab","Outmaneuver"],"picked":"Underhanded Strike"},{"not_picked":["Cloak And Dagger","Sucker Punch"],"picked":"Underhanded Strike"}],"player_experience":77931,"potions_floor_usage":[6,10,16],"damage_taken":[{"damage":0,"enemies":"Small Slimes","floor":1,"turns":5},{"damage":5,"enemies":"Blue Slaver","floor":2,"turns":5},{"damage":22,"enemies":"Lagavulin","floor":6,"turns":9},{"damage":53,"enemies":"Gremlin Nob","floor":10,"turns":7},{"damage":0,"enemies":"Cultist","floor":13,"turns":1},{"damage":40,"enemies":"Hexaghost","floor":16,"turns":9},{"damage":6,"enemies":"Spheric Guardian","floor":18,"turns":4},{"damage":1,"enemies":"Shell Parasite","floor":20,"turns":5},{"damage":18,"enemies":"Book of Stabbing","floor":23,"turns":6},{"damage":10,"enemies":"3 Cultists","floor":27,"turns":5},{"damage":21,"enemies":"Cultist and Chosen","floor":30,"turns":6},{"damage":0,"enemies":"Snake Plant","floor":31,"turns":1},{"damage":61,"enemies":"Automaton","floor":33,"turns":8}],"event_choices":[{"event_name":"Purifier","player_choice":"One Purge","floor":4,"damage_taken":0},{"event_name":"Living Wall","player_choice":"Change","floor":8,"damage_taken":0},{"event_name":"Shining Light","player_choice":"Ignored","floor":11,"damage_taken":0},{"event_name":"Big Fish","player_choice":"Banana","floor":14,"damage_taken":0},{"event_name":"Duplicator","player_choice":"One dupe","floor":19,"damage_taken":0},{"event_name":"N\u0027loth","player_choice":"Traded a Ancient Tea Set","floor":29,"damage_taken":0}],"boss_relics":[{"not_picked":["Calling Bell","Question Card"],"picked":"Sozu"}],"potions_floor_spawned":[1,6,10,20,27,31],"seed_played":"471813265536124118","killed_by":"Automaton","ascension_level":0,"is_trial":false}