{"path_per_floor":["M","?","?","M","M","E","?","?","T","M","R","?","$","M","R","B",null,"M","M","?","$","?","R","?","R","T","R","M","M","M","M","R","B",null,"M","M","?","M","M","R","M","R","T","$","M","?","M","M","R"],"character_chosen":"IRONCLAD","items_purchased":["Mercury Hourglass","Bandage Up","Apotheosis","Lee\u0027s Waffle","Strawberry"],"gold_per_floor":[118,118,118,139,159,493,493,668,668,689,689,689,272,287,287,408,408,424,412,412,9,9,9,9,9,9,9,29,42,61,72,72,176,176,195,211,211,222,238,238,258,258,258,12,28,0,15,32,32],"floor_reached":50,"campfire_rested":2,"playtime":2548,"current_hp_per_floor":[80,80,60,66,72,34,34,34,34,24,48,74,74,73,73,43,80,77,62,62,87,60,60,60,60,60,60,60,44,60,51,51,33,60,60,60,52,23,49,60,60,60,60,67,67,67,58,67,67],"items_purged":["Doubt","Defend_R"],"gold":32,"score":474,"play_id":"79f7b482-573b-42c1-8056-e04452cc4990","is_prod":false,"is_daily":false,"is_ascension_mode":false,"campfire_upgraded":7,"path_taken":["M","?","?","?","M","E","?","?","T","?","R","?","$","M","R","BOSS","M","M","?","$","?","R","?","R","T","R","M","?","M","M","R","BOSS","M","M","?","?","M","R","M","R","T","$","M","?","M","?","R","BOSS"],"build_version":"2018-02-12-PROD1","purchased_purges":3,"victory":false,"master_deck":["Defend_R","Defend_R","Defend_R","Bash","Inflame+1","Shrug It Off","Flex","True Grit+1","Seeing Red","Bandage Up","Shrug It Off","Berserk","Heavy Blade+1","Searing Blow+5","Apotheosis+1","Bite","Bite","Bite","Bite","Bite","Iron Wave+1","Blood for Blood","Thunderclap","Impervious","Inflame+1","Clothesline+1","Madness","Madness","Inflame+1","Whirlwind+1","Pommel Strike+1"],"max_hp_per_floor":[80,80,80,80,80,80,80,80,80,80,80,80,80,80,80,80,80,80,80,80,87,60,60,60,60,60,60,60,60,60,60,60,60,60,60,60,60,60,60,60,60,60,60,67,67,67,67,67,67],"relics":["Black Blood","NeowsBlessing","Bloody Idol","Old Coin","Ice Cream","Mercury Hourglass","Sozu","Lee\u0027s Waffle","Frozen Eye","Gambling Chip","Strawberry","Red Mask"],"card_choices":[{"not_picked":["Twin Strike","Iron Wave"],"picked":"Inflame"},{"not_picked":["Twin Strike","Flame Barrier"],"picked":"Shrug It Off"},{"not_picked":["Shrug It Off","Warcry"],"picked":"Flex"},{"not_picked":["Bloodletting","Blood for Blood"],"picked":"True Grit"},{"not_picked":["Body Slam","Cleave"],"picked":"Seeing Red"},{"not_picked":["Pommel Strike","Intimidate"],"picked":"Shrug It Off"},{"not_picked":["Offering","Fiend Fire"],"picked":"Berserk"},{"not_picked":["Anger","Combust"],"picked":"Heavy Blade"},{"not_picked":["Anger","Flame Barrier"],"picked":"Searing Blow"},{"not_picked":["Warcry","Body Slam"],"picked":"Iron Wave"},{"not_picked":["Sword Boomerang","Twin Strike"],"picked":"Blood for Blood"},{"not_picked":["Iron Wave","Flex"],"picked":"Thunderclap"},{"not_picked":["Juggernaut","Bludgeon"],"picked":"Impervious"},{"not_picked":["True Grit","Infernal Blade"],"picked":"Inflame"},{"not_picked":["Armaments","Dropkick"],"picked":"Clothesline"},{"not_picked":["Metallicize","Disarm"],"picked":"Inflame"},{"not_picked":["Sentinel","Infernal Blade"],"picked":"Whirlwind"},{"not_picked":["Warcry","Cleave"],"picked":"Pommel Strike"}],"player_experience":81666,"potions_floor_usage":[10,16],"damage_taken":[{"damage":0,"enemies":"2 Louse","floor":1,"turns":1},{"damage":0,"enemies":"Blue Slaver","floor":4,"turns":1},{"damage":0,"enemies":"Jaw Worm","floor":5,"turns":1},{"damage":44,"enemies":"Gremlin Nob","floor":6,"turns":5},{"damage":16,"enemies":"Exordium Thugs","floor":10,"turns":5},{"damage":11,"enemies":"2 Fungi Beasts","floor":14,"turns":3},{"damage":40,"enemies":"Slime Boss","floor":16,"turns":11},{"damage":9,"enemies":"Chosen","floor":18,"turns":7},{"damage":25,"enemies":"2 Thieves","floor":19,"turns":4},{"damage":16,"enemies":"Sentry and Sphere","floor":28,"turns":5},{"damage":36,"enemies":"Snake Plant","floor":29,"turns":5},{"damage":1,"enemies":"Snecko","floor":30,"turns":4},{"damage":33,"enemies":"Slaver and Parasite","floor":31,"turns":4},{"damage":58,"enemies":"Automaton","floor":33,"turns":10},{"damage":10,"enemies":"Orb Walker","floor":35,"turns":2},{"damage":11,"enemies":"3 Shapes","floor":36,"turns":5},{"damage":54,"enemies":"Sphere and 2 Shapes","floor":38,"turns":5},{"damage":9,"enemies":"3 Darklings","floor":39,"turns":6},{"damage":25,"enemies":"4 Shapes","floor":41,"turns":8},{"damage":10,"enemies":"Maw","floor":45,"turns":8},{"damage":24,"enemies":"Sphere and 2 Shapes","floor":47,"turns":4},{"damage":2,"enemies":"3 Darklings","floor":48,"turns":4},{"damage":78,"enemies":"Awakened One","floor":50,"turns":3}],"event_choices":[{"event_name":"Accursed Blacksmith","player_choice":"Forge","floor":2,"damage_taken":0},{"event_name":"Golden Idol","player_choice":"Take Damage","floor":3,"damage_taken":0},{"event_name":"Living Wall","player_choice":"Forget","floor":7,"damage_taken":0},{"event_name":"Liars Game","player_choice":"agreed","floor":8,"damage_taken":0},{"event_name":"Big Fish","player_choice":"Banana","floor":12,"damage_taken":0},{"event_name":"Cursed Tome","player_choice":"Ignored","floor":20,"damage_taken":0},{"event_name":"Vampires","player_choice":"Became a vampire","floor":22,"damage_taken":0},{"event_name":"Forgotten Altar","player_choice":"Gave Idol","floor":24,"damage_taken":0},{"event_name":"Winding Halls","player_choice":"Embrace Madness","floor":37,"damage_taken":0},{"event_name":"Tomb of Lord Red Mask","player_choice":"Paid","floor":46,"damage_taken":0}],"boss_relics":[{"not_picked":["Cursed Key","Runic Pyramid"],"picked":"Sozu"},{"not_picked":["Tiny House","Runic Cube"],"picked":"Black Blood"}],"potions_floor_spawned":[1,6,10,18,19,33,35,39,41,48],"seed_played":"3953187979545256272","killed_by":"Awakened One","ascension_level":0,"is_trial":false}