{"gold_per_floor":[115,40,59,76,92,92,124,124,147,147,147,159,187,206,206,206],"floor_reached":16,"playtime":640,"items_purged":["Decay"],"score":224,"play_id":"616b6a64-0bab-40d3-bc1c-552d1616e9d6","local_time":"20190708002943","is_ascension_mode":true,"campfire_choices":[{"data":"Dagger Spray","floor":6.0,"key":"SMITH"},{"data":"Footwork","floor":8.0,"key":"SMITH"},{"data":"Neutralize","floor":11.0,"key":"SMITH"},{"data":"Glass Knife","floor":15.0,"key":"SMITH"}],"neow_cost":"CURSE","seed_source_timestamp":6177722047519370,"circlet_count":0,"master_deck":["AscendersBane","Strike_G","Strike_G","Strike_G","Strike_G","Strike_G","Defend_G+1","Defend_G+1","Defend_G","Defend_G","Defend_G","Survivor","Neutralize+1","Dagger Spray+1","Bane","Sucker Punch","Footwork+1","Poisoned Stab","Glass Knife+1","Cloak And Dagger"],"special_seed":0,"relics":["Ring of the Snake","Thread and Needle","War Paint","Blood Vial","Lantern","Bag of Preparation"],"potions_floor_usage":[16],"damage_taken":[{"damage":0.0,"enemies":"2 Louse","floor":1.0,"turns":4.0},{"damage":0.0,"enemies":"Cultist","floor":3.0,"turns":3.0},{"damage":0.0,"enemies":"Jaw Worm","floor":4.0,"turns":4.0},{"damage":3.0,"enemies":"2 Fungi Beasts","floor":5.0,"turns":4.0},{"damage":22.0,"enemies":"Lagavulin","floor":7.0,"turns":8.0},{"damage":0.0,"enemies":"Large Slime","floor":12.0,"turns":6.0},{"damage":2.0,"enemies":"Gremlin Nob","floor":13.0,"turns":3.0},{"damage":0.0,"enemies":"Gremlin Gang","floor":14.0,"turns":4.0},{"damage":42,"enemies":"Slime Boss","floor":16,"turns":12}],"seed_played":"-8019945962104007140","potions_obtained":[{"floor":4.0,"key":"Block Potion"},{"floor":5.0,"key":"Dexterity Potion"},{"floor":7.0,"key":"FearPotion"}],"is_trial":false,"path_per_floor":["M","$","M","M","M","R","E","R","T","?","R","M","E","M","R","B"],"character_chosen":"THE_SILENT","items_purchased":[],"campfire_rested":0,"item_purchase_floors":[],"current_hp_per_floor":[59,59,59,59,56,56,34,34,34,34,34,36,36,38,38,0],"gold":206,"neow_bonus":"ONE_RARE_RELIC","is_prod":false,"is_daily":false,"chose_seed":false,"campfire_upgraded":4,"win_rate":0,"timestamp":1562560183,"path_taken":["M","$","M","M","M","R","E","R","T","?","R","?","E","M","R","BOSS"],"build_version":"2019-07-05","purchased_purges":1,"victory":false,"max_hp_per_floor":[66,66,66,66,66,66,66,66,66,66,66,66,66,66,66,66],"card_choices":[{"not_picked":["Poisoned Stab","Sucker Punch"],"picked":"Dagger Spray","floor":1.0},{"not_picked":["Acrobatics","Cloak And Dagger"],"picked":"Bane","floor":3.0},{"not_picked":["Deadly Poison","Prepared"],"picked":"Choke","floor":4.0},{"not_picked":["Deflect","Leg Sweep"],"picked":"Sucker Punch","floor":5.0},{"not_picked":["Prepared","Choke"],"picked":"Footwork","floor":7.0},{"not_picked":["Deflect","Prepared"],"picked":"Poisoned Stab","floor":12.0},{"not_picked":["Cloak And Dagger","Backflip"],"picked":"Glass Knife","floor":13.0},{"not_picked":["Slice","Bouncing Flask"],"picked":"Cloak And Dagger","floor":14.0}],"player_experience":913150,"relics_obtained":[{"floor":7.0,"key":"War Paint"},{"floor":9.0,"key":"Blood Vial"},{"floor":13.0,"key":"Bag of Preparation"}],"event_choices":[{"cards_removed":["Choke"],"damage_healed":0.0,"max_hp_gain":0.0,"max_hp_loss":0.0,"gold_gain":0.0,"event_name":"WeMeetAgain","player_choice":"Gave Card","floor":10.0,"gold_loss":0.0,"damage_taken":0.0,"relics_obtained":["Lantern"]}],"is_beta":false,"boss_relics":[],"items_purged_floors":[2],"is_endless":false,"potions_floor_spawned":[4,5,7],"killed_by":"Slime Boss","ascension_level":20}