{"gold_per_floor":[115,22,39,53,71,103,103,103,151,176,208,220,243,287,299,382,394,420,357,372,372,400,400,400,414,414,414],"floor_reached":27,"playtime":847,"items_purged":["Strike_B"],"score":466,"play_id":"5d184c65-fe1b-4d0f-83b6-efbf8c3c36b3","local_time":"20190701145213","is_ascension_mode":true,"campfire_choices":[{"data":"Zap","floor":7.0,"key":"SMITH"},{"data":"Buffer","floor":12.0,"key":"SMITH"},{"data":"Defragment","floor":15.0,"key":"SMITH"},{"floor":24.0,"key":"REST"}],"neow_cost":"TEN_PERCENT_HP_LOSS","seed_source_timestamp":101256159395200,"circlet_count":0,"master_deck":["AscendersBane","Strike_B","Strike_B","Strike_B","Defend_B","Defend_B","Defend_B","Defend_B","Zap+1","Dualcast","Ball Lightning","Glacier","Gash","Skim","Beam Cell","Ball Lightning","Cold Snap+1","Buffer+1","Rip and Tear+1","Echo Form","Doom and Gloom+1","Cold Snap+1","Defragment+1","Creative AI","Go for the Eyes+1","Thunder Strike+1","Necronomicurse","Static Discharge+1","Doom and Gloom+1"],"special_seed":0,"relics":["Cracked Core","Gambling Chip","Molten Egg 2","Oddly Smooth Stone","MawBank","Incense Burner","Cursed Key","Necronomicon","Red Mask"],"potions_floor_usage":[27],"damage_taken":[{"damage":0.0,"enemies":"2 Louse","floor":1.0,"turns":2.0},{"damage":1.0,"enemies":"Cultist","floor":3.0,"turns":3.0},{"damage":9.0,"enemies":"Jaw Worm","floor":4.0,"turns":4.0},{"damage":4.0,"enemies":"Exordium Wildlife","floor":5.0,"turns":4.0},{"damage":8.0,"enemies":"Gremlin Nob","floor":6.0,"turns":3.0},{"damage":8.0,"enemies":"3 Sentries","floor":10.0,"turns":5.0},{"damage":0.0,"enemies":"Blue Slaver","floor":11.0,"turns":1.0},{"damage":0.0,"enemies":"2 Fungi Beasts","floor":13.0,"turns":3.0},{"damage":4.0,"enemies":"Gremlin Nob","floor":14.0,"turns":4.0},{"damage":13.0,"enemies":"The Guardian","floor":16.0,"turns":11.0},{"damage":10.0,"enemies":"2 Thieves","floor":18.0,"turns":4.0},{"damage":15.0,"enemies":"Shell Parasite","floor":20.0,"turns":6.0},{"damage":8.0,"enemies":"Masked Bandits","floor":22.0,"turns":3.0},{"damage":0.0,"enemies":"Colosseum Slavers","floor":23.0,"turns":1.0},{"damage":8.0,"enemies":"Shelled Parasite and Fungi","floor":25.0,"turns":5.0},{"damage":22,"enemies":"Slavers","floor":27,"turns":2}],"seed_played":"7696413838976589136","potions_obtained":[{"floor":1.0,"key":"SpeedPotion"},{"floor":4.0,"key":"Poison Potion"},{"floor":10.0,"key":"Fire Potion"},{"floor":11.0,"key":"Block Potion"},{"floor":14.0,"key":"Fruit Juice"},{"floor":22.0,"key":"Explosive Potion"}],"is_trial":false,"path_per_floor":["M","$","M","M","M","E","R","?","T","E","M","R","M","E","R","B",null,"M","$","M","?","?","?","R","M","T","E"],"character_chosen":"DEFECT","items_purchased":["Glacier","Gash"],"campfire_rested":1,"item_purchase_floors":[2,2],"current_hp_per_floor":[64,64,63,54,50,42,42,42,42,34,34,34,34,35,35,22,57,47,47,32,11,3,3,23,15,15,0],"gold":414,"neow_bonus":"ONE_RARE_RELIC","is_prod":false,"is_daily":false,"chose_seed":false,"campfire_upgraded":3,"win_rate":0,"timestamp":1561989133,"path_taken":["M","$","M","M","M","E","R","?","T","E","?","R","M","E","R","BOSS","M","$","M","?","?","?","R","?","T","E"],"build_version":"2019-01-23","purchased_purges":1,"victory":false,"max_hp_per_floor":[64,64,64,64,64,64,64,64,64,64,64,64,64,69,69,69,69,69,69,69,69,69,69,69,69,69,69],"card_choices":[{"not_picked":["Blizzard","Hologram"],"picked":"Ball Lightning","floor":1.0},{"not_picked":["Blizzard","Turbo"],"picked":"Skim","floor":3.0},{"not_picked":["Capacitor","Compile Driver"],"picked":"Beam Cell","floor":4.0},{"not_picked":["Turbo","Steam"],"picked":"Ball Lightning","floor":5.0},{"not_picked":["Compile Driver","Turbo"],"picked":"Cold Snap","floor":6.0},{"not_picked":["Sunder+1","Genetic Algorithm"],"picked":"Echo Form","floor":10.0},{"not_picked":["Coolheaded","Static Discharge"],"picked":"Doom and Gloom+1","floor":11.0},{"not_picked":["Hologram","Stack"],"picked":"Cold Snap+1","floor":13.0},{"not_picked":["Reinforced Body","Streamline+1"],"picked":"Defragment","floor":14.0},{"not_picked":["Biased Cognition","Amplify"],"picked":"Creative AI","floor":16.0},{"not_picked":["Leap","Coolheaded"],"picked":"Go for the Eyes+1","floor":18.0},{"not_picked":["Conserve Battery","Ball Lightning+1"],"picked":"Thunder Strike+1","floor":20.0},{"not_picked":["Go for the Eyes+1","Conserve Battery"],"picked":"Static Discharge+1","floor":22.0},{"not_picked":["Go for the Eyes+1","Aggregate"],"picked":"Doom and Gloom+1","floor":25.0}],"player_experience":1518972,"relics_obtained":[{"floor":6.0,"key":"Molten Egg 2"},{"floor":9.0,"key":"Oddly Smooth Stone"},{"floor":10.0,"key":"MawBank"},{"floor":14.0,"key":"Incense Burner"},{"floor":21.0,"key":"Necronomicon"},{"floor":22.0,"key":"Red Mask"}],"event_choices":[{"damage_healed":0.0,"max_hp_gain":0.0,"max_hp_loss":0.0,"gold_gain":0.0,"event_name":"Match and Keep!","player_choice":"2 cards matched","floor":8.0,"gold_loss":0.0,"damage_taken":0.0,"cards_obtained":["Buffer","Rip and Tear"]},{"damage_healed":0.0,"max_hp_gain":0.0,"max_hp_loss":0.0,"gold_gain":0.0,"event_name":"Cursed Tome","player_choice":"Obtained Book","floor":21.0,"gold_loss":0.0,"damage_taken":21.0},{"damage_healed":0.0,"max_hp_gain":0.0,"max_hp_loss":0.0,"gold_gain":0.0,"event_name":"Masked Bandits","player_choice":"Fought Bandits","floor":22.0,"gold_loss":0.0,"damage_taken":0.0},{"damage_healed":0.0,"max_hp_gain":0.0,"max_hp_loss":0.0,"gold_gain":0.0,"event_name":"Colosseum","player_choice":"Fight","floor":23.0,"gold_loss":0.0,"damage_taken":0.0},{"damage_healed":0.0,"max_hp_gain":0.0,"max_hp_loss":0.0,"gold_gain":0.0,"event_name":"Colosseum","player_choice":"Fled From Nobs","floor":23.0,"gold_loss":0.0,"damage_taken":0.0}],"is_beta":false,"boss_relics":[{"not_picked":["Tiny House","Busted Crown"],"picked":"Cursed Key"}],"items_purged_floors":[19],"is_endless":false,"potions_floor_spawned":[1,4,10,11,13,14,22],"killed_by":"Slavers","ascension_level":20}