{"gold_per_floor":[116,41,56,231,241,241,68,82,106,106,106,124,180,180,180,180],"floor_reached":16,"playtime":312,"items_purged":["Strike_G","Doubt"],"score":90,"play_id":"1e90c467-f0f9-463f-b15c-6495e452dbd6","local_time":"20190208222017","is_ascension_mode":false,"campfire_choices":[{"data":"Infinite Blades","floor":6,"key":"SMITH"},{"data":"Accuracy","floor":10,"key":"SMITH"},{"floor":15,"key":"REST"}],"neow_cost":"NONE","seed_source_timestamp":964188505125117,"circlet_count":0,"master_deck":["Defend_G","Defend_G","Defend_G","Defend_G","Defend_G","Strike_G","Strike_G","Strike_G","Strike_G","Survivor","Neutralize","Outmaneuver","Finisher","Infinite Blades+1","Accuracy+1","Blade Dance","Setup"],"relics":["Ring of the Snake","NeowsBlessing","Juzu Bracelet","Omamori","Molten Egg 2"],"potions_floor_usage":[13],"damage_taken":[{"damage":0,"enemies":"Cultist","floor":1,"turns":1},{"damage":0,"enemies":"Jaw Worm","floor":3,"turns":1},{"damage":0,"enemies":"2 Louse","floor":5,"turns":1},{"damage":8,"enemies":"Red Slaver","floor":8,"turns":4},{"damage":12,"enemies":"Exordium Wildlife","floor":12,"turns":5},{"damage":36,"enemies":"Lagavulin Event","floor":13,"turns":7},{"damage":35,"enemies":"The Guardian","floor":16,"turns":6}],"seed_played":"1929107745438085706","potions_obtained":[{"floor":1,"key":"Explosive Potion"},{"floor":8,"key":"AttackPotion"}],"is_trial":false,"path_per_floor":["M","$","M","?","M","R","$","M","T","R","?","M","?","?","R","B"],"character_chosen":"THE_SILENT","items_purchased":["Accuracy"],"campfire_rested":1,"item_purchase_floors":[7],"current_hp_per_floor":[70,70,70,70,70,70,70,62,62,62,62,50,14,14,35,0],"gold":180,"neow_bonus":"THREE_ENEMY_KILL","is_prod":false,"is_daily":false,"chose_seed":false,"campfire_upgraded":2,"win_rate":0,"timestamp":1549693217,"path_taken":["M","$","?","?","M","R","$","M","T","R","?","M","?","?","R","BOSS"],"build_version":"2019-01-23","purchased_purges":2,"victory":false,"max_hp_per_floor":[70,70,70,70,70,70,70,70,70,70,70,70,70,70,70,70],"card_choices":[{"not_picked":["Flechettes","Masterful Stab"],"picked":"Outmaneuver","floor":1},{"not_picked":["Bane","Sucker Punch"],"picked":"Finisher","floor":3},{"not_picked":["Prepared","Underhanded Strike"],"picked":"Infinite Blades","floor":5},{"not_picked":["Calculated Gamble","Bullet Time"],"picked":"Blade Dance","floor":8},{"not_picked":["PiercingWail","Underhanded Strike","Tactician"],"picked":"SKIP","floor":12},{"not_picked":["Escape Plan","Slice"],"picked":"Setup","floor":13}],"player_experience":196761,"relics_obtained":[{"floor":9,"key":"Juzu Bracelet"},{"floor":13,"key":"Molten Egg 2"}],"event_choices":[{"damage_healed":0,"gold_gain":175,"player_choice":"AGREE","damage_taken":0,"max_hp_gain":0,"max_hp_loss":0,"event_name":"Liars Game","floor":4,"gold_loss":0,"cards_obtained":["Doubt"]},{"damage_healed":0,"gold_gain":0,"player_choice":"Gave Potion","damage_taken":0,"relics_obtained":["Omamori"],"max_hp_gain":0,"max_hp_loss":0,"event_name":"WeMeetAgain","floor":11,"gold_loss":0},{"damage_healed":0,"gold_gain":0,"player_choice":"Searched \u00271\u0027 times","damage_taken":0,"max_hp_gain":0,"max_hp_loss":0,"event_name":"Dead Adventurer","floor":13,"gold_loss":0},{"damage_healed":0,"gold_gain":0,"player_choice":"Ignored","damage_taken":0,"max_hp_gain":0,"max_hp_loss":0,"event_name":"NoteForYourself","floor":14,"gold_loss":0}],"is_beta":false,"boss_relics":[],"items_purged_floors":[2,7],"is_endless":false,"potions_floor_spawned":[1,8],"killed_by":"The Guardian","ascension_level":0}