{"gold_per_floor":[40,78,78,109,109,109,167,205,205,205,240,301,301,341,341,482,482,495,495,495,125,50,50,115,148,174,28,28,84,84,143,143,273,273,297,141,181,0,19,55,55,93,93,129,129,79,79,95,95,95],"floor_reached":50,"playtime":2142,"items_purged":["Injury","Defend_R"],"score":675,"play_id":"5e2bf2e1-733b-4924-9fd7-d5ccbd2c28e9","local_time":"20190601224020","is_ascension_mode":true,"campfire_choices":[{"data":"Bash","floor":6,"key":"SMITH"},{"floor":13,"key":"REST"},{"floor":15,"key":"REST"},{"data":"True Grit","floor":23,"key":"SMITH"},{"floor":28,"key":"REST"},{"floor":30,"key":"REST"},{"floor":32,"key":"REST"},{"floor":41,"key":"REST"},{"floor":45,"key":"REST"},{"floor":47,"key":"REST"},{"data":"Barricade","floor":49,"key":"SMITH"}],"neow_cost":"NO_GOLD","seed_source_timestamp":2607276303445192,"circlet_count":0,"master_deck":["Strike_R","Strike_R","Strike_R","Defend_R","Defend_R","Defend_R","Bash+1","HandOfGreed","Deep Breath+1","Dropkick","Flex","Iron Wave","Shrug It Off+1","True Grit+1","Juggernaut","Whirlwind","Metallicize","Dropkick","Shockwave","Barricade+1","Sentinel+1","Dropkick","Body Slam+1","Power Through+1","Seeing Red+1"],"relics":["Burning Blood","Golden Idol","Smiling Mask","Singing Bowl","Darkstone Periapt","Torii","Runic Pyramid","Chemical X","WingedGreaves","Bronze Scales","Potion Belt","Mummified Hand","Omamori","Black Star","War Paint","Red Mask","Ice Cream","Centennial Puzzle","Juzu Bracelet","Bag of Preparation","Du-Vu Doll","Orichalcum","Vajra"],"potions_floor_usage":[14,25,33,33,40,44,50],"damage_taken":[{"damage":1,"enemies":"Cultist","floor":1,"turns":3},{"damage":0,"enemies":"Small Slimes","floor":2,"turns":2},{"damage":5,"enemies":"Jaw Worm","floor":4,"turns":4},{"damage":36,"enemies":"Lagavulin","floor":7,"turns":6},{"damage":8,"enemies":"Exordium Thugs","floor":8,"turns":5},{"damage":12,"enemies":"3 Louse","floor":11,"turns":4},{"damage":19,"enemies":"Exordium Wildlife","floor":12,"turns":6},{"damage":25,"enemies":"Gremlin Nob","floor":14,"turns":4},{"damage":34,"enemies":"The Guardian","floor":16,"turns":16},{"damage":10,"enemies":"Chosen","floor":18,"turns":7},{"damage":21,"enemies":"2 Thieves","floor":24,"turns":4},{"damage":30,"enemies":"Gremlin Leader","floor":25,"turns":7},{"damage":25,"enemies":"Book of Stabbing","floor":29,"turns":6},{"damage":29,"enemies":"Slavers","floor":31,"turns":4},{"damage":44,"enemies":"Automaton","floor":33,"turns":9},{"damage":45,"enemies":"3 Darklings","floor":35,"turns":7},{"damage":0,"enemies":"Orb Walker","floor":37,"turns":3},{"damage":1,"enemies":"3 Darklings","floor":39,"turns":7},{"damage":56,"enemies":"Reptomancer","floor":40,"turns":8},{"damage":10,"enemies":"Nemesis","floor":42,"turns":5},{"damage":7,"enemies":"Giant Head","floor":44,"turns":9},{"damage":14,"enemies":"Spire Growth","floor":48,"turns":4},{"damage":106,"enemies":"Donu and Deca","floor":50,"turns":8}],"seed_played":"6685794533145187109","potions_obtained":[{"floor":1,"key":"Ancient Potion"},{"floor":4,"key":"Strength Potion"},{"floor":8,"key":"FairyPotion"},{"floor":16,"key":"Weak Potion"},{"floor":25,"key":"Dexterity Potion"},{"floor":29,"key":"Weak Potion"},{"floor":35,"key":"Explosive Potion"},{"floor":39,"key":"SpeedPotion"},{"floor":42,"key":"Fire Potion"}],"is_trial":false,"path_per_floor":["M","M","?","M","?","R","E","M","T","T","M","M","R","E","R","B",null,"M","?","?","$","?","R","M","E","T","$","R","E","R","E","R","B",null,"M","$","M","?","M","E","R","E","T","E","R","$","R","M","R","B"],"character_chosen":"IRONCLAD","items_purchased":["Chemical X","Metallicize","Dropkick","Potion Belt","War Paint"],"campfire_rested":8,"item_purchase_floors":[21,21,21,27,36],"current_hp_per_floor":[80,80,73,74,74,74,44,42,42,42,38,27,52,33,58,30,84,80,80,80,80,80,80,67,43,43,43,68,51,77,56,83,45,90,51,51,57,57,62,12,39,35,35,36,63,63,90,84,84,0],"gold":95,"neow_bonus":"RANDOM_COLORLESS_2","is_prod":false,"is_daily":false,"chose_seed":false,"campfire_upgraded":3,"win_rate":0,"timestamp":1559454020,"path_taken":["M","?","?","M","?","R","E","M","T","?","M","M","R","E","R","BOSS","M","?","?","?","?","R","?","E","T","$","R","E","R","E","R","BOSS","M","$","M","?","M","E","R","E","T","E","R","$","R","M","R","BOSS"],"build_version":"2019-01-23","purchased_purges":2,"victory":false,"max_hp_per_floor":[80,80,80,80,80,80,80,80,80,80,82,84,84,84,84,84,84,84,84,84,84,84,84,86,86,86,86,86,88,88,90,90,90,90,90,90,90,90,90,90,90,90,90,92,92,92,92,94,94,94],"card_choices":[{"not_picked":["Havoc","Cleave"],"picked":"Dropkick","floor":1},{"not_picked":["True Grit","Corruption"],"picked":"Flex","floor":2},{"not_picked":["Intimidate","Ghostly Armor","Headbutt"],"picked":"SKIP","floor":4},{"not_picked":["Headbutt","Twin Strike"],"picked":"Iron Wave","floor":7},{"not_picked":["Cleave","Clash"],"picked":"Shrug It Off","floor":8},{"not_picked":["Cleave","True Grit","Dual Wield"],"picked":"Singing Bowl","floor":11},{"not_picked":["Perfected Strike","Sever Soul","Headbutt"],"picked":"Singing Bowl","floor":12},{"not_picked":["Infernal Blade","Flame Barrier"],"picked":"True Grit","floor":14},{"not_picked":["Limit Break","Bludgeon"],"picked":"Juggernaut","floor":16},{"not_picked":["Bloodletting","Ghostly Armor"],"picked":"Whirlwind","floor":18},{"not_picked":["Iron Wave","Sword Boomerang+1","Bloodletting"],"picked":"Singing Bowl","floor":24},{"not_picked":["Warcry+1","Iron Wave"],"picked":"Shockwave","floor":25},{"not_picked":["Cleave+1","Havoc","Reckless Charge"],"picked":"Singing Bowl","floor":29},{"not_picked":["Cleave","True Grit","Sword Boomerang"],"picked":"Singing Bowl","floor":31},{"not_picked":["Brutality","Juggernaut"],"picked":"Barricade","floor":33},{"not_picked":["Blood for Blood+1","Combust"],"picked":"Sentinel+1","floor":35},{"not_picked":["Headbutt+1","Clothesline"],"picked":"Dropkick","floor":37},{"not_picked":["Twin Strike+1","Carnage"],"picked":"Body Slam+1","floor":39},{"not_picked":["Second Wind+1","Shockwave+1"],"picked":"Power Through+1","floor":40},{"not_picked":["Pommel Strike","Warcry"],"picked":"Seeing Red+1","floor":42},{"not_picked":["Spot Weakness+1","Evolve","Dropkick"],"picked":"Singing Bowl","floor":44},{"not_picked":["Sword Boomerang","Power Through","Heavy Blade"],"picked":"Singing Bowl","floor":48}],"player_experience":247141,"relics_obtained":[{"floor":7,"key":"Smiling Mask"},{"floor":9,"key":"Singing Bowl"},{"floor":10,"key":"Darkstone Periapt"},{"floor":14,"key":"Torii"},{"floor":25,"key":"WingedGreaves"},{"floor":26,"key":"Bronze Scales"},{"floor":29,"key":"Mummified Hand"},{"floor":31,"key":"Omamori"},{"floor":40,"key":"Ice Cream"},{"floor":40,"key":"Centennial Puzzle"},{"floor":42,"key":"Juzu Bracelet"},{"floor":42,"key":"Bag of Preparation"},{"floor":43,"key":"Du-Vu Doll"},{"floor":44,"key":"Orichalcum"},{"floor":44,"key":"Vajra"}],"event_choices":[{"cards_removed":["Strike_R"],"damage_healed":0,"gold_gain":0,"player_choice":"Card Removal","damage_taken":7,"max_hp_gain":0,"max_hp_loss":0,"event_name":"Golden Wing","floor":3,"gold_loss":0},{"damage_healed":0,"gold_gain":0,"player_choice":"Take Wound","damage_taken":0,"relics_obtained":["Golden Idol"],"max_hp_gain":0,"max_hp_loss":0,"event_name":"Golden Idol","floor":5,"gold_loss":0,"cards_obtained":["Injury"]},{"damage_healed":0,"gold_gain":0,"player_choice":"Ignored","damage_taken":0,"max_hp_gain":0,"max_hp_loss":0,"event_name":"Cursed Tome","floor":19,"gold_loss":0},{"damage_healed":0,"gold_gain":0,"player_choice":"Ignored","damage_taken":0,"max_hp_gain":0,"max_hp_loss":0,"event_name":"Ghosts","floor":20,"gold_loss":0},{"cards_removed":["Strike_R"],"damage_healed":0,"gold_gain":0,"player_choice":"Gave Gold","damage_taken":0,"max_hp_gain":0,"max_hp_loss":0,"event_name":"Beggar","floor":22,"gold_loss":75},{"damage_healed":0,"gold_gain":0,"player_choice":"Paid","damage_taken":0,"relics_obtained":["Red Mask"],"max_hp_gain":0,"max_hp_loss":0,"event_name":"Tomb of Lord Red Mask","floor":38,"gold_loss":181}],"is_beta":false,"boss_relics":[{"not_picked":["Pandora\u0027s Box","Black Blood"],"picked":"Runic Pyramid"},{"not_picked":["Eternal Feather","Sozu"],"picked":"Black Star"}],"items_purged_floors":[21,46],"is_endless":false,"potions_floor_spawned":[1,4,8,12,16,18,25,29,35,39,42],"killed_by":"Donu and Deca","ascension_level":1}