{"gold_per_floor":[115,132,112,127,142,142,170,20,20,20,31,31],"floor_reached":12,"playtime":327,"items_purged":[],"score":160,"play_id":"5b9ec977-85cd-41c9-b71f-09d48d67e0af","local_time":"20190708084556","is_ascension_mode":true,"campfire_choices":[{"data":"Glacier","floor":6,"key":"SMITH"}],"neow_cost":"PERCENT_DAMAGE","seed_source_timestamp":2101012070873800,"circlet_count":0,"master_deck":["AscendersBane","Strike_B","Strike_B","Strike_B","Strike_B","Defend_B","Defend_B","Defend_B","Defend_B","Zap","Dualcast","Blizzard","Lockon","Glacier+1","Conserve Battery","Echo Form","Parasite"],"relics":["Cracked Core","Mango","Bag of Marbles"],"potions_floor_usage":[5,12],"damage_taken":[{"damage":7,"enemies":"Jaw Worm","floor":1,"turns":4},{"damage":1,"enemies":"Cultist","floor":2,"turns":3},{"damage":9,"enemies":"Small Slimes","floor":4,"turns":3},{"damage":4,"enemies":"Exordium Wildlife","floor":5,"turns":3},{"damage":33,"enemies":"3 Sentries","floor":7,"turns":10},{"damage":0,"enemies":"Looter","floor":11,"turns":3},{"damage":27,"enemies":"Gremlin Nob","floor":12,"turns":3}],"seed_played":"2716804992029442921","potions_obtained":[{"floor":1,"key":"Weak Potion"},{"floor":2,"key":"FearPotion"},{"floor":3,"key":"EssenceOfSteel"},{"floor":4,"key":"AttackPotion"}],"is_trial":false,"path_per_floor":["M","M","?","M","M","R","E","$","T","?","M","E"],"character_chosen":"DEFECT","items_purchased":["Echo Form"],"campfire_rested":0,"item_purchase_floors":[8],"current_hp_per_floor":[53,52,52,43,39,39,6,6,6,27,27,0],"gold":31,"neow_bonus":"ONE_RARE_RELIC","is_prod":false,"is_daily":false,"chose_seed":false,"campfire_upgraded":1,"win_rate":0,"timestamp":1562600756,"path_taken":["M","M","?","?","M","R","E","$","T","?","M","E"],"build_version":"2019-07-05","purchased_purges":0,"victory":false,"max_hp_per_floor":[85,85,85,85,85,85,85,85,85,85,85,85],"card_choices":[{"not_picked":["Stack","Cold Snap"],"picked":"Blizzard","floor":1},{"not_picked":["Force Field","Fusion"],"picked":"Lockon","floor":2},{"not_picked":["Darkness","Steam","Turbo"],"picked":"SKIP","floor":4},{"not_picked":["Tempest","Static Discharge"],"picked":"Glacier","floor":5},{"not_picked":["Stack","Turbo"],"picked":"Conserve Battery","floor":7},{"not_picked":["Steam Power","Steam","Ball Lightning"],"picked":"SKIP","floor":11}],"player_experience":1238809,"relics_obtained":[{"floor":7,"key":"Bag of Marbles"}],"event_choices":[{"damage_healed":0,"gold_gain":0,"player_choice":"Bought 1 Potion","damage_taken":0,"max_hp_gain":0,"max_hp_loss":0,"event_name":"The Woman in Blue","floor":3,"gold_loss":0},{"damage_healed":21,"gold_gain":0,"player_choice":"Healed and dodged fight","damage_taken":0,"max_hp_gain":0,"max_hp_loss":0,"event_name":"Mushrooms","floor":10,"gold_loss":0,"cards_obtained":["Parasite"]}],"is_beta":false,"boss_relics":[],"items_purged_floors":[],"is_endless":false,"potions_floor_spawned":[1,2,4],"killed_by":"Gremlin Nob","ascension_level":20}