{"gold_per_floor":[218,218,218,218,149,149,184,198,198,217,232,232,250,265,265,265],"floor_reached":16,"playtime":616,"items_purged":[],"score":204,"play_id":"040071fa-36ed-40a9-8a61-ba1cba16044f","local_time":"20190420163956","is_ascension_mode":true,"campfire_choices":[{"data":"Sucker Punch","floor":6.0,"key":"SMITH"},{"floor":15.0,"key":"REST"}],"neow_cost":"NONE","seed_source_timestamp":0,"circlet_count":0,"master_deck":["AscendersBane","Defend_G","Defend_G","Defend_G","Defend_G","Defend_G","Strike_G","Strike_G","Strike_G","Strike_G","Strike_G","Survivor","Neutralize+1","Sucker Punch+1","Adrenaline","Dash","Dodge and Roll","Caltrops","Cloak And Dagger","Cloak And Dagger"],"special_seed":0,"relics":["Ring of the Snake","Lantern","Matryoshka","Art of War","Dream Catcher"],"potions_floor_usage":[],"damage_taken":[{"damage":1.0,"enemies":"Small Slimes","floor":1.0,"turns":6.0},{"damage":55.0,"enemies":"3 Sentries","floor":7.0,"turns":17.0},{"damage":0.0,"enemies":"Jaw Worm","floor":8.0,"turns":5.0},{"damage":0.0,"enemies":"Cultist","floor":10.0,"turns":3.0},{"damage":0.0,"enemies":"Lots of Slimes","floor":11.0,"turns":6.0},{"damage":0.0,"enemies":"2 Fungi Beasts","floor":13.0,"turns":3.0},{"damage":0.0,"enemies":"Exordium Wildlife","floor":14.0,"turns":7.0},{"damage":22,"enemies":"Slime Boss","floor":16,"turns":8}],"seed_played":"-5528898732072980794","potions_obtained":[{"floor":7.0,"key":"Swift Potion"},{"floor":10.0,"key":"SkillPotion"}],"is_trial":false,"path_per_floor":["M","?","$","?","?","R","E","M","T","M","M","$","M","M","R","B"],"character_chosen":"THE_SILENT","items_purchased":[],"campfire_rested":1,"item_purchase_floors":[],"current_hp_per_floor":[58,58,58,58,58,58,3,3,3,3,3,3,3,3,22,0],"gold":265,"neow_bonus":"HUNDRED_GOLD","is_prod":false,"is_daily":false,"chose_seed":false,"campfire_upgraded":1,"win_rate":0,"timestamp":1555792796,"path_taken":["M","?","$","?","?","R","E","M","T","M","?","$","M","M","R","BOSS"],"build_version":"2019-01-23","purchased_purges":0,"victory":false,"max_hp_per_floor":[66,66,66,66,66,66,66,66,66,66,66,66,66,66,66,66],"card_choices":[{"not_picked":["Eviscerate","Underhanded Strike"],"picked":"Sucker Punch","floor":1.0},{"not_picked":["Outmaneuver","Quick Slash"],"picked":"Adrenaline","floor":7.0},{"not_picked":["Accuracy","Concentrate","Acrobatics"],"picked":"SKIP","floor":8.0},{"not_picked":["Backflip","Bouncing Flask"],"picked":"Dash","floor":10.0},{"not_picked":["Flying Knee","Bane"],"picked":"Dodge and Roll","floor":11.0},{"not_picked":["Outmaneuver","Finisher"],"picked":"Caltrops","floor":13.0},{"not_picked":["Bane","Setup"],"picked":"Cloak And Dagger","floor":14.0},{"not_picked":["Acrobatics","Catalyst"],"picked":"Cloak And Dagger","floor":15.0}],"player_experience":649787,"relics_obtained":[{"floor":7.0,"key":"Matryoshka"},{"floor":9.0,"key":"Art of War"},{"floor":9.0,"key":"Dream Catcher"}],"event_choices":[{"damage_healed":0.0,"max_hp_gain":0.0,"max_hp_loss":0.0,"gold_gain":0.0,"event_name":"Living Wall","player_choice":"Grow","floor":2.0,"gold_loss":0.0,"damage_taken":0.0,"cards_upgraded":["Neutralize"]},{"damage_healed":0.0,"max_hp_gain":0.0,"max_hp_loss":0.0,"gold_gain":0.0,"event_name":"Liars Game","player_choice":"Ignored","floor":4.0,"gold_loss":0.0,"damage_taken":0.0},{"damage_healed":0.0,"max_hp_gain":0.0,"max_hp_loss":0.0,"gold_gain":0.0,"event_name":"WeMeetAgain","player_choice":"Paid Gold","floor":5.0,"gold_loss":69.0,"damage_taken":0.0,"relics_obtained":["Lantern"]}],"is_beta":false,"boss_relics":[],"items_purged_floors":[],"is_endless":false,"potions_floor_spawned":[7,10],"killed_by":"Slime Boss","ascension_level":20}