{"gold_per_floor":[119,135,151,151,151,186,198,221,256,286,398,444,476,507,519,531],"floor_reached":16,"playtime":546,"items_purged":[],"score":173,"play_id":"5d2c0438-c004-4b32-a1d0-7644805c826c","local_time":"20181216220952","is_ascension_mode":true,"campfire_choices":[{"data":"Armaments","floor":7.0,"key":"SMITH"},{"floor":15.0,"key":"REST"}],"neow_cost":"NONE","seed_source_timestamp":1324154347927845,"circlet_count":0,"master_deck":["Strike_R","Strike_R","Strike_R","Strike_R","Strike_R","Defend_R","Defend_R","Defend_R","Defend_R","Bash","Armaments+1","Flex","Whirlwind","Armaments","Flex","Battle Trance","Limit Break","Pommel Strike","Flex"],"special_seed":0,"relics":["Burning Blood","MawBank","Strawberry","Potion Belt"],"potions_floor_usage":[],"damage_taken":[{"damage":13.0,"enemies":"Jaw Worm","floor":1.0,"turns":5.0},{"damage":6.0,"enemies":"Cultist","floor":2.0,"turns":4.0},{"damage":0.0,"enemies":"2 Louse","floor":3.0,"turns":3.0},{"damage":32.0,"enemies":"3 Sentries","floor":6.0,"turns":6.0},{"damage":32.0,"enemies":"Gremlin Gang","floor":8.0,"turns":3.0},{"damage":11.0,"enemies":"2 Fungi Beasts","floor":10.0,"turns":5.0},{"damage":25.0,"enemies":"Lagavulin","floor":12.0,"turns":7.0},{"damage":6.0,"enemies":"Blue Slaver","floor":13.0,"turns":5.0},{"damage":7.0,"enemies":"Exordium Wildlife","floor":14.0,"turns":3.0},{"damage":88,"enemies":"The Guardian","floor":16,"turns":8}],"seed_played":"3081833065973957858","potions_obtained":[{"floor":1.0,"key":"BloodPotion"},{"floor":12.0,"key":"BloodPotion"}],"is_trial":false,"path_per_floor":["M","M","M","$","?","E","R","M","T","M","?","E","M","M","R","B"],"character_chosen":"IRONCLAD","items_purchased":[],"campfire_rested":1,"item_purchase_floors":[],"current_hp_per_floor":[73,73,79,79,79,53,53,35,42,37,37,18,27,26,54,0],"gold":531,"neow_bonus":"TEN_PERCENT_HP_BONUS","is_prod":false,"is_daily":false,"chose_seed":false,"campfire_upgraded":1,"win_rate":0,"timestamp":1545016192,"path_taken":["M","M","M","$","?","E","R","M","T","?","?","E","M","M","R","BOSS"],"build_version":"2018-12-13","purchased_purges":0,"victory":false,"max_hp_per_floor":[88,88,88,88,88,88,88,88,95,95,95,95,95,95,95,95],"card_choices":[{"not_picked":["Havoc","Uppercut"],"picked":"Armaments","floor":1.0},{"not_picked":["Perfected Strike","Headbutt"],"picked":"Flex","floor":2.0},{"not_picked":["Entrench","Sentinel"],"picked":"Whirlwind","floor":3.0},{"not_picked":["Bloodletting","Corruption"],"picked":"Armaments","floor":6.0},{"not_picked":["Clash","Cleave"],"picked":"Flex","floor":8.0},{"not_picked":["Clash","Perfected Strike"],"picked":"Battle Trance","floor":10.0},{"not_picked":["Pummel","Hemokinesis"],"picked":"Limit Break","floor":12.0},{"not_picked":["Wild Strike","Intimidate"],"picked":"Pommel Strike","floor":13.0},{"not_picked":["Perfected Strike","Power Through"],"picked":"Flex","floor":14.0}],"player_experience":515437,"relics_obtained":[{"floor":6.0,"key":"MawBank"},{"floor":9.0,"key":"Strawberry"},{"floor":12.0,"key":"Potion Belt"}],"event_choices":[{"damage_healed":0.0,"max_hp_gain":0.0,"max_hp_loss":0.0,"gold_gain":0.0,"event_name":"FaceTrader","player_choice":"Leave","floor":5.0,"gold_loss":0.0,"damage_taken":0.0},{"damage_healed":0.0,"max_hp_gain":0.0,"max_hp_loss":0.0,"gold_gain":100.0,"event_name":"Golden Shrine","player_choice":"Pray","floor":11.0,"gold_loss":0.0,"damage_taken":0.0}],"is_beta":false,"boss_relics":[],"items_purged_floors":[],"is_endless":false,"potions_floor_spawned":[1,12],"killed_by":"The Guardian","ascension_level":6}