{"gold_per_floor":[112,127,127,143,163,163,189,204,231,250,250,58,89,150,150,248,248,260,232,232,251,98,98],"floor_reached":23,"playtime":1113,"items_purged":["Strike_G"],"score":274,"play_id":"d84ba00c-b38d-4320-8c73-98f13823aa0d","local_time":"20180804152849","is_ascension_mode":true,"campfire_choices":[{"data":"Neutralize","floor":6,"key":"SMITH"},{"data":"Noxious Fumes","floor":11,"key":"SMITH"},{"floor":15,"key":"REST"}],"neow_cost":"NONE","seed_source_timestamp":2400028150058856,"circlet_count":0,"master_deck":["Defend_G","Defend_G","Defend_G","Defend_G","Defend_G","Strike_G","Strike_G","Strike_G","Strike_G","Survivor","Neutralize+1","Dodge and Roll","Noxious Fumes+1","Backflip","Poisoned Stab","Dagger Spray","Poisoned Stab","Leg Sweep","Envenom","Poisoned Stab","Malaise","Dodge and Roll","Dodge and Roll+1","Caltrops"],"relics":["Ring of the Serpent","Tingsha","Pen Nib","Strawberry","Tiny Chest","Oddly Smooth Stone","Happy Flower"],"potions_floor_usage":[7,21,21,23],"damage_taken":[{"damage":2,"enemies":"Cultist","floor":1,"turns":4},{"damage":0,"enemies":"Jaw Worm","floor":2,"turns":5},{"damage":0,"enemies":"2 Louse","floor":4,"turns":4},{"damage":0,"enemies":"Large Slime","floor":5,"turns":7},{"damage":23,"enemies":"Lagavulin","floor":7,"turns":8},{"damage":13,"enemies":"Exordium Thugs","floor":8,"turns":6},{"damage":5,"enemies":"2 Fungi Beasts","floor":10,"turns":3},{"damage":0,"enemies":"3 Sentries","floor":13,"turns":6},{"damage":21,"enemies":"Lagavulin Event","floor":14,"turns":6},{"damage":28,"enemies":"Slime Boss","floor":16,"turns":10},{"damage":15,"enemies":"3 Byrds","floor":18,"turns":6},{"damage":28,"enemies":"2 Thieves","floor":19,"turns":5},{"damage":21,"enemies":"Centurion and Healer","floor":21,"turns":11},{"damage":18,"enemies":"Cultist and Chosen","floor":23,"turns":4}],"seed_played":"2223370132655349751","potions_obtained":[{"floor":7,"key":"Weak Potion"}],"is_trial":false,"path_per_floor":["M","M","?","M","M","R","E","M","T","M","R","$","E","?","R","B",null,"M","M","?","M","$"],"character_chosen":"THE_SILENT","items_purchased":["Leg Sweep","Tiny Chest","Caltrops"],"campfire_rested":1,"item_purchase_floors":[12,12,22],"current_hp_per_floor":[68,68,65,65,65,65,57,44,51,46,46,46,46,25,48,20,77,62,34,34,13,13,0],"gold":98,"neow_bonus":"THREE_SMALL_POTIONS","is_prod":false,"is_daily":false,"chose_seed":false,"campfire_upgraded":2,"win_rate":0,"timestamp":1533410929,"path_taken":["M","?","?","?","M","R","E","M","T","M","R","$","E","?","R","BOSS","M","M","?","M","$","M"],"build_version":"2018-08-02","purchased_purges":1,"victory":false,"max_hp_per_floor":[70,70,70,70,70,70,70,70,77,77,77,77,77,77,77,77,77,77,77,77,77,77,77],"card_choices":[{"not_picked":["Quick Slash","Riddle With Holes"],"picked":"Dodge and Roll","floor":1},{"not_picked":["Heel Hook","Sucker Punch"],"picked":"Noxious Fumes","floor":2},{"not_picked":["Bane","Sucker Punch"],"picked":"Backflip","floor":4},{"not_picked":["Underhanded Strike","Unload"],"picked":"Poisoned Stab","floor":5},{"not_picked":["PiercingWail","Cloak And Dagger"],"picked":"Dagger Spray","floor":7},{"not_picked":["Tactician","Terror","Setup"],"picked":"SKIP","floor":8},{"not_picked":["Underhanded Strike","Deadly Poison"],"picked":"Poisoned Stab","floor":10},{"not_picked":["Acrobatics","PiercingWail"],"picked":"Envenom","floor":13},{"not_picked":["PiercingWail","Prepared"],"picked":"Poisoned Stab","floor":14},{"not_picked":["Adrenaline","Unload"],"picked":"Malaise","floor":16},{"not_picked":["Deflect","Slice+1","Expertise+1"],"picked":"SKIP","floor":18},{"not_picked":["Dagger Throw","Finisher"],"picked":"Dodge and Roll","floor":19},{"not_picked":["Deadly Poison","Bouncing Flask+1"],"picked":"Dodge and Roll+1","floor":21}],"player_experience":211504,"relics_obtained":[{"floor":7,"key":"Pen Nib"},{"floor":9,"key":"Strawberry"},{"floor":13,"key":"Oddly Smooth Stone"},{"floor":14,"key":"Happy Flower"}],"event_choices":[{"event_name":"Scrap Ooze","player_choice":"success","floor":3,"damage_taken":3},{"event_name":"Dead Adventurer","player_choice":"Searched \u00271\u0027 times","floor":14,"damage_taken":0},{"event_name":"The Lab","player_choice":"Got Potions","floor":20,"damage_taken":0}],"is_beta":false,"boss_relics":[{"not_picked":["Tiny House","Runic Pyramid"],"picked":"Ring of the Serpent"}],"items_purged_floors":[22],"is_endless":false,"potions_floor_spawned":[2,7,10,13,14,19],"killed_by":"Cultist and Chosen","ascension_level":4}