{"gold_per_floor":[109,109,130,110,131,131,171,192,192,232,269,281,328,359,371,481,493,526,588,74,74,199,232,232,71,71,71,86,105,143,167,167,262,262,278,292,625,327,337,366,366,396,419,439,439,439,450,463,463,463,463],"floor_reached":51,"playtime":3205,"items_purged":[],"score":1435,"play_id":"04315f98-87de-4e6a-bb0c-bedfeebb28fe","local_time":"20190223223853","is_ascension_mode":true,"campfire_choices":[{"data":"Burst","floor":6.0,"key":"SMITH"},{"data":"Storm of Steel","floor":12.0,"key":"SMITH"},{"floor":15.0,"key":"REST"},{"floor":24,"key":"REST"},{"floor":27,"key":"REST"},{"floor":32,"key":"RECALL"},{"floor":41,"key":"REST"},{"floor":45,"key":"REST"},{"data":"Skewer","floor":49,"key":"SMITH"}],"neow_cost":"NONE","seed_source_timestamp":0,"circlet_count":0,"master_deck":["AscendersBane","Survivor","Neutralize","Dash","Acrobatics","Burst+1","Reflex","Deadly Poison","Leg Sweep","Backflip","Doppelganger","Skewer+1","Dodge and Roll","Footwork","Dagger Spray","Poisoned Stab","Cloak And Dagger","Slice","Storm of Steel+1","Noxious Fumes","Reflex","Burst","Skewer","Crippling Poison","Doppelganger","Corpse Explosion+1","Cloak And Dagger+1","Noxious Fumes","Finesse+1","Prepared+1","Caltrops+1"],"special_seed":0,"relics":["Pandora\u0027s Box","Bag of Preparation","MawBank","Odd Mushroom","Mercury Hourglass","Busted Crown","Mummified Hand","Chemical X","MutagenicStrength","Tingsha","Bottled Flame","Potion Belt","Toxic Egg 2","Kunai","WristBlade","Du-Vu Doll","Turnip","Bag of Marbles"],"potions_floor_usage":[22,23,39,39,39,39,40,42,42,42,46,50,51,51,51],"damage_taken":[{"damage":6.0,"enemies":"2 Louse","floor":1.0,"turns":3.0},{"damage":0.0,"enemies":"Cultist","floor":3.0,"turns":4.0},{"damage":0.0,"enemies":"Small Slimes","floor":5.0,"turns":4.0},{"damage":8.0,"enemies":"Gremlin Nob","floor":7.0,"turns":6.0},{"damage":4.0,"enemies":"Exordium Wildlife","floor":8.0,"turns":5.0},{"damage":3.0,"enemies":"The Mushroom Lair","floor":10.0,"turns":5.0},{"damage":0.0,"enemies":"3 Louse","floor":11.0,"turns":3.0},{"damage":10.0,"enemies":"Lagavulin","floor":13.0,"turns":8.0},{"damage":0.0,"enemies":"Looter","floor":14.0,"turns":2.0},{"damage":24,"enemies":"The Guardian","floor":16,"turns":14},{"damage":4,"enemies":"3 Byrds","floor":18,"turns":4},{"damage":0,"enemies":"Colosseum Slavers","floor":22,"turns":2},{"damage":14,"enemies":"Colosseum Nobs","floor":22,"turns":5},{"damage":23,"enemies":"Slavers","floor":23,"turns":4},{"damage":0,"enemies":"Spheric Guardian","floor":28,"turns":1},{"damage":0,"enemies":"Centurion and Healer","floor":29,"turns":4},{"damage":6,"enemies":"Book of Stabbing","floor":30,"turns":5},{"damage":30,"enemies":"Automaton","floor":33,"turns":7},{"damage":25,"enemies":"3 Darklings","floor":35,"turns":4},{"damage":0,"enemies":"3 Shapes","floor":36,"turns":3},{"damage":0,"enemies":"3 Darklings","floor":39,"turns":4},{"damage":16,"enemies":"Giant Head","floor":40,"turns":7},{"damage":1,"enemies":"Nemesis","floor":42,"turns":5},{"damage":0,"enemies":"Spire Growth","floor":44,"turns":3},{"damage":2,"enemies":"Jaw Worm Horde","floor":47,"turns":3},{"damage":7,"enemies":"4 Shapes","floor":48,"turns":2},{"damage":16,"enemies":"Donu and Deca","floor":50,"turns":10},{"damage":42,"enemies":"Time Eater","floor":51,"turns":3}],"seed_played":"-2135998594056969596","potions_obtained":[{"floor":3.0,"key":"SpeedPotion"},{"floor":4.0,"key":"Fire Potion"},{"floor":8.0,"key":"Swift Potion"},{"floor":11.0,"key":"Ancient Potion"},{"floor":13.0,"key":"Poison Potion"},{"floor":18,"key":"GhostInAJar"},{"floor":29,"key":"Fire Potion"},{"floor":35,"key":"Poison Potion"},{"floor":39,"key":"SneckoOil"},{"floor":46,"key":"Fruit Juice"},{"floor":46,"key":"GamblersBrew"},{"floor":47,"key":"LiquidBronze"}],"is_trial":false,"path_per_floor":["M","?","M","?","M","R","E","M","T","?","M","R","E","M","R","B",null,"M","?","$","?","?","E","R","$","T","R","M","M","E","T","R","B",null,"M","M","?","$","M","E","R","E","T","M","R","?","M","M","R","B","B"],"character_chosen":"THE_SILENT","items_purchased":["Mummified Hand","Chemical X","Skewer","Doppelganger","EntropicBrew","Noxious Fumes","Finesse+1"],"campfire_rested":5,"item_purchase_floors":[20,20,20,25,38,38,38],"current_hp_per_floor":[53,53,53,53,53,53,45,41,41,38,38,38,28,28,46,22,51,47,47,47,47,33,10,28,28,28,46,46,46,40,40,40,10,48,23,23,23,23,23,7,25,39,39,39,57,62,60,53,53,37,0],"gold":463,"neow_bonus":"BOSS_RELIC","is_prod":false,"is_daily":false,"chose_seed":false,"campfire_upgraded":3,"win_rate":0,"timestamp":1550990333,"path_taken":["M","?","M","?","?","R","E","M","T","?","M","R","E","M","R","BOSS","M","?","$","?","?","E","R","$","T","R","M","M","E","?","R","BOSS","M","M","?","$","M","E","R","E","T","M","R","?","M","M","R","BOSS","BOSS"],"build_version":"2019-01-23","purchased_purges":0,"victory":false,"max_hp_per_floor":[66,60,60,60,60,60,60,60,60,60,60,60,60,60,60,60,60,60,60,60,60,60,60,60,60,60,60,60,60,60,60,60,60,60,60,60,60,60,60,60,60,60,60,60,60,65,65,65,65,65,65],"card_choices":[{"not_picked":["Slice","Calculated Gamble"],"picked":"Footwork","floor":1.0},{"not_picked":["Bane","Backflip"],"picked":"Dagger Spray","floor":3.0},{"not_picked":["Eviscerate","Leg Sweep","Flechettes"],"picked":"SKIP","floor":5.0},{"not_picked":["Flying Knee","Predator"],"picked":"Poisoned Stab","floor":7.0},{"not_picked":["Choke","Dagger Throw"],"picked":"Cloak And Dagger","floor":8.0},{"not_picked":["Caltrops","Quick Slash"],"picked":"Slice","floor":10.0},{"not_picked":["Escape Plan","Dagger Throw"],"picked":"Storm of Steel","floor":11.0},{"not_picked":["Escape Plan","Slice"],"picked":"Noxious Fumes","floor":13.0},{"not_picked":["Blade Dance","Prepared"],"picked":"Reflex","floor":14.0},{"not_picked":["Malaise","Doppelganger"],"picked":"Burst","floor":16},{"not_picked":["Slice"],"picked":"SKIP","floor":18},{"not_picked":[],"picked":"Crippling Poison","floor":22},{"not_picked":["Bane"],"picked":"SKIP","floor":23},{"not_picked":["All Out Attack"],"picked":"SKIP","floor":28},{"not_picked":["Flying Knee"],"picked":"SKIP","floor":29},{"not_picked":["Sucker Punch"],"picked":"SKIP","floor":30},{"not_picked":[],"picked":"Corpse Explosion+1","floor":33},{"not_picked":[],"picked":"Cloak And Dagger+1","floor":35},{"not_picked":["Quick Slash+1"],"picked":"SKIP","floor":36},{"not_picked":["Flying Knee"],"picked":"SKIP","floor":39},{"not_picked":[],"picked":"Prepared+1","floor":40},{"not_picked":["Slice"],"picked":"SKIP","floor":42},{"not_picked":["Backstab"],"picked":"SKIP","floor":44},{"not_picked":[],"picked":"Caltrops+1","floor":47},{"not_picked":["Dash"],"picked":"SKIP","floor":48}],"player_experience":1194113,"relics_obtained":[{"floor":7.0,"key":"Bag of Preparation"},{"floor":9.0,"key":"MawBank"},{"floor":10.0,"key":"Odd Mushroom"},{"floor":13.0,"key":"Mercury Hourglass"},{"floor":22,"key":"Tingsha"},{"floor":22,"key":"Bottled Flame"},{"floor":23,"key":"Potion Belt"},{"floor":26,"key":"Toxic Egg 2"},{"floor":30,"key":"Kunai"},{"floor":40,"key":"Du-Vu Doll"},{"floor":42,"key":"Turnip"},{"floor":43,"key":"Bag of Marbles"}],"event_choices":[{"damage_healed":0.0,"max_hp_gain":0.0,"max_hp_loss":6.0,"gold_gain":0.0,"event_name":"Golden Idol","player_choice":"Lose Max HP","floor":2.0,"gold_loss":0.0,"damage_taken":0.0,"relics_obtained":["Golden Idol"]},{"damage_healed":0.0,"max_hp_gain":0.0,"max_hp_loss":0.0,"gold_gain":0.0,"event_name":"The Woman in Blue","player_choice":"Bought 1 Potion","floor":4.0,"gold_loss":0.0,"damage_taken":0.0},{"damage_healed":0.0,"max_hp_gain":0.0,"max_hp_loss":0.0,"gold_gain":0.0,"event_name":"Mushrooms","player_choice":"Fought Mushrooms","floor":10.0,"gold_loss":0.0,"damage_taken":0.0},{"damage_healed":0,"gold_gain":50,"player_choice":"Stole From Cult","damage_taken":0,"max_hp_gain":0,"max_hp_loss":0,"event_name":"Nest","floor":19,"gold_loss":0},{"damage_healed":0,"gold_gain":0,"player_choice":"Inject Mutagens","damage_taken":0,"relics_obtained":["MutagenicStrength"],"max_hp_gain":0,"max_hp_loss":0,"event_name":"Drug Dealer","floor":21,"gold_loss":0},{"damage_healed":0,"gold_gain":0,"player_choice":"Fight","damage_taken":0,"max_hp_gain":0,"max_hp_loss":0,"event_name":"Colosseum","floor":22,"gold_loss":0},{"damage_healed":0,"gold_gain":0,"player_choice":"Fought Nobs","damage_taken":0,"max_hp_gain":0,"max_hp_loss":0,"event_name":"Colosseum","floor":22,"gold_loss":0},{"damage_healed":0,"gold_gain":333,"player_choice":"Gave Idol","damage_taken":0,"max_hp_gain":0,"max_hp_loss":0,"event_name":"The Moai Head","floor":37,"relics_lost":["Golden Idol"],"gold_loss":0},{"damage_healed":0,"gold_gain":0,"player_choice":"Got Potions","damage_taken":0,"max_hp_gain":0,"max_hp_loss":0,"event_name":"Lab","floor":46,"gold_loss":0}],"is_beta":false,"boss_relics":[{"not_picked":["Cursed Key","Tiny House"],"picked":"Busted Crown"},{"not_picked":["Runic Dome","Lizard Tail"],"picked":"WristBlade"}],"items_purged_floors":[],"is_endless":false,"potions_floor_spawned":[3,8,11,13,14,16,18,22,29,35,39,42,47],"killed_by":"Time Eater","ascension_level":20}