{"gold_per_floor":[11,30,130,145,159,185,185,195,195,210,210,210,210,237,237,237],"floor_reached":16,"playtime":395,"items_purged":[],"score":224,"play_id":"89f756c3-8ca6-4c1f-b7e3-93aeb136165c","local_time":"20190616112534","is_ascension_mode":true,"campfire_choices":[{"data":"Whirlwind","floor":7,"key":"SMITH"},{"data":"Bash","floor":11,"key":"SMITH"},{"data":"Hemokinesis","floor":13,"key":"SMITH"},{"floor":15,"key":"REST"}],"neow_cost":"NO_GOLD","seed_source_timestamp":182934002861500,"circlet_count":0,"master_deck":["AscendersBane","Strike_R","Strike_R","Strike_R","Strike_R","Defend_R","Defend_R","Defend_R","Bash+1","Cleave","Rage","Whirlwind+1","Disarm+1","Limit Break","Hemokinesis+1","Pommel Strike","Pummel"],"special_seed":0,"relics":["Burning Blood","Omamori","Gremlin Horn","Dodecahedron"],"potions_floor_usage":[6,10],"damage_taken":[{"damage":8.0,"enemies":"2 Louse","floor":1.0,"turns":3.0},{"damage":1.0,"enemies":"Cultist","floor":2.0,"turns":3.0},{"damage":4.0,"enemies":"Small Slimes","floor":4.0,"turns":3.0},{"damage":3.0,"enemies":"Red Slaver","floor":5.0,"turns":4.0},{"damage":31,"enemies":"Gremlin Nob","floor":6,"turns":4},{"damage":10,"enemies":"3 Louse","floor":8,"turns":3},{"damage":9,"enemies":"Looter","floor":10,"turns":3},{"damage":30,"enemies":"Lagavulin","floor":14,"turns":5},{"damage":41,"enemies":"Hexaghost","floor":16,"turns":10}],"seed_played":"228853151343998107","potions_obtained":[{"floor":1.0,"key":"Poison Potion"},{"floor":2.0,"key":"Regen Potion"},{"floor":4.0,"key":"Strength Potion"},{"floor":8,"key":"Explosive Potion"}],"is_trial":false,"path_per_floor":["M","M","?","M","M","E","R","M","T","M","R","?","R","E","R","B"],"character_chosen":"IRONCLAD","items_purchased":[],"campfire_rested":1,"item_purchase_floors":[],"current_hp_per_floor":[66,71,71,73,75,50,50,46,46,43,43,43,43,19,41,0],"gold":237,"neow_bonus":"REMOVE_TWO","is_prod":false,"is_daily":false,"chose_seed":false,"campfire_upgraded":3,"win_rate":0,"timestamp":1560680734,"path_taken":["M","M","?","M","M","E","R","M","T","?","R","?","R","E","R","BOSS"],"build_version":"2019-01-23","purchased_purges":0,"victory":false,"max_hp_per_floor":[75,75,75,75,75,75,75,75,75,75,75,75,75,75,75,75],"card_choices":[{"not_picked":["Blood for Blood","Wild Strike"],"picked":"Cleave","floor":1.0},{"not_picked":["Feel No Pain","Power Through"],"picked":"Rage","floor":2.0},{"not_picked":["Pommel Strike","Clothesline"],"picked":"Whirlwind","floor":4.0},{"not_picked":["Iron Wave","Fire Breathing"],"picked":"Disarm","floor":5.0},{"not_picked":["Anger","Body Slam"],"picked":"Limit Break","floor":6},{"not_picked":["Sentinel","Rage"],"picked":"Hemokinesis","floor":8},{"not_picked":["True Grit","Blood for Blood"],"picked":"Pommel Strike","floor":10},{"not_picked":["Evolve","Ghostly Armor"],"picked":"Pummel","floor":14}],"player_experience":1467750,"relics_obtained":[{"floor":6,"key":"Omamori"},{"floor":9,"key":"Gremlin Horn"},{"floor":14,"key":"Dodecahedron"}],"event_choices":[{"damage_healed":0.0,"max_hp_gain":0.0,"max_hp_loss":0.0,"gold_gain":100.0,"event_name":"Wheel of Change","player_choice":"Gold","floor":3.0,"gold_loss":0.0,"damage_taken":0.0},{"damage_healed":0,"gold_gain":0,"player_choice":"Upgraded","damage_taken":0,"max_hp_gain":0,"max_hp_loss":0,"event_name":"Upgrade Shrine","floor":12,"gold_loss":0,"cards_upgraded":["Disarm"]}],"is_beta":false,"boss_relics":[],"items_purged_floors":[],"is_endless":false,"potions_floor_spawned":[1,2,4,8],"killed_by":"Hexaghost","ascension_level":20}