{"gold_per_floor":[111,111,125,125,137,137,147,157,157,157,172,172,187,200,200,277,277,288,288,303,303,303,303,316,316,316,316,316],"floor_reached":28,"playtime":887,"items_purged":[],"score":403,"play_id":"6aeb1fca-cca1-4ee2-9979-5451a174d7d0","local_time":"20180907132417","is_ascension_mode":true,"campfire_choices":[{"data":"Zap","floor":6.0,"key":"SMITH"},{"data":"Capacitor","floor":10.0,"key":"SMITH"},{"data":"Conserve Battery","floor":12.0,"key":"SMITH"},{"data":"Glacier","floor":15.0,"key":"SMITH"},{"floor":23.0,"key":"REST"},{"floor":27.0,"key":"REST"}],"neow_cost":"NONE","seed_source_timestamp":59729905742591,"circlet_count":0,"master_deck":["Strike_B+1","Strike_B+1","Strike_B+1","Defend_B+1","Defend_B+1","Defend_B+1","Defend_B+1","Zap+1","Dualcast","AscendersBane","Conserve Battery+1","Ball Lightning","Leap","Compile Driver","Capacitor+1","Leap","Glacier+1","Ball Lightning","Creative AI","Ball Lightning","Zap","Hologram"],"special_seed":0,"relics":["Cracked Core","Orichalcum","Darkstone Periapt","Inserter","Dodecahedron"],"potions_floor_usage":[28],"damage_taken":[{"damage":0.0,"enemies":"Cultist","floor":1.0,"turns":3.0},{"damage":6.0,"enemies":"Jaw Worm","floor":3.0,"turns":3.0},{"damage":0.0,"enemies":"2 Louse","floor":5.0,"turns":2.0},{"damage":0.0,"enemies":"Large Slime","floor":7.0,"turns":4.0},{"damage":0.0,"enemies":"Red Slaver","floor":8.0,"turns":3.0},{"damage":8.0,"enemies":"Blue Slaver","floor":11.0,"turns":3.0},{"damage":0.0,"enemies":"Large Slime","floor":13.0,"turns":4.0},{"damage":4.0,"enemies":"Red Slaver","floor":14.0,"turns":3.0},{"damage":31.0,"enemies":"Hexaghost","floor":16.0,"turns":12.0},{"damage":11.0,"enemies":"Spheric Guardian","floor":18.0,"turns":6.0},{"damage":6.0,"enemies":"Shell Parasite","floor":20.0,"turns":10.0},{"damage":45.0,"enemies":"Chosen and Byrds","floor":24.0,"turns":8.0},{"damage":36,"enemies":"Slavers","floor":28,"turns":4}],"seed_played":"4191666997207000836","potions_obtained":[{"floor":1.0,"key":"SteroidPotion"},{"floor":8.0,"key":"SteroidPotion"}],"is_trial":false,"path_per_floor":["M","?","M","?","M","R","M","M","T","R","M","R","M","M","R","B",null,"M","?","M","?","?","R","M","$","T","R"],"character_chosen":"DEFECT","items_purchased":[],"campfire_rested":2,"item_purchase_floors":[],"current_hp_per_floor":[64,64,58,51,51,51,51,51,51,51,43,43,43,39,39,8,55,44,44,38,38,38,59,14,14,14,35,0],"gold":316,"neow_bonus":"RANDOM_COMMON_RELIC","is_prod":false,"is_daily":false,"chose_seed":false,"campfire_upgraded":4,"win_rate":0,"timestamp":1536341057,"path_taken":["M","?","M","?","?","R","M","M","T","R","M","R","M","M","R","BOSS","M","?","?","?","?","R","M","$","T","R","E"],"build_version":"2018-09-06","purchased_purges":0,"victory":false,"max_hp_per_floor":[71,71,71,71,71,71,71,71,71,71,71,71,71,71,71,71,71,71,71,71,71,71,71,71,71,71,71,71],"card_choices":[{"not_picked":["FTL","Stack"],"picked":"Conserve Battery","floor":1.0},{"not_picked":["Barrage","Sweeping Beam"],"picked":"Ball Lightning","floor":3.0},{"not_picked":["Tempest","Barrage"],"picked":"Leap","floor":5.0},{"not_picked":["Streamline","Hello World"],"picked":"Compile Driver","floor":7.0},{"not_picked":["Thunder Strike","Force Field"],"picked":"Capacitor","floor":8.0},{"not_picked":["Sweeping Beam","Fusion"],"picked":"Leap","floor":11.0},{"not_picked":["Self Repair","Capacitor"],"picked":"Glacier","floor":13.0},{"not_picked":["Tempest","Chill"],"picked":"Ball Lightning","floor":14.0},{"not_picked":["Fission","Buffer"],"picked":"Creative AI","floor":16.0},{"not_picked":["Leap","Turbo"],"picked":"Ball Lightning","floor":18.0},{"not_picked":["Turbo","Force Field","Hello World"],"picked":"SKIP","floor":20.0},{"not_picked":["Capacitor","Turbo"],"picked":"Hologram","floor":24.0}],"player_experience":326410,"relics_obtained":[{"floor":9.0,"key":"Darkstone Periapt"},{"floor":26.0,"key":"Dodecahedron"}],"event_choices":[{"event_name":"Golden Idol","player_choice":"Ignored","floor":2.0,"damage_taken":0.0},{"event_name":"Golden Wing","player_choice":"Card Removal","floor":4.0,"damage_taken":0.0},{"event_name":"Back to Basics","player_choice":"Simplicity","floor":19.0,"damage_taken":0.0},{"event_name":"Match and Keep!","player_choice":"1 cards matched","floor":21.0,"damage_taken":0.0},{"event_name":"Vampires","player_choice":"Ignored","floor":22.0,"damage_taken":0.0}],"is_beta":false,"boss_relics":[{"not_picked":["Pandora\u0027s Box","Astrolabe"],"picked":"Inserter"}],"items_purged_floors":[],"is_endless":false,"potions_floor_spawned":[1,8,11,14,18,20],"killed_by":"Slavers","ascension_level":18}