{"gold_per_floor":[109,109,119,130,56,56,88,106,129,156,156,175,175,188,188,291,291,216,216],"floor_reached":19,"playtime":1010,"items_purged":[],"score":212,"play_id":"505b4d68-00b1-4c99-b0eb-d4ab3ac41c4d","local_time":"20180805165033","is_ascension_mode":true,"campfire_choices":[{"data":"Envenom","floor":6.0,"key":"SMITH"},{"floor":13,"key":"REST"},{"floor":15,"key":"REST"}],"neow_cost":"","seed_source_timestamp":2491242377900060,"circlet_count":0,"master_deck":["Defend_G","Defend_G","Defend_G","Defend_G","Defend_G","Strike_G","Strike_G","Survivor","Neutralize+1","Backflip","Envenom+1","Backflip","Infinite Blades","Backflip","Accuracy","Leg Sweep","Dash","Dagger Throw","Envenom"],"special_seed":0,"relics":["Ring of the Snake","Potion Belt","Art of War","Boot","Empty Cage"],"potions_floor_usage":[18],"damage_taken":[{"damage":0.0,"enemies":"2 Louse","floor":1.0,"turns":3.0},{"damage":0.0,"enemies":"Jaw Worm","floor":3.0,"turns":6.0},{"damage":0.0,"enemies":"Small Slimes","floor":4.0,"turns":4.0},{"damage":16.0,"enemies":"3 Sentries","floor":7.0,"turns":11.0},{"damage":29.0,"enemies":"Gremlin Gang","floor":8.0,"turns":8.0},{"damage":7.0,"enemies":"Lagavulin","floor":10.0,"turns":9.0},{"damage":0,"enemies":"Blue Slaver","floor":12,"turns":5},{"damage":0,"enemies":"Looter","floor":14,"turns":4},{"damage":30,"enemies":"Slime Boss","floor":16,"turns":14},{"damage":24,"enemies":"2 Thieves","floor":18,"turns":5},{"damage":61,"floor":19,"turns":3}],"seed_played":"693242291891030760","potions_obtained":[{"floor":4.0,"key":"EssenceOfSteel"},{"floor":8.0,"key":"LiquidBronze"},{"floor":10.0,"key":"FearPotion"},{"floor":14,"key":"Regen Potion"}],"is_trial":false,"path_per_floor":["M","?","M","M","$","R","E","M","T","E","?","M","R","M","R","B",null,"M"],"character_chosen":"THE_SILENT","items_purchased":["Infinite Blades"],"campfire_rested":2,"item_purchase_floors":[5],"current_hp_per_floor":[70,70,70,70,70,70,54,25,25,18,11,11,32,32,53,23,70,60,0],"gold":216,"neow_bonus":"","is_prod":false,"is_daily":false,"chose_seed":false,"campfire_upgraded":1,"win_rate":0,"timestamp":1533502233,"path_taken":["M","?","M","M","$","R","E","?","T","E","?","?","R","M","R","BOSS","M","?"],"build_version":"2018-08-02","purchased_purges":0,"victory":false,"max_hp_per_floor":[70,70,70,70,70,70,70,70,70,70,70,70,70,70,70,70,70,70,70],"card_choices":[{"not_picked":["Acrobatics","Distraction"],"picked":"Backflip","floor":1.0},{"not_picked":["Tactician","Acrobatics"],"picked":"Envenom","floor":3.0},{"not_picked":["Backstab","Tactician"],"picked":"Backflip","floor":4.0},{"not_picked":["Deflect","Burst"],"picked":"Backflip","floor":7.0},{"not_picked":["Dodge and Roll","Sucker Punch"],"picked":"Accuracy","floor":8.0},{"not_picked":["Bane","Predator"],"picked":"Leg Sweep","floor":10.0},{"not_picked":["Endless Agony","Distraction"],"picked":"Dash","floor":12},{"not_picked":["Setup","Sucker Punch"],"picked":"Dagger Throw","floor":14},{"not_picked":["Bullet Time","Venomology"],"picked":"Envenom","floor":16},{"not_picked":["Expertise","Outmaneuver","Distraction"],"picked":"SKIP","floor":18}],"player_experience":220041,"relics_obtained":[{"floor":7.0,"key":"Potion Belt"},{"floor":9.0,"key":"Art of War"},{"floor":10.0,"key":"Boot"}],"event_choices":[{"event_name":"Living Wall","player_choice":"Grow","floor":2.0,"damage_taken":0.0},{"event_name":"Golden Wing","player_choice":"Card Removal","floor":11,"damage_taken":0},{"event_name":"Masked Bandits","player_choice":"Fought over 216 gold","floor":19,"damage_taken":0}],"is_beta":false,"boss_relics":[{"not_picked":["Philosopher\u0027s Stone","Snecko Eye"],"picked":"Empty Cage"}],"items_purged_floors":[],"is_endless":false,"potions_floor_spawned":[4,8,10,14],"ascension_level":4}