{"gold_per_floor":[111,9,9,9,25,56,56,81,126,136,136,150,169,201,201,277,277,294,324,339,339,352,352,385,385,385,400,39,58,58,77,77,154,154,165,65,65,65,65,65,65,65,65,76,94,104,22,67,67,67,67],"floor_reached":52,"playtime":2722,"items_purged":["Strike_B","Beam Cell"],"score":1855,"play_id":"0ad47b00-6527-4897-a272-b08d5ea858a2","local_time":"20181007021151","is_ascension_mode":true,"campfire_choices":[{"data":"Zap","floor":7.0,"key":"SMITH"},{"floor":11.0,"key":"REST"},{"data":"Hologram","floor":15.0,"key":"SMITH"},{"data":"Echo Form","floor":23.0,"key":"SMITH"},{"floor":25.0,"key":"REST"},{"floor":30.0,"key":"REST"},{"data":"Go for the Eyes","floor":32.0,"key":"SMITH"},{"floor":40.0,"key":"REST"},{"floor":42.0,"key":"REST"},{"floor":49,"key":"REST"}],"neow_cost":"NONE","seed_source_timestamp":872642170618824,"circlet_count":0,"master_deck":["Zap+1","Dualcast","AscendersBane","Cold Snap","Defragment+1","Cold Snap","Ball Lightning","Electrodynamics","Conserve Battery","White Noise","Leap","Hologram+1","Cold Snap","Echo Form+1","Go for the Eyes","White Noise","Turbo","Go for the Eyes+1","Glacier","Seek+1","Chaos","Cold Snap","Streamline","Barrage","Tempest","Storm","Madness","Madness","Loop"],"special_seed":0,"relics":["Cracked Core","Art of War","FaceOfCleric","DataDisk","Torii","Oddly Smooth Stone","FossilizedHelix","Inserter","Red Mask","Bag of Marbles","Gremlin Horn","Mummified Hand","Pandora\u0027s Box","WingedGreaves","Bottled Tornado","Girya"],"potions_floor_usage":[50,51],"damage_taken":[{"damage":6.0,"enemies":"Cultist","floor":1.0,"turns":3.0},{"damage":2.0,"enemies":"Jaw Worm","floor":5.0,"turns":3.0},{"damage":11.0,"enemies":"Gremlin Nob","floor":6.0,"turns":3.0},{"damage":5.0,"enemies":"3 Sentries","floor":8.0,"turns":3.0},{"damage":0.0,"enemies":"Small Slimes","floor":10.0,"turns":3.0},{"damage":1.0,"enemies":"Gremlin Gang","floor":12.0,"turns":3.0},{"damage":0.0,"enemies":"Blue Slaver","floor":13.0,"turns":3.0},{"damage":11.0,"enemies":"Lagavulin","floor":14.0,"turns":6.0},{"damage":6.0,"enemies":"Hexaghost","floor":16.0,"turns":11.0},{"damage":0.0,"enemies":"Chosen","floor":18.0,"turns":4.0},{"damage":0.0,"enemies":"Masked Bandits","floor":19.0,"turns":2.0},{"damage":0.0,"enemies":"3 Byrds","floor":20.0,"turns":2.0},{"damage":0.0,"enemies":"Snecko","floor":22.0,"turns":5.0},{"damage":50.0,"enemies":"Slavers","floor":24.0,"turns":4.0},{"damage":0.0,"enemies":"Chosen and Byrds","floor":27.0,"turns":4.0},{"damage":0.0,"enemies":"Centurion and Healer","floor":29.0,"turns":6.0},{"damage":0.0,"enemies":"Snecko","floor":31.0,"turns":5.0},{"damage":0.0,"enemies":"Champ","floor":33.0,"turns":17.0},{"damage":19.0,"enemies":"3 Darklings","floor":35.0,"turns":5.0},{"damage":18.0,"enemies":"Mind Bloom Boss Battle","floor":39.0,"turns":5.0},{"damage":8.0,"enemies":"3 Shapes","floor":44.0,"turns":3.0},{"damage":0.0,"enemies":"Reptomancer","floor":45.0,"turns":5.0},{"damage":5.0,"enemies":"4 Shapes","floor":46.0,"turns":5.0},{"damage":1,"enemies":"Mysterious Sphere","floor":48,"turns":3},{"damage":49,"enemies":"Time Eater","floor":50,"turns":11},{"damage":22,"enemies":"Donu and Deca","floor":51,"turns":9}],"seed_played":"-421400693585848306","potions_obtained":[{"floor":1.0,"key":"SteroidPotion"},{"floor":6.0,"key":"Strength Potion"},{"floor":13.0,"key":"FearPotion"},{"floor":14.0,"key":"Weak Potion"},{"floor":19.0,"key":"SkillPotion"},{"floor":22.0,"key":"Ancient Potion"},{"floor":33.0,"key":"SpeedPotion"}],"is_trial":false,"path_per_floor":["M","$","?","?","M","E","R","E","T","M","R","M","M","E","R","B",null,"M","?","M","?","M","R","E","R","T","M","$","M","R","M","R","B",null,"M","$","?","$","?","R","?","R","T","M","M","M","$","?","R","B","B"],"character_chosen":"DEFECT","items_purchased":["Defragment","Cold Snap","Mummified Hand","Loop"],"campfire_rested":6,"item_purchase_floors":[2,2,28,47],"current_hp_per_floor":[58,58,58,58,57,47,47,43,43,44,66,66,67,57,57,52,72,73,74,75,75,76,76,27,52,52,53,53,54,79,80,80,81,86,68,68,68,68,51,78,62,89,89,82,83,79,79,79,94,46,25],"gold":67,"neow_bonus":"RANDOM_COMMON_RELIC","is_prod":false,"is_daily":false,"chose_seed":false,"campfire_upgraded":4,"win_rate":0,"timestamp":1538892711,"path_taken":["M","?","?","?","?","E","R","E","T","M","R","?","M","E","R","BOSS","M","?","M","?","M","R","E","R","T","M","$","?","R","M","R","BOSS","M","$","?","$","?","R","?","R","T","?","M","?","$","?","R","BOSS","BOSS"],"build_version":"2018-10-04v2","purchased_purges":2,"victory":true,"max_hp_per_floor":[71,71,71,71,72,73,73,74,74,75,75,76,77,78,78,79,79,80,81,82,82,83,83,84,84,84,85,85,86,86,87,87,88,88,89,89,89,89,90,90,90,90,90,91,92,93,93,94,94,95,96],"card_choices":[{"not_picked":["Leap","Beam Cell"],"picked":"Cold Snap","floor":1.0},{"not_picked":["White Noise","Storm"],"picked":"Ball Lightning","floor":5.0},{"not_picked":["Leap","Biased Cognition"],"picked":"Electrodynamics","floor":6.0},{"not_picked":["Streamline","Redo"],"picked":"Conserve Battery","floor":8.0},{"not_picked":["Beam Cell","Compile Driver"],"picked":"White Noise","floor":10.0},{"not_picked":["Conserve Battery","Double Energy"],"picked":"Leap","floor":12.0},{"not_picked":["Redo","Stack"],"picked":"Hologram","floor":13.0},{"not_picked":["Hologram","Melter"],"picked":"Cold Snap","floor":14.0},{"not_picked":["Electrodynamics","Thunder Strike"],"picked":"Echo Form","floor":16.0},{"not_picked":["Redo+1","Leap"],"picked":"Go for the Eyes","floor":18.0},{"not_picked":["Rebound","Coolheaded"],"picked":"White Noise","floor":19.0},{"not_picked":["Rip and Tear","Redo"],"picked":"Turbo","floor":20.0},{"not_picked":["Gash+1","Melter","Rebound"],"picked":"SKIP","floor":22.0},{"not_picked":["Sweeping Beam","Compile Driver","Recycle"],"picked":"SKIP","floor":24.0},{"not_picked":["Hologram","Rip and Tear"],"picked":"Go for the Eyes","floor":27.0},{"not_picked":["Self Repair","Creative AI"],"picked":"Glacier","floor":29.0},{"not_picked":["Hologram","Redo","Compile Driver"],"picked":"SKIP","floor":31.0},{"not_picked":["Creative AI","All For One"],"picked":"Seek","floor":33.0},{"not_picked":["Recycle","Redo","Beam Cell"],"picked":"SKIP","floor":35.0},{"not_picked":["Rip and Tear+1","Chill","Force Field"],"picked":"SKIP","floor":44.0},{"not_picked":["Scrape+1","Darkness+1","Redo"],"picked":"SKIP","floor":45.0},{"not_picked":["Auto Shields+1","Steam Power+1","Rebound+1"],"picked":"SKIP","floor":46.0}],"player_experience":370311,"relics_obtained":[{"floor":6.0,"key":"DataDisk"},{"floor":8.0,"key":"Torii"},{"floor":9.0,"key":"Oddly Smooth Stone"},{"floor":14.0,"key":"FossilizedHelix"},{"floor":19.0,"key":"Red Mask"},{"floor":24.0,"key":"Bag of Marbles"},{"floor":26.0,"key":"Gremlin Horn"},{"floor":39.0,"key":"WingedGreaves"},{"floor":43.0,"key":"Bottled Tornado"},{"floor":48,"key":"Girya"}],"event_choices":[{"event_name":"Living Wall","player_choice":"Grow","floor":3.0,"damage_taken":0.0},{"event_name":"FaceTrader","player_choice":"Trade","floor":4.0,"damage_taken":0.0},{"event_name":"Masked Bandits","player_choice":"Fought Bandits","floor":19.0,"damage_taken":0.0},{"event_name":"The Mausoleum","player_choice":"No","floor":21.0,"damage_taken":0.0},{"event_name":"Accursed Blacksmith","player_choice":"Forge","floor":37.0,"damage_taken":0.0},{"event_name":"MindBloom","player_choice":"Fight","floor":39.0,"damage_taken":0.0},{"event_name":"Winding Halls","player_choice":"Embrace Madness","floor":41.0,"damage_taken":0.0},{"event_name":"Mysterious Sphere","player_choice":"Fight","floor":48,"damage_taken":0}],"is_beta":false,"boss_relics":[{"not_picked":["Calling Bell","Velvet Choker"],"picked":"Inserter"},{"not_picked":["Empty Cage","Fusion Hammer"],"picked":"Pandora\u0027s Box"}],"items_purged_floors":[28,36],"is_endless":false,"potions_floor_spawned":[1,6,13,14,19,22,33,39,45,48],"ascension_level":20}