{"gold_per_floor":[114,133,183,194,204,235,235,260,260,271,271,300,318,318,318,391,391,409,409,425,370,370,370,384,384,409,409,442,50,50,74,74,149,149,159,178,190,190,23,23,49,49,73,73,86,137,162,178,178,178,178],"floor_reached":51,"playtime":1510,"items_purged":["Strike_R"],"score":1436,"play_id":"c80c2858-42a2-46d7-a94f-a0baa436e424","local_time":"20190602231020","is_ascension_mode":true,"campfire_choices":[{"data":"Bash","floor":7.0,"key":"SMITH"},{"floor":11.0,"key":"REST"},{"data":"Limit Break","floor":15.0,"key":"SMITH"},{"data":"Inflame","floor":23.0,"key":"SMITH"},{"data":"Flex","floor":25.0,"key":"SMITH"},{"floor":30.0,"key":"REST"},{"data":"Limit Break","floor":32.0,"key":"SMITH"},{"data":"Offering","floor":40.0,"key":"SMITH"},{"data":"Pommel Strike","floor":42.0,"key":"SMITH"},{"data":"Shrug It Off","floor":44.0,"key":"SMITH"},{"data":"Rage","floor":49.0,"key":"SMITH"}],"neow_cost":"NONE","seed_source_timestamp":142302457882600,"circlet_count":0,"master_deck":["AscendersBane","Strike_R","Strike_R","Strike_R+1","Defend_R","Defend_R","Defend_R+1","Defend_R+1","Bash+1","Iron Wave+1","Inflame+1","Anger","Carnage","Limit Break+1","Sword Boomerang","Flex+1","Pommel Strike+1","Limit Break+1","Flex","Clothesline+1","Shrug It Off+1","Intimidate+1","Reaper","Offering+1","Flex+1","Shockwave+1","Pommel Strike+1","Rage+1","Reaper"],"special_seed":0,"relics":["Burning Blood","Regal Pillow","Question Card","Bottled Tornado","Mercury Hourglass","Whetstone","Sozu","FaceOfCleric","Tiny Chest","Happy Flower","PreservedInsect","Vajra","Omamori","Cursed Key","Bag of Marbles","Potion Belt","Orichalcum","Bronze Scales","War Paint"],"potions_floor_usage":[51,51],"damage_taken":[{"damage":2.0,"enemies":"2 Louse","floor":1.0,"turns":3.0},{"damage":7.0,"enemies":"Cultist","floor":2.0,"turns":4.0},{"damage":6.0,"enemies":"Jaw Worm","floor":4.0,"turns":5.0},{"damage":13.0,"enemies":"3 Louse","floor":5.0,"turns":4.0},{"damage":27.0,"enemies":"Gremlin Nob","floor":6.0,"turns":4.0},{"damage":30.0,"enemies":"Lagavulin","floor":8.0,"turns":4.0},{"damage":6.0,"enemies":"Lots of Slimes","floor":10.0,"turns":3.0},{"damage":8.0,"enemies":"Gremlin Nob","floor":12.0,"turns":3.0},{"damage":0.0,"enemies":"Large Slime","floor":13.0,"turns":3.0},{"damage":30.0,"enemies":"The Guardian","floor":16.0,"turns":9.0},{"damage":12.0,"enemies":"Chosen","floor":18.0,"turns":3.0},{"damage":28.0,"enemies":"2 Thieves","floor":20.0,"turns":3.0},{"damage":7.0,"enemies":"Centurion and Healer","floor":24.0,"turns":3.0},{"damage":43.0,"enemies":"Slavers","floor":28.0,"turns":4.0},{"damage":32.0,"enemies":"Champ","floor":33.0,"turns":6.0},{"damage":24.0,"enemies":"3 Darklings","floor":35.0,"turns":3.0},{"damage":10.0,"enemies":"Orb Walker","floor":36.0,"turns":3.0},{"damage":30.0,"enemies":"Sphere and 2 Shapes","floor":37.0,"turns":5.0},{"damage":37.0,"enemies":"Reptomancer","floor":41.0,"turns":4.0},{"damage":0.0,"enemies":"Transient","floor":45.0,"turns":6.0},{"damage":6.0,"enemies":"Giant Head","floor":47.0,"turns":3.0},{"damage":12.0,"enemies":"4 Shapes","floor":48.0,"turns":3.0},{"damage":104.0,"enemies":"Donu and Deca","floor":50.0,"turns":6.0},{"damage":77,"enemies":"Time Eater","floor":51,"turns":6}],"seed_played":"5917610150305242128","potions_obtained":[{"floor":1.0,"key":"EssenceOfSteel"},{"floor":6.0,"key":"SkillPotion"},{"floor":8.0,"key":"Dexterity Potion"}],"is_trial":false,"path_per_floor":["M","M","?","M","M","E","R","E","T","M","R","E","M","?","R","B",null,"M","?","M","?","?","R","M","R","T","?","E","$","R","T","R","B",null,"M","M","M","?","$","R","E","R","T","R","M","T","E","M","R","B","B"],"character_chosen":"IRONCLAD","items_purchased":["Reaper","Vajra","Bag of Marbles"],"campfire_rested":2,"item_purchase_floors":[29,29,39],"current_hp_per_floor":[72,71,71,71,64,43,43,19,19,19,56,54,60,60,60,36,65,59,59,38,38,38,38,38,38,38,53,17,17,55,55,55,30,67,76,81,67,67,67,67,65,65,65,65,84,84,85,86,86,28,0],"gold":178,"neow_bonus":"RANDOM_COMMON_RELIC","is_prod":false,"is_daily":false,"chose_seed":false,"campfire_upgraded":9,"win_rate":0,"timestamp":1559513420,"path_taken":["M","M","?","M","M","E","R","E","T","M","R","E","?","?","R","BOSS","M","?","?","?","?","R","?","R","T","?","E","$","R","?","R","BOSS","M","M","M","?","$","R","E","R","T","R","M","?","E","M","R","BOSS","BOSS"],"build_version":"2019-01-23","purchased_purges":1,"victory":false,"max_hp_per_floor":[75,75,75,75,75,75,75,75,75,75,75,75,75,75,75,75,75,75,75,76,76,76,76,77,77,77,77,78,78,78,78,78,79,79,80,81,82,82,82,82,83,83,83,83,84,84,85,86,86,87,87],"card_choices":[{"not_picked":["Entrench","Wild Strike"],"picked":"Iron Wave","floor":1.0},{"not_picked":["Corruption","Rage"],"picked":"Inflame","floor":2.0},{"not_picked":["Shockwave","Flex"],"picked":"Anger","floor":4.0},{"not_picked":["Anger","Clothesline"],"picked":"Carnage","floor":5.0},{"not_picked":["Clash","Heavy Blade","Rupture"],"picked":"SKIP","floor":6.0},{"not_picked":["Pummel","Corruption","Armaments"],"picked":"Limit Break","floor":8.0},{"not_picked":["Warcry","Clash","Reckless Charge"],"picked":"Sword Boomerang","floor":10.0},{"not_picked":["Perfected Strike","Exhume","Havoc"],"picked":"Flex","floor":12.0},{"not_picked":["Sever Soul","Thunderclap","Heavy Blade"],"picked":"Pommel Strike","floor":13.0},{"not_picked":["Bludgeon","Reaper","Double Tap"],"picked":"Limit Break","floor":16.0},{"not_picked":["Cleave","Rage","Havoc"],"picked":"Flex","floor":18.0},{"not_picked":["Carnage","Thunderclap","Dual Wield"],"picked":"Clothesline+1","floor":20.0},{"not_picked":["Sword Boomerang+1","Warcry","Hemokinesis"],"picked":"Shrug It Off","floor":24.0},{"not_picked":["Spot Weakness+1","Entrench","Dropkick"],"picked":"Intimidate+1","floor":28.0},{"not_picked":["Juggernaut","Double Tap","Limit Break"],"picked":"Offering","floor":33.0},{"not_picked":["Intimidate+1","Rampage","Carnage"],"picked":"Flex+1","floor":35.0},{"not_picked":["Twin Strike","Warcry+1","Flex+1","Seeing Red"],"picked":"SKIP","floor":36.0},{"not_picked":["Havoc","Sword Boomerang","Twin Strike"],"picked":"Shockwave+1","floor":37.0},{"not_picked":["Ghostly Armor","Armaments","True Grit"],"picked":"Pommel Strike+1","floor":41.0},{"not_picked":["Hemokinesis","Sword Boomerang","Perfected Strike"],"picked":"Rage","floor":45.0},{"not_picked":["Iron Wave","Wild Strike","Warcry"],"picked":"Reaper","floor":47.0},{"not_picked":["Anger","Intimidate","Twin Strike+1","Clash"],"picked":"SKIP","floor":48.0}],"player_experience":1420960,"relics_obtained":[{"floor":6.0,"key":"Question Card"},{"floor":8.0,"key":"Bottled Tornado"},{"floor":9.0,"key":"Mercury Hourglass"},{"floor":12.0,"key":"Whetstone"},{"floor":26.0,"key":"Happy Flower"},{"floor":28.0,"key":"PreservedInsect"},{"floor":31.0,"key":"Omamori"},{"floor":41.0,"key":"Potion Belt"},{"floor":43.0,"key":"Orichalcum"},{"floor":46.0,"key":"Bronze Scales"},{"floor":47.0,"key":"War Paint"}],"event_choices":[{"damage_healed":0.0,"max_hp_gain":0.0,"max_hp_loss":0.0,"gold_gain":50.0,"event_name":"Golden Shrine","player_choice":"Pray","floor":3.0,"gold_loss":0.0,"damage_taken":0.0},{"damage_healed":0.0,"max_hp_gain":0.0,"max_hp_loss":0.0,"gold_gain":0.0,"event_name":"Liars Game","player_choice":"Ignored","floor":14.0,"gold_loss":0.0,"damage_taken":0.0},{"damage_healed":0.0,"max_hp_gain":0.0,"max_hp_loss":0.0,"gold_gain":0.0,"event_name":"FaceTrader","player_choice":"Trade","floor":19.0,"gold_loss":0.0,"damage_taken":0.0,"relics_obtained":["FaceOfCleric"]},{"damage_healed":0.0,"max_hp_gain":0.0,"max_hp_loss":0.0,"gold_gain":0.0,"event_name":"Addict","player_choice":"Obtained Relic","floor":21.0,"gold_loss":85.0,"damage_taken":0.0,"relics_obtained":["Tiny Chest"]},{"cards_removed":["Strike_R"],"damage_healed":0.0,"max_hp_gain":0.0,"max_hp_loss":0.0,"gold_gain":0.0,"event_name":"Bonfire Elementals","player_choice":"Offered Basic","floor":22.0,"gold_loss":0.0,"damage_taken":0.0},{"damage_healed":15.0,"max_hp_gain":0.0,"max_hp_loss":0.0,"gold_gain":0.0,"event_name":"The Library","player_choice":"Heal","floor":27.0,"gold_loss":0.0,"damage_taken":0.0},{"damage_healed":0.0,"max_hp_gain":0.0,"max_hp_loss":0.0,"gold_gain":0.0,"event_name":"Tomb of Lord Red Mask","player_choice":"Ignored","floor":38.0,"gold_loss":0.0,"damage_taken":0.0}],"is_beta":false,"boss_relics":[{"not_picked":["Astrolabe","Pandora\u0027s Box"],"picked":"Sozu"},{"not_picked":["Philosopher\u0027s Stone","Calling Bell"],"picked":"Cursed Key"}],"items_purged_floors":[29],"is_endless":false,"potions_floor_spawned":[1,6,8,10,13,20,28,36,37,47],"killed_by":"Time Eater","ascension_level":20}