{"gold_per_floor":[114,114,114,189,208,270,286,296,320,320],"floor_reached":10,"playtime":178,"items_purged":[],"score":186,"play_id":"4bf25af6-6946-4fec-879f-24aa68f24360","local_time":"20190520171448","is_ascension_mode":true,"campfire_choices":[],"neow_cost":"NONE","seed_source_timestamp":2005728679004517,"circlet_count":0,"master_deck":["AscendersBane","Strike_B","Strike_B","Strike_B","Defend_B","Defend_B","Defend_B","Defend_B","Zap","Dualcast","Go for the Eyes","Conserve Battery","Go for the Eyes","Echo Form"],"relics":["Cracked Core","NeowsBlessing","Tiny Chest","Juzu Bracelet"],"potions_floor_usage":[10,10],"damage_taken":[{"damage":0,"enemies":"Jaw Worm","floor":1,"turns":1},{"damage":0,"enemies":"Cultist","floor":5,"turns":1},{"damage":0,"enemies":"3 Sentries","floor":6,"turns":2},{"damage":1,"enemies":"2 Louse","floor":7,"turns":2},{"damage":3,"enemies":"Looter","floor":8,"turns":3},{"damage":60,"enemies":"Gremlin Nob","floor":10,"turns":6}],"seed_played":"8095101509578310396","potions_obtained":[{"floor":6,"key":"Ancient Potion"},{"floor":8,"key":"EssenceOfSteel"}],"is_trial":false,"path_per_floor":["M","?","$","?","M","E","M","M","T","E"],"character_chosen":"DEFECT","items_purchased":[],"campfire_rested":0,"item_purchase_floors":[],"current_hp_per_floor":[64,64,64,53,53,53,52,49,49,0],"gold":320,"neow_bonus":"THREE_ENEMY_KILL","is_prod":false,"is_daily":false,"chose_seed":false,"campfire_upgraded":0,"win_rate":0,"timestamp":1558386888,"path_taken":["M","?","?","?","M","E","M","M","T","E"],"build_version":"2019-01-23","purchased_purges":0,"victory":false,"max_hp_per_floor":[71,71,71,71,71,71,71,71,71,71],"card_choices":[{"not_picked":["Consume","Hello World"],"picked":"Go for the Eyes","floor":1},{"not_picked":["Turbo","Steam"],"picked":"Conserve Battery","floor":5},{"not_picked":["Barrage","Coolheaded"],"picked":"Go for the Eyes","floor":6},{"not_picked":["Self Repair","Cold Snap"],"picked":"Echo Form","floor":7},{"not_picked":["Beam Cell","Steam","Recycle"],"picked":"SKIP","floor":8}],"player_experience":698753,"relics_obtained":[{"floor":6,"key":"Tiny Chest"},{"floor":9,"key":"Juzu Bracelet"}],"event_choices":[{"cards_removed":["Strike_B"],"damage_healed":0,"gold_gain":0,"player_choice":"Purged","damage_taken":0,"max_hp_gain":0,"max_hp_loss":0,"event_name":"Purifier","floor":2,"gold_loss":0},{"damage_healed":0,"gold_gain":75,"player_choice":"Gather Gold","damage_taken":11,"max_hp_gain":0,"max_hp_loss":0,"event_name":"World of Goop","floor":4,"gold_loss":0}],"is_beta":false,"boss_relics":[],"items_purged_floors":[],"is_endless":false,"potions_floor_spawned":[6,8],"killed_by":"Gremlin Nob","ascension_level":20}