{"gold_per_floor":[110,64,64,77,42,54,54,79,79,89,89],"floor_reached":11,"playtime":258,"items_purged":[],"score":146,"play_id":"5e3289e6-2161-4a22-af37-6b0cbbba9053","local_time":"20190702162637","is_ascension_mode":true,"campfire_choices":[{"data":"Neutralize","floor":7,"key":"SMITH"}],"neow_cost":"NONE","seed_source_timestamp":5717195596694666,"circlet_count":0,"master_deck":["AscendersBane","Strike_G","Strike_G","Strike_G","Strike_G","Strike_G","Defend_G","Defend_G","Defend_G","Defend_G","Defend_G","Survivor","Neutralize+1","Unload","Dagger Spray+1","Slice","Poisoned Stab","Deadly Poison","Deflect"],"special_seed":0,"relics":["Ring of the Snake","Dodecahedron","Meat on the Bone"],"potions_floor_usage":[8,11],"damage_taken":[{"damage":0.0,"enemies":"Jaw Worm","floor":1.0,"turns":5.0},{"damage":0,"enemies":"Small Slimes","floor":4,"turns":2},{"damage":0,"enemies":"2 Louse","floor":6,"turns":2},{"damage":20,"enemies":"3 Sentries","floor":8,"turns":4},{"damage":6,"enemies":"Exordium Wildlife","floor":10,"turns":3},{"damage":44,"enemies":"Gremlin Nob","floor":11,"turns":4}],"seed_played":"3337199883110948698","potions_obtained":[{"floor":1.0,"key":"Explosive Potion"},{"floor":10,"key":"AttackPotion"}],"is_trial":false,"path_per_floor":["M","?","?","M","?","M","R","E","T","M","E"],"character_chosen":"THE_SILENT","items_purchased":[],"campfire_rested":0,"item_purchase_floors":[],"current_hp_per_floor":[59,59,59,59,66,66,66,46,46,40,0],"gold":89,"neow_bonus":"ONE_RANDOM_RARE_CARD","is_prod":false,"is_daily":false,"chose_seed":false,"campfire_upgraded":1,"win_rate":0,"timestamp":1562099197,"path_taken":["M","?","?","M","?","M","R","E","T","?","E"],"build_version":"2019-07-01","purchased_purges":0,"victory":false,"max_hp_per_floor":[66,66,66,66,66,66,66,66,66,66,66],"card_choices":[{"not_picked":["PiercingWail","Deflect"],"picked":"Dagger Spray","floor":1.0},{"not_picked":["Blade Dance","Concentrate"],"picked":"Slice","floor":4},{"not_picked":["Dagger Throw","Doppelganger"],"picked":"Poisoned Stab","floor":6},{"not_picked":["Sucker Punch","Acrobatics"],"picked":"Deadly Poison","floor":8},{"not_picked":["Deflect","Poisoned Stab","Skewer"],"picked":"SKIP","floor":10},{"not_picked":["Poisoned Stab","Skewer"],"picked":"Deflect","floor":10}],"player_experience":837925,"relics_obtained":[{"floor":8,"key":"Dodecahedron"},{"floor":9,"key":"Meat on the Bone"}],"event_choices":[{"damage_healed":0.0,"max_hp_gain":0.0,"max_hp_loss":0.0,"gold_gain":0.0,"event_name":"World of Goop","player_choice":"Left Gold","floor":2.0,"gold_loss":46.0,"damage_taken":0.0},{"damage_healed":0.0,"max_hp_gain":0.0,"max_hp_loss":0.0,"gold_gain":0.0,"event_name":"Living Wall","player_choice":"Grow","floor":3.0,"gold_loss":0.0,"damage_taken":0.0,"cards_upgraded":["Dagger Spray"]},{"damage_healed":16,"gold_gain":0,"player_choice":"Healed","damage_taken":0,"max_hp_gain":0,"max_hp_loss":0,"event_name":"The Cleric","floor":5,"gold_loss":35}],"is_beta":false,"boss_relics":[],"items_purged_floors":[],"is_endless":false,"potions_floor_spawned":[1,10],"killed_by":"Gremlin Nob","ascension_level":20}