{"gold_per_floor":[112,112,37,37,51,79,95,95,95,127,202,229,244,257,257,328,328,339,264,67,67,116,116],"floor_reached":23,"playtime":623,"items_purged":["Strike_R"],"score":464,"play_id":"59913eaa-186a-4967-8d74-230a29556795","local_time":"20190709165558","is_ascension_mode":true,"campfire_choices":[{"data":"Pommel Strike","floor":8.0,"key":"SMITH"},{"data":"Immolate","floor":15.0,"key":"SMITH"}],"neow_cost":"NONE","seed_source_timestamp":24514691771100,"circlet_count":0,"master_deck":["AscendersBane","Strike_R","Strike_R","Strike_R","Strike_R","Defend_R","Defend_R","Defend_R","Defend_R","Bash+1","Twin Strike","Pommel Strike+1","Shrug It Off","Hemokinesis","True Grit+1","Immolate+1","True Grit+1","Feed","Armaments+1","Mayhem"],"special_seed":0,"relics":["Burning Blood","NeowsBlessing","WarpedTongs","Thread and Needle","Toxic Egg 2","Blue Candle","Magic Flower","Snecko Eye","Nilry\u0027s Codex","Art of War"],"potions_floor_usage":[16,16],"damage_taken":[{"damage":0.0,"enemies":"Jaw Worm","floor":1.0,"turns":1.0},{"damage":0.0,"enemies":"2 Louse","floor":5.0,"turns":1.0},{"damage":1.0,"enemies":"Lagavulin","floor":6.0,"turns":1.0},{"damage":3.0,"enemies":"Cultist","floor":7.0,"turns":3.0},{"damage":8.0,"enemies":"Gremlin Nob","floor":10.0,"turns":3.0},{"damage":32.0,"enemies":"3 Sentries","floor":12.0,"turns":7.0},{"damage":1.0,"enemies":"Looter","floor":13.0,"turns":3.0},{"damage":1.0,"enemies":"Large Slime","floor":14.0,"turns":5.0},{"damage":28,"enemies":"Slime Boss","floor":16,"turns":10},{"damage":33,"enemies":"Chosen","floor":18,"turns":6},{"damage":22,"enemies":"Book of Stabbing","floor":23,"turns":4}],"seed_played":"-759180112566567134","potions_obtained":[{"floor":6.0,"key":"FearPotion"},{"floor":7.0,"key":"Swift Potion"},{"floor":12.0,"key":"Energy Potion"}],"is_trial":false,"path_per_floor":["M","?","$","?","M","E","M","R","T","E","?","E","M","M","R","B",null,"M","?","$","?","T","E"],"character_chosen":"IRONCLAD","items_purchased":["Mayhem"],"campfire_rested":0,"item_purchase_floors":[20],"current_hp_per_floor":[74,74,74,74,75,75,75,75,75,73,62,36,44,52,52,33,65,41,41,41,20,20,0],"gold":116,"neow_bonus":"THREE_ENEMY_KILL","is_prod":false,"is_daily":false,"chose_seed":false,"campfire_upgraded":2,"win_rate":0,"timestamp":1562687758,"path_taken":["M","?","$","?","?","E","M","R","T","E","?","E","M","M","R","BOSS","M","?","$","?","?","E"],"build_version":"2019-07-05","purchased_purges":1,"victory":false,"max_hp_per_floor":[75,75,75,75,75,75,75,75,75,75,75,75,75,75,75,75,75,75,75,75,75,75,75],"card_choices":[{"not_picked":["Anger","Disarm"],"picked":"Twin Strike","floor":1.0},{"not_picked":["Twin Strike","Sever Soul"],"picked":"Pommel Strike","floor":5.0},{"not_picked":["Body Slam","Warcry","Rupture"],"picked":"SKIP","floor":6.0},{"not_picked":["Headbutt","Iron Wave"],"picked":"Shrug It Off","floor":7.0},{"not_picked":["Anger","Evolve"],"picked":"Hemokinesis","floor":10.0},{"not_picked":["Armaments+1","Carnage"],"picked":"True Grit+1","floor":12.0},{"not_picked":["Wild Strike","Warcry+1"],"picked":"Immolate","floor":13.0},{"not_picked":["Battle Trance+1","Wild Strike"],"picked":"True Grit+1","floor":14.0},{"not_picked":["Barricade","Fiend Fire"],"picked":"Feed","floor":16},{"not_picked":["Anger","Headbutt"],"picked":"Armaments+1","floor":18}],"player_experience":1550573,"relics_obtained":[{"floor":6.0,"key":"Thread and Needle"},{"floor":9.0,"key":"Toxic Egg 2"},{"floor":10.0,"key":"Blue Candle"},{"floor":12.0,"key":"Magic Flower"},{"floor":21,"key":"Nilry\u0027s Codex"},{"floor":22,"key":"Art of War"}],"event_choices":[{"damage_healed":0.0,"max_hp_gain":0.0,"max_hp_loss":0.0,"gold_gain":0.0,"event_name":"Living Wall","player_choice":"Grow","floor":2.0,"gold_loss":0.0,"damage_taken":0.0,"cards_upgraded":["Bash"]},{"damage_healed":0.0,"max_hp_gain":0.0,"max_hp_loss":0.0,"gold_gain":0.0,"event_name":"Accursed Blacksmith","player_choice":"Rummage","floor":4.0,"gold_loss":0.0,"damage_taken":0.0,"relics_obtained":["WarpedTongs"],"cards_obtained":["Pain"]},{"damage_healed":0.0,"max_hp_gain":0.0,"max_hp_loss":0.0,"gold_gain":75.0,"event_name":"World of Goop","player_choice":"Gather Gold","floor":11.0,"gold_loss":0.0,"damage_taken":11.0},{"cards_removed":["Pain"],"damage_healed":0,"gold_gain":0,"player_choice":"Gave Gold","damage_taken":0,"max_hp_gain":0,"max_hp_loss":0,"event_name":"Beggar","floor":19,"gold_loss":75},{"damage_healed":0,"gold_gain":0,"player_choice":"Obtained Book","damage_taken":21,"max_hp_gain":0,"max_hp_loss":0,"event_name":"Cursed Tome","floor":21,"gold_loss":0}],"is_beta":false,"boss_relics":[{"not_picked":["Cursed Key","Velvet Choker"],"picked":"Snecko Eye"}],"items_purged_floors":[3],"is_endless":false,"potions_floor_spawned":[6,7,12,13],"killed_by":"Book of Stabbing","ascension_level":20}