{"gold_per_floor":[115,162,182,193,180,211,211,236,282,298,298,317,22,22,22,117,117,136,136,86,103,138,173,173,183,235,235],"floor_reached":27,"playtime":4526,"items_purged":[],"score":243,"play_id":"dfc04888-74af-4184-a1ea-27e0936db5d3","local_time":"20180701211900","is_ascension_mode":false,"campfire_choices":[{"floor":7,"key":"REST"},{"floor":15,"key":"REST"},{"floor":24,"key":"REST"}],"neow_cost":"","seed_source_timestamp":5388404854461686,"circlet_count":0,"master_deck":["Defend_G","Defend_G","Defend_G","Defend_G","Defend_G","Strike_G","Strike_G","Strike_G","Strike_G","Strike_G","Survivor","Neutralize","Deflect","Finisher","Sucker Punch","Underhanded Strike","Night Terror","Flying Knee","Riddle With Holes","Dagger Throw","Poisoned Stab","After Image","Choke","RitualDagger","Dagger Throw","All Out Attack+1","Well Laid Plans","Backstab","Poisoned Stab+1"],"relics":["Ring of the Snake","Bronze Scales","Potion Belt","Paper Crane","Oddly Smooth Stone","Matryoshka","Fusion Hammer","Red Mask","Happy Flower","Vajra","Boot"],"potions_floor_usage":[16,16,23,23,25],"damage_taken":[{"damage":0,"enemies":"Cultist","floor":1,"turns":6},{"damage":5,"enemies":"Jaw Worm","floor":3,"turns":5},{"damage":0,"enemies":"2 Louse","floor":4,"turns":2},{"damage":1,"enemies":"Exordium Thugs","floor":5,"turns":4},{"damage":21,"enemies":"Gremlin Nob","floor":6,"turns":4},{"damage":23,"enemies":"3 Sentries","floor":8,"turns":9},{"damage":0,"enemies":"Looter","floor":10,"turns":3},{"damage":0,"enemies":"2 Fungi Beasts","floor":12,"turns":3},{"damage":29,"enemies":"Slime Boss","floor":16,"turns":6},{"damage":5,"enemies":"3 Byrds","floor":18,"turns":4},{"damage":12,"enemies":"Shell Parasite","floor":21,"turns":3},{"damage":22,"floor":22,"turns":5},{"damage":27,"enemies":"Gremlin Leader","floor":23,"turns":6},{"damage":21,"enemies":"Snecko","floor":25,"turns":6},{"damage":8,"enemies":"Slavers","floor":27,"turns":2}],"seed_played":"-5026438122290393955","potions_obtained":[{"floor":1,"key":"EssenceOfSteel"},{"floor":4,"key":"SteroidPotion"},{"floor":6,"key":"Energy Potion"},{"floor":10,"key":"SteroidPotion"},{"floor":11,"key":"Energy Potion"},{"floor":16,"key":"GhostInAJar"},{"floor":22,"key":"FearPotion"},{"floor":23,"key":"SpeedPotion"}],"is_trial":false,"path_per_floor":["M","T","M","M","M","E","R","E","T","M","?","M","$","?","R","B",null,"M","?","$","M","?","E","R","M","T"],"character_chosen":"THE_SILENT","items_purchased":["Poisoned Stab","Matryoshka","Dagger Throw"],"campfire_rested":3,"item_purchase_floors":[13,13,20],"current_hp_per_floor":[70,70,65,65,64,43,64,41,41,41,41,41,41,46,68,39,75,70,64,64,52,30,3,25,4,4,0],"gold":235,"neow_bonus":"","is_prod":false,"is_daily":false,"chose_seed":false,"campfire_upgraded":0,"win_rate":0.0,"timestamp":1530494340,"path_taken":["M","?","M","?","M","E","R","E","T","M","?","M","?","?","R","BOSS","M","?","?","M","?","E","R","M","T","E"],"build_version":"2018-06-28","purchased_purges":0,"victory":false,"max_hp_per_floor":[70,70,70,70,70,70,70,70,70,70,70,70,70,75,75,75,75,75,75,75,75,75,75,75,75,75,75],"card_choices":[{"not_picked":["Well Laid Plans","Reflex"],"picked":"Deflect","floor":1},{"not_picked":["Acrobatics","Prepared"],"picked":"Finisher","floor":3},{"not_picked":["Deflect","Escape Plan"],"picked":"Sucker Punch","floor":4},{"not_picked":["Sucker Punch","Distraction"],"picked":"Underhanded Strike","floor":5},{"not_picked":["Quick Slash","Predator"],"picked":"Night Terror","floor":6},{"not_picked":["PiercingWail","Noxious Fumes"],"picked":"Flying Knee","floor":8},{"not_picked":["Eviscerate","Expertise"],"picked":"Riddle With Holes","floor":10},{"not_picked":["Slice","Caltrops"],"picked":"Dagger Throw","floor":12},{"not_picked":["A Thousand Cuts","Burst"],"picked":"After Image","floor":16},{"not_picked":["Outmaneuver","Underhanded Strike"],"picked":"Choke","floor":18},{"not_picked":["Deadly Poison","Sucker Punch"],"picked":"All Out Attack+1","floor":21},{"not_picked":["Dodge and Roll","Poisoned Stab"],"picked":"Well Laid Plans","floor":22},{"not_picked":["Heel Hook","Burst"],"picked":"Backstab","floor":23},{"not_picked":["Flechettes","Underhanded Strike+1"],"picked":"Poisoned Stab+1","floor":25}],"player_experience":24975,"relics_obtained":[{"floor":2,"key":"Bronze Scales"},{"floor":6,"key":"Potion Belt"},{"floor":8,"key":"Paper Crane"},{"floor":9,"key":"Oddly Smooth Stone"},{"floor":22,"key":"Red Mask"},{"floor":23,"key":"Happy Flower"},{"floor":26,"key":"Vajra"},{"floor":26,"key":"Boot"}],"event_choices":[{"event_name":"The Lab","player_choice":"Got Potions","floor":11,"damage_taken":0},{"event_name":"Big Fish","player_choice":"Donut","floor":14,"damage_taken":0},{"event_name":"Nest","player_choice":"Joined the Cult","floor":19,"damage_taken":0},{"event_name":"Masked Bandits","player_choice":"Fought over 103 gold","floor":22,"damage_taken":0}],"boss_relics":[{"not_picked":["Runic Dome","Velvet Choker"],"picked":"Fusion Hammer"}],"items_purged_floors":[],"is_endless":false,"potions_floor_spawned":[1,4,6,10,12,16,22,23],"killed_by":"Slavers","ascension_level":0}