{"gold_per_floor":[118,118,136,136,146,160,85,160,187,187,187,205,222,234,234,336,336,347,366,378,378,278,290,290],"floor_reached":24,"playtime":4073,"items_purged":["Strike_G","Strike_G"],"score":192,"play_id":"444d3310-c5ec-495c-9da5-c41ee5b60e3a","local_time":"20190710032539","is_ascension_mode":false,"campfire_choices":[{"data":"Quick Slash","floor":10,"key":"SMITH"},{"floor":15,"key":"REST"}],"neow_cost":"NONE","seed_source_timestamp":375114532602321,"circlet_count":0,"master_deck":["Strike_G","Defend_G","Defend_G","Defend_G","Defend_G","Defend_G","Survivor","Neutralize","Sucker Punch","Escape Plan","Quick Slash","Quick Slash+1","Flying Knee","Footwork","Deflect","After Image","Deflect+1","Masterful Stab+1","Blur","Night Terror","Burst"],"relics":["Ring of the Snake","Regal Pillow","Runic Pyramid"],"potions_floor_usage":[14],"damage_taken":[{"damage":0,"enemies":"Small Slimes","floor":1,"turns":7},{"damage":0,"enemies":"Cultist","floor":3,"turns":4},{"damage":0,"enemies":"2 Louse","floor":5,"turns":3},{"damage":23,"enemies":"Exordium Thugs","floor":6,"turns":5},{"damage":4,"enemies":"Lots of Slimes","floor":12,"turns":5},{"damage":1,"enemies":"2 Fungi Beasts","floor":13,"turns":3},{"damage":3,"enemies":"Large Slime","floor":14,"turns":6},{"damage":39,"enemies":"The Guardian","floor":16,"turns":17},{"damage":5,"enemies":"Shell Parasite","floor":18,"turns":7},{"damage":1,"enemies":"Chosen","floor":19,"turns":7},{"damage":2,"enemies":"Snecko","floor":20,"turns":7},{"damage":6,"enemies":"Shelled Parasite and Fungi","floor":23,"turns":9},{"damage":61,"enemies":"Chosen and Byrds","floor":24,"turns":8}],"seed_played":"4469067419096652947","potions_obtained":[{"floor":5,"key":"Weak Potion"},{"floor":6,"key":"SkillPotion"},{"floor":12,"key":"Explosive Potion"},{"floor":16,"key":"SpeedPotion"}],"is_trial":false,"path_per_floor":["M","$","M","?","M","M","$","?","T","R","$","M","M","M","R","B",null,"M","M","M","?","$","M","M"],"character_chosen":"THE_SILENT","items_purchased":[],"campfire_rested":1,"item_purchase_floors":[],"current_hp_per_floor":[70,70,70,70,70,47,47,40,40,40,40,36,35,32,68,29,70,65,64,62,62,62,56,0],"gold":290,"neow_bonus":"REMOVE_CARD","is_prod":false,"is_daily":false,"chose_seed":false,"campfire_upgraded":1,"win_rate":0.0,"timestamp":1562743539,"path_taken":["M","$","M","?","M","M","?","?","T","R","$","M","M","M","R","BOSS","M","M","M","?","?","M","M"],"build_version":"2019-07-05","purchased_purges":2,"victory":false,"max_hp_per_floor":[70,70,70,70,70,70,70,70,70,70,70,70,70,70,70,70,70,70,70,70,70,70,70,70],"card_choices":[{"not_picked":["Backflip","Tactician"],"picked":"Sucker Punch","floor":1},{"not_picked":["Flechettes","All Out Attack"],"picked":"Escape Plan","floor":3},{"not_picked":["Endless Agony","Bane"],"picked":"Quick Slash","floor":5},{"not_picked":["Catalyst","Outmaneuver"],"picked":"Quick Slash","floor":6},{"not_picked":["Choke","Outmaneuver"],"picked":"Flying Knee","floor":12},{"not_picked":["Expertise","Terror"],"picked":"Footwork","floor":13},{"not_picked":["Flechettes","Finisher"],"picked":"Deflect","floor":14},{"not_picked":["Bullet Time","Venomology"],"picked":"After Image","floor":16},{"not_picked":["Bane","Skewer"],"picked":"Deflect+1","floor":18},{"not_picked":["Sucker Punch","All Out Attack+1"],"picked":"Masterful Stab+1","floor":19},{"not_picked":["Reflex","Outmaneuver"],"picked":"Blur","floor":20},{"not_picked":["Backflip+1","Caltrops"],"picked":"Burst","floor":23}],"player_experience":38075,"relics_obtained":[{"floor":9,"key":"Regal Pillow"}],"event_choices":[{"damage_healed":0,"gold_gain":0,"player_choice":"Bought 0 Potions","damage_taken":0,"max_hp_gain":0,"max_hp_loss":0,"event_name":"The Woman in Blue","floor":4,"gold_loss":0},{"damage_healed":0,"gold_gain":75,"player_choice":"Touch","damage_taken":7,"max_hp_gain":0,"max_hp_loss":0,"event_name":"FaceTrader","floor":8,"gold_loss":0},{"damage_healed":0,"gold_gain":0,"cards_transformed":["Strike_G"],"player_choice":"Transformed","damage_taken":0,"max_hp_gain":0,"max_hp_loss":0,"event_name":"Transmorgrifier","floor":21,"gold_loss":0,"cards_obtained":["Night Terror"]}],"is_beta":false,"boss_relics":[{"not_picked":["Snecko Eye","HoveringKite"],"picked":"Runic Pyramid"}],"items_purged_floors":[7,22],"is_endless":false,"potions_floor_spawned":[5,6,12,16,18],"killed_by":"Chosen and Byrds","ascension_level":0}