{"gold_per_floor":[118,43,8,8,27,67,87,120,120,14,14,53,53,53,53,149,149],"floor_reached":17,"playtime":289,"items_purged":["Strike_B","Strike_B"],"score":392,"play_id":"ea777679-ed66-4886-abd5-b6b9d9ee06e5","local_time":"20190701103506","is_ascension_mode":true,"campfire_choices":[{"floor":11.0,"key":"REST"},{"data":"Defragment","floor":15.0,"key":"SMITH"}],"neow_cost":"NONE","seed_source_timestamp":86583111144500,"circlet_count":0,"master_deck":["AscendersBane","Strike_B","Strike_B","Defend_B","Defend_B","Defend_B","Defend_B","Zap","Dualcast","Cold Snap","Defragment+1","All For One","Gash","Sweeping Beam","Ball Lightning","Cold Snap","Electrodynamics"],"special_seed":0,"relics":["Cracked Core","NeowsBlessing","Golden Idol","Dodecahedron","Smiling Mask","Mercury Hourglass","Dream Catcher","Nuclear Battery"],"potions_floor_usage":[],"damage_taken":[{"damage":0.0,"enemies":"Small Slimes","floor":1.0,"turns":1.0},{"damage":0.0,"enemies":"Jaw Worm","floor":5.0,"turns":1.0},{"damage":0.0,"enemies":"3 Sentries","floor":6.0,"turns":1.0},{"damage":0.0,"enemies":"2 Louse","floor":7.0,"turns":2.0},{"damage":23.0,"enemies":"Gremlin Nob","floor":8.0,"turns":4.0},{"damage":34.0,"enemies":"3 Sentries","floor":12.0,"turns":5.0},{"damage":19,"enemies":"Slime Boss","floor":16,"turns":9}],"seed_played":"1728832590293077067","potions_obtained":[{"floor":6.0,"key":"PowerPotion"},{"floor":7.0,"key":"PowerPotion"},{"floor":12.0,"key":"SteroidPotion"}],"is_trial":false,"path_per_floor":["M","$","?","?","M","E","M","E","T","$","R","E","?","?","R","B",null],"character_chosen":"DEFECT","items_purchased":["Ball Lightning"],"campfire_rested":1,"item_purchase_floors":[10],"current_hp_per_floor":[64,64,71,47,47,47,47,24,24,24,45,11,11,34,34,15,57],"gold":149,"neow_bonus":"THREE_ENEMY_KILL","is_prod":false,"is_daily":false,"chose_seed":false,"campfire_upgraded":1,"win_rate":0,"timestamp":1561973706,"path_taken":["M","$","?","?","M","E","M","E","T","$","R","E","?","?","R","BOSS"],"build_version":"2019-01-23","purchased_purges":2,"victory":false,"max_hp_per_floor":[71,71,71,71,71,71,71,71,71,71,71,71,71,71,71,71,71],"card_choices":[{"not_picked":["Stack","Reinforced Body"],"picked":"Cold Snap","floor":1.0},{"not_picked":["Streamline","Steam"],"picked":"Defragment","floor":5.0},{"not_picked":["Conserve Battery","Sweeping Beam"],"picked":"All For One","floor":6.0},{"not_picked":["Reprogram","Stack"],"picked":"Gash","floor":7.0},{"not_picked":["Redo","Force Field"],"picked":"Sweeping Beam","floor":8.0},{"not_picked":["Turbo","Sunder"],"picked":"Cold Snap","floor":12.0},{"not_picked":["Seek","Creative AI"],"picked":"Electrodynamics","floor":16}],"player_experience":1512660,"relics_obtained":[{"floor":6.0,"key":"Dodecahedron"},{"floor":8.0,"key":"Smiling Mask"},{"floor":9.0,"key":"Mercury Hourglass"},{"floor":12.0,"key":"Dream Catcher"}],"event_choices":[{"damage_healed":17.0,"max_hp_gain":0.0,"max_hp_loss":0.0,"gold_gain":0.0,"event_name":"The Cleric","player_choice":"Healed","floor":3.0,"gold_loss":35.0,"damage_taken":0.0},{"damage_healed":0.0,"max_hp_gain":0.0,"max_hp_loss":0.0,"gold_gain":0.0,"event_name":"Golden Idol","player_choice":"Take Damage","floor":4.0,"gold_loss":0.0,"damage_taken":24.0,"relics_obtained":["Golden Idol"]},{"damage_healed":0.0,"max_hp_gain":0.0,"max_hp_loss":0.0,"gold_gain":0.0,"event_name":"Liars Game","player_choice":"Ignored","floor":13.0,"gold_loss":0.0,"damage_taken":0.0},{"damage_healed":23.0,"max_hp_gain":0.0,"max_hp_loss":0.0,"gold_gain":0.0,"event_name":"Big Fish","player_choice":"Banana","floor":14.0,"gold_loss":0.0,"damage_taken":0.0}],"is_beta":false,"boss_relics":[{"not_picked":["Empty Cage","Black Star"],"picked":"Nuclear Battery"}],"items_purged_floors":[2,10],"is_endless":false,"potions_floor_spawned":[6,7,12],"ascension_level":20}