{"gold_per_floor":[114,114,124,41,6,32,32,61,61,81,111,111,138,154,154,154],"floor_reached":16,"playtime":366,"items_purged":[],"score":282,"play_id":"90aa17f9-e3ea-46c5-9c1a-dbaa0cddd733","local_time":"20190524163333","is_ascension_mode":true,"campfire_choices":[{"data":"Loop","floor":7,"key":"SMITH"},{"floor":12,"key":"REST"},{"data":"Streamline","floor":15,"key":"SMITH"}],"neow_cost":"NONE","seed_source_timestamp":2348596428942939,"circlet_count":0,"master_deck":["AscendersBane","Strike_B","Strike_B","Strike_B","Defend_B","Defend_B","Defend_B","Defend_B","Zap","Dualcast","Sweeping Beam","Glacier","Loop+1","Streamline+1","Sweeping Beam"],"relics":["Cracked Core","NeowsBlessing","Matryoshka","Blood Vial","Regal Pillow","Toxic Egg 2","Odd Mushroom","Oddly Smooth Stone","Dodecahedron","Orichalcum"],"potions_floor_usage":[8,11],"damage_taken":[{"damage":0,"enemies":"2 Louse","floor":1,"turns":1},{"damage":0,"enemies":"Cultist","floor":3,"turns":1},{"damage":0,"enemies":"Lagavulin","floor":6,"turns":1},{"damage":11,"enemies":"3 Sentries","floor":8,"turns":10},{"damage":26,"enemies":"The Mushroom Lair","floor":10,"turns":4},{"damage":36,"enemies":"Gremlin Nob","floor":11,"turns":5},{"damage":6,"enemies":"Jaw Worm","floor":14,"turns":3},{"damage":36,"enemies":"Slime Boss","floor":16,"turns":6}],"seed_played":"-544946095794672904","potions_obtained":[{"floor":3,"key":"AttackPotion"},{"floor":6,"key":"Weak Potion"}],"is_trial":false,"path_per_floor":["M","?","M","$","?","E","R","E","T","?","E","R","T","M","R","B"],"character_chosen":"DEFECT","items_purchased":["Loop"],"campfire_rested":1,"item_purchase_floors":[4],"current_hp_per_floor":[64,64,64,64,71,71,71,60,60,36,2,38,38,34,34,0],"gold":154,"neow_bonus":"THREE_ENEMY_KILL","is_prod":false,"is_daily":false,"chose_seed":false,"campfire_upgraded":2,"win_rate":0,"timestamp":1558730013,"path_taken":["M","?","?","$","?","E","R","E","T","?","E","R","?","M","R","BOSS"],"build_version":"2019-01-23","purchased_purges":0,"victory":false,"max_hp_per_floor":[71,71,71,71,71,71,71,71,71,71,71,71,71,71,71,71],"card_choices":[{"not_picked":["Rebound","Aggregate"],"picked":"Sweeping Beam","floor":1},{"not_picked":["Chill","Beam Cell"],"picked":"Glacier","floor":3},{"not_picked":["Rebound","Gash","Coolheaded"],"picked":"SKIP","floor":6},{"not_picked":["Go for the Eyes","Skim"],"picked":"Streamline","floor":8},{"not_picked":["Chill+1","Force Field+1"],"picked":"Sweeping Beam","floor":10},{"not_picked":["Rebound","Beam Cell","Stack+1"],"picked":"SKIP","floor":11},{"not_picked":["Rip and Tear","Turbo+1","Barrage"],"picked":"SKIP","floor":14}],"player_experience":710135,"relics_obtained":[{"floor":6,"key":"Matryoshka"},{"floor":8,"key":"Blood Vial"},{"floor":9,"key":"Regal Pillow"},{"floor":9,"key":"Toxic Egg 2"},{"floor":10,"key":"Odd Mushroom"},{"floor":11,"key":"Oddly Smooth Stone"},{"floor":13,"key":"Dodecahedron"},{"floor":13,"key":"Orichalcum"}],"event_choices":[{"cards_removed":["Strike_B"],"damage_healed":0,"gold_gain":0,"player_choice":"Purged","damage_taken":0,"max_hp_gain":0,"max_hp_loss":0,"event_name":"Purifier","floor":2,"gold_loss":0},{"damage_healed":17,"gold_gain":0,"player_choice":"Healed","damage_taken":0,"max_hp_gain":0,"max_hp_loss":0,"event_name":"The Cleric","floor":5,"gold_loss":35},{"damage_healed":0,"gold_gain":0,"player_choice":"Fought Mushrooms","damage_taken":0,"max_hp_gain":0,"max_hp_loss":0,"event_name":"Mushrooms","floor":10,"gold_loss":0}],"is_beta":false,"boss_relics":[],"items_purged_floors":[],"is_endless":false,"potions_floor_spawned":[3,6],"killed_by":"Slime Boss","ascension_level":20}