{"gold_per_floor":[115,40,50,0,20,20,45,45,45,75,93,93],"floor_reached":12,"playtime":609,"items_purged":["Decay"],"score":176,"play_id":"7bee598b-977f-41e9-a7e6-39051db24f9d","local_time":"20181130133849","is_ascension_mode":true,"campfire_choices":[{"data":"Noxious Fumes","floor":6,"key":"SMITH"},{"data":"Caltrops","floor":8,"key":"SMITH"}],"neow_cost":"CURSE","seed_source_timestamp":70685650077596,"circlet_count":0,"master_deck":["AscendersBane","Defend_G","Defend_G","Defend_G","Defend_G","Defend_G","Strike_G","Strike_G","Strike_G","Strike_G","Strike_G","Survivor","Neutralize","Noxious Fumes+1","Caltrops+1","Poisoned Stab","Unload","Infinite Blades","Blade Dance"],"relics":["Ring of the Snake","Peace Pipe","Pantograph","Bottled Lightning","Sundial","Smiling Mask"],"potions_floor_usage":[10,12],"damage_taken":[{"damage":2,"enemies":"Small Slimes","floor":1,"turns":6},{"damage":0,"enemies":"Cultist","floor":3,"turns":4},{"damage":5,"enemies":"Jaw Worm","floor":5,"turns":5},{"damage":22,"enemies":"3 Sentries","floor":7,"turns":7},{"damage":20,"enemies":"Lagavulin","floor":10,"turns":6},{"damage":8,"enemies":"3 Louse","floor":11,"turns":4},{"damage":2,"enemies":"Gremlin Gang","floor":12,"turns":4}],"seed_played":"7064798987643073641","potions_obtained":[{"floor":5,"key":"SteroidPotion"},{"floor":10,"key":"GhostInAJar"}],"is_trial":false,"path_per_floor":["M","$","M","?","M","R","E","R","T","E","M","M"],"character_chosen":"THE_SILENT","items_purchased":[],"campfire_rested":0,"item_purchase_floors":[],"current_hp_per_floor":[57,57,57,57,52,52,30,30,30,10,2,0],"gold":93,"neow_bonus":"ONE_RARE_RELIC","is_prod":false,"is_daily":false,"chose_seed":false,"campfire_upgraded":2,"win_rate":0,"timestamp":1543603129,"path_taken":["M","$","M","?","M","R","E","R","T","E","M","M"],"build_version":"2018-11-15","purchased_purges":1,"victory":false,"max_hp_per_floor":[66,66,66,66,66,66,66,66,66,66,66,66],"card_choices":[{"not_picked":["Deflect","Dagger Spray"],"picked":"Noxious Fumes","floor":1},{"not_picked":["Prepared","Poisoned Stab"],"picked":"Caltrops","floor":3},{"not_picked":["Dagger Throw","Setup"],"picked":"Poisoned Stab","floor":5},{"not_picked":["Outmaneuver","Underhanded Strike"],"picked":"Unload","floor":7},{"not_picked":["Poisoned Stab","Setup"],"picked":"Infinite Blades","floor":10},{"not_picked":["Underhanded Strike","Reflex"],"picked":"Blade Dance","floor":11}],"player_experience":465677,"relics_obtained":[{"floor":7,"key":"Bottled Lightning"},{"floor":9,"key":"Sundial"},{"floor":10,"key":"Smiling Mask"}],"event_choices":[{"damage_healed":0,"gold_gain":0,"player_choice":"Paid Gold","damage_taken":0,"relics_obtained":["Pantograph"],"max_hp_gain":0,"max_hp_loss":0,"event_name":"WeMeetAgain","floor":4,"gold_loss":50}],"is_beta":false,"boss_relics":[],"items_purged_floors":[2],"is_endless":false,"potions_floor_spawned":[5,10],"killed_by":"Gremlin Gang","ascension_level":20}