{"gold_per_floor":[115,115,139,155,0,0,27,27,27,58,77,87,87,100,100,174,224,238,258,258,13,13,13],"floor_reached":23,"playtime":491,"items_purged":["Strike_R"],"score":381,"play_id":"535bf6d9-11d5-4078-b1cd-99169f936f41","local_time":"20190120195416","is_ascension_mode":true,"campfire_choices":[{"data":"Armaments","floor":6.0,"key":"SMITH"},{"data":"Evolve","floor":8.0,"key":"SMITH"},{"data":"Bash","floor":13.0,"key":"SMITH"},{"data":"Flex","floor":15.0,"key":"SMITH"}],"neow_cost":"NONE","seed_source_timestamp":2617823634188046,"circlet_count":0,"master_deck":["AscendersBane","Strike_R","Strike_R","Strike_R","Defend_R","Defend_R","Defend_R+1","Defend_R","Bash+1","Flex+1","Armaments+1","Evolve+1","Wild Strike","Anger","Cleave","Shrug It Off","Bludgeon","Barricade","Dropkick"],"special_seed":0,"relics":["Burning Blood","NeowsBlessing","Dream Catcher","Vajra","Dodecahedron","Bottled Lightning","Tiny House","Molten Egg 2","Nilry\u0027s Codex"],"potions_floor_usage":[16,16,23,23],"damage_taken":[{"damage":0.0,"enemies":"2 Louse","floor":1.0,"turns":1.0},{"damage":0.0,"enemies":"Jaw Worm","floor":4.0,"turns":1.0},{"damage":0.0,"enemies":"Lagavulin","floor":7.0,"turns":2.0},{"damage":52.0,"enemies":"Gremlin Nob","floor":10.0,"turns":5.0},{"damage":0.0,"enemies":"Cultist","floor":11.0,"turns":3.0},{"damage":11.0,"enemies":"Exordium Thugs","floor":12.0,"turns":3.0},{"damage":0.0,"enemies":"3 Louse","floor":14.0,"turns":2.0},{"damage":19,"enemies":"Hexaghost","floor":16,"turns":7},{"damage":7,"enemies":"Chosen","floor":18,"turns":4},{"damage":31,"enemies":"Shell Parasite","floor":19,"turns":8},{"damage":30,"enemies":"Gremlin Leader","floor":23,"turns":2}],"seed_played":"3851057025804103064","potions_obtained":[{"floor":4.0,"key":"Explosive Potion"},{"floor":10.0,"key":"Regen Potion"},{"floor":11.0,"key":"Poison Potion"},{"floor":14.0,"key":"PowerPotion"},{"floor":17,"key":"Poison Potion"},{"floor":19,"key":"SpeedPotion"}],"is_trial":false,"path_per_floor":["M","?","T","M","$","R","E","R","T","E","M","M","R","M","R","B",null,"M","M","?","$","?","E"],"character_chosen":"IRONCLAD","items_purchased":["Evolve","Molten Egg 2"],"campfire_rested":0,"item_purchase_floors":[5,21],"current_hp_per_floor":[74,67,67,73,73,73,75,75,75,29,35,30,30,36,36,38,71,70,45,45,45,29,0],"gold":13,"neow_bonus":"THREE_ENEMY_KILL","is_prod":false,"is_daily":false,"chose_seed":false,"campfire_upgraded":4,"win_rate":0,"timestamp":1548032056,"path_taken":["M","?","?","M","$","R","E","R","T","E","M","M","R","M","R","BOSS","M","?","?","$","?","E"],"build_version":"2019-01-17v2","purchased_purges":1,"victory":false,"max_hp_per_floor":[75,75,75,75,75,75,75,75,75,75,75,75,75,75,75,75,80,80,80,80,80,80,80],"card_choices":[{"not_picked":["Warcry","Wild Strike"],"picked":"Flex","floor":1.0},{"not_picked":["True Grit","Wild Strike"],"picked":"Armaments","floor":4.0},{"not_picked":["Sever Soul","Metallicize"],"picked":"Wild Strike","floor":7.0},{"not_picked":["Shockwave","Carnage"],"picked":"Anger","floor":10.0},{"not_picked":["Heavy Blade","Burning Pact"],"picked":"Cleave","floor":11.0},{"not_picked":["Cleave","Thunderclap"],"picked":"Shrug It Off","floor":12.0},{"not_picked":["Heavy Blade","Perfected Strike"],"picked":"Bludgeon","floor":14.0},{"not_picked":["Bludgeon","Juggernaut"],"picked":"Barricade","floor":16},{"not_picked":["Hemokinesis","True Grit"],"picked":"Dropkick","floor":17},{"not_picked":["Warcry+1","Cleave","Burning Pact"],"picked":"SKIP","floor":18},{"not_picked":["Warcry+1","Havoc","Armaments"],"picked":"SKIP","floor":19}],"player_experience":557493,"relics_obtained":[{"floor":3.0,"key":"Dream Catcher"},{"floor":7.0,"key":"Vajra"},{"floor":9.0,"key":"Dodecahedron"},{"floor":10.0,"key":"Bottled Lightning"},{"floor":22,"key":"Nilry\u0027s Codex"}],"event_choices":[{"cards_removed":["Strike_R"],"damage_healed":0.0,"max_hp_gain":0.0,"max_hp_loss":0.0,"gold_gain":0.0,"event_name":"Golden Wing","player_choice":"Card Removal","floor":2.0,"gold_loss":0.0,"damage_taken":7.0},{"damage_healed":0,"gold_gain":0,"player_choice":"Ignored","damage_taken":0,"max_hp_gain":0,"max_hp_loss":0,"event_name":"Vampires","floor":20,"gold_loss":0},{"damage_healed":0,"gold_gain":0,"player_choice":"Obtained Book","damage_taken":16,"max_hp_gain":0,"max_hp_loss":0,"event_name":"Cursed Tome","floor":22,"gold_loss":0}],"is_beta":false,"boss_relics":[{"not_picked":["Lizard Tail","Busted Crown"],"picked":"Tiny House"}],"items_purged_floors":[5],"is_endless":false,"potions_floor_spawned":[4,10,11,14,19],"killed_by":"Gremlin Leader","ascension_level":14}