{"path_per_floor":["M","?","M","T","M","E","M","R","T","R","?","R","M","?","R","B",null,"M","M","M","?","?","R","?","R","T","M","$","M","E","M","R","B",null,"M","M","?","M","?","R","?","M","T","M","M","R","M","$","R","B"],"character_chosen":"IRONCLAD","items_purchased":["Flash of Steel","Kunai","Shockwave"],"gold_per_floor":[116,191,209,280,290,323,343,343,343,343,343,343,355,355,355,460,460,476,494,507,507,507,507,422,422,422,439,28,42,68,79,79,181,181,198,215,215,229,229,229,0,10,36,50,60,60,77,37,37,37],"floor_reached":51,"campfire_rested":8,"playtime":2846,"current_hp_per_floor":[75,64,70,70,70,28,27,51,51,75,67,67,69,53,77,56,80,80,74,67,67,52,85,85,85,85,68,68,55,45,51,85,65,85,85,63,63,47,47,85,85,70,70,49,33,73,70,70,85,53],"items_purged":["Strike_R"],"gold":37,"play_id":"bb624152-bcd8-4c25-aaab-2eba89daa048","is_prod":false,"is_daily":false,"is_ascension_mode":false,"campfire_upgraded":2,"path_taken":["M","?","M","?","M","E","M","R","T","R","?","R","?","?","R","BOSS","M","M","M","?","?","R","?","R","T","M","$","M","E","M","R","BOSS","M","M","?","M","?","R","?","M","T","M","M","R","M","?","R","BOSS"],"build_version":"2018-01-25-PROD3","purchased_purges":1,"victory":true,"master_deck":["Strike_R","Strike_R","Strike_R","Defend_R+1","Defend_R","Defend_R","Defend_R","Bash","Flex+1","Spot Weakness","Pommel Strike","Double Tap+1","Demon Form+1","Infernal Blade","Infernal Blade","Bloodletting","Flash of Steel","Flame Barrier+1","Limit Break","Iron Wave+1","Heavy Blade+1","Shockwave"],"max_hp_per_floor":[80,80,80,80,80,80,80,80,80,80,80,80,80,80,80,80,80,80,80,80,80,85,85,85,85,85,85,85,85,85,85,85,85,85,85,85,85,85,85,85,85,85,85,85,85,85,85,85,85,85],"relics":["Burning Blood","Happy Flower","Self Forming Clay","Gremlin Horn","Shuriken","Runic Dome","Regal Pillow","Juzu Bracelet","Mummified Hand","Kunai","Anchor","White Beast Statue","Red Mask","Dream Catcher"],"card_choices":[{"not_picked":["True Grit","Wild Strike"],"picked":"Flex"},{"not_picked":["Armaments","True Grit"],"picked":"Spot Weakness"},{"not_picked":["Wild Strike","Flex"],"picked":"Pommel Strike"},{"not_picked":["True Grit","Cleave"],"picked":"Double Tap"},{"not_picked":["Limit Break","Feed"],"picked":"Demon Form"},{"not_picked":["Cleave","Shrug It Off"],"picked":"Infernal Blade"},{"not_picked":["Thunderclap","Fire Breathing"],"picked":"Infernal Blade"},{"not_picked":["Pommel Strike","Clothesline"],"picked":"Bloodletting"},{"not_picked":["Pommel Strike","Headbutt"],"picked":"Flame Barrier"},{"not_picked":["Demon Form","Double Tap"],"picked":"Limit Break"},{"not_picked":["Whirlwind","Dropkick"],"picked":"Iron Wave"},{"not_picked":["Pommel Strike","Berserk"],"picked":"Heavy Blade"}],"player_experience":48325,"potions_floor_usage":[38,44,50,50,50],"damage_taken":[{"damage":11.0,"enemies":"Jaw Worm","floor":1.0,"turns":5.0},{"damage":0.0,"enemies":"2 Louse","floor":3.0,"turns":3.0},{"damage":6.0,"enemies":"Cultist","floor":5.0,"turns":3.0},{"damage":48.0,"enemies":"Lagavulin","floor":6.0,"turns":7.0},{"damage":7.0,"enemies":"3 Louse","floor":7.0,"turns":3.0},{"damage":4.0,"enemies":"Gremlin Gang","floor":13.0,"turns":4.0},{"damage":27.0,"enemies":"Slime Boss","floor":16.0,"turns":7.0},{"damage":0.0,"enemies":"Spheric Guardian","floor":18.0,"turns":3.0},{"damage":12.0,"enemies":"2 Thieves","floor":19.0,"turns":3.0},{"damage":13.0,"enemies":"3 Cultists","floor":20.0,"turns":4.0},{"damage":23.0,"enemies":"Centurion and Healer","floor":27.0,"turns":3.0},{"damage":19.0,"enemies":"Slaver and Parasite","floor":29.0,"turns":3.0},{"damage":22.0,"enemies":"Slavers","floor":30.0,"turns":3.0},{"damage":3.0,"enemies":"Snake Plant","floor":31.0,"turns":2.0},{"damage":26.0,"enemies":"Automaton","floor":33.0,"turns":6.0},{"damage":2,"enemies":"Orb Walker","floor":35,"turns":3},{"damage":28,"enemies":"3 Shapes","floor":36,"turns":4},{"damage":22,"enemies":"Maw","floor":38,"turns":7},{"damage":21,"enemies":"4 Shapes","floor":42,"turns":8},{"damage":27,"enemies":"3 Darklings","floor":44,"turns":4},{"damage":22,"enemies":"Maw","floor":45,"turns":5},{"damage":9,"enemies":"4 Shapes","floor":47,"turns":5},{"damage":38,"enemies":"Time Eater","floor":50,"turns":6}],"event_choices":[{"event_name":"World of Goop","player_choice":"Gather Gold","floor":2.0,"damage_taken":0.0},{"event_name":"Wheel of Change","player_choice":"Damage","floor":11.0,"damage_taken":0.0},{"event_name":"Shining Light","player_choice":"Entered Light","floor":14.0,"damage_taken":0.0},{"event_name":"The Mausoleum","player_choice":"Yes","floor":21.0,"damage_taken":0.0},{"event_name":"Forgotten Altar","player_choice":"Shed Blood","floor":22.0,"damage_taken":0.0},{"event_name":"Addict","player_choice":"Obtained Relic","floor":24.0,"damage_taken":0.0},{"event_name":"Mysterious Sphere","player_choice":"Ignore","floor":37,"damage_taken":0},{"event_name":"Purifier","player_choice":"One Purge","floor":39,"damage_taken":0},{"event_name":"Tomb of Lord Red Mask","player_choice":"Paid","floor":41,"damage_taken":0}],"boss_relics":[{"not_picked":["Philosopher\u0027s Stone","Tiny House"],"picked":"White Beast Statue"}],"potions_floor_spawned":[3,13,16,18,20,30,31,35,36,38,42,44,45,47],"seed_played":"354938356032443088","ascension_level":0,"is_trial":false}