{"gold_per_floor":[11,11,24,37,48,79,79,90,90,106,106,131,148,179,179,256,256,256,256,256,176,176,176,176,176,176,176,176,176,176,101,101,101,101,101,101,1,1,1,1,1],"floor_reached":41,"playtime":1467,"items_purged":["Decay","Streamline"],"score":952,"play_id":"998420db-c711-4829-a83e-9708de7754da","local_time":"20190630184433","is_ascension_mode":true,"campfire_choices":[{"data":"Hyperbeam","floor":7.0,"key":"SMITH"},{"data":"Zap","floor":11.0,"key":"SMITH"},{"floor":15.0,"key":"REST"},{"data":"Biased Cognition","floor":23.0,"key":"SMITH"},{"floor":25.0,"key":"REST"},{"data":"Fission","floor":28.0,"key":"SMITH"},{"floor":32.0,"key":"REST"},{"data":"Secret Technique","floor":40,"key":"SMITH"}],"neow_cost":"NO_GOLD","seed_source_timestamp":28124984560400,"circlet_count":0,"master_deck":["AscendersBane","Zap+1","Dualcast","Core Surge","Rebound","Rebound","Hyperbeam+1","Auto Shields","Gash","Cold Snap","Gash","Biased Cognition+1","Core Surge","Cold Snap","Sweeping Beam+1","Chill+1","Fission+1","Loop+1","Defragment+1","Creative AI+1","Rainbow","Steam Power","Coolheaded","Lockon","Heatsinks+1","Rip and Tear","Amplify","Mayhem+1","Secret Technique","Secret Technique+1","Chaos"],"special_seed":0,"relics":["Cracked Core","War Paint","Bag of Preparation","Boot","Blue Candle","Ectoplasm","Red Mask","Frozen Egg 2","PreservedInsect","Ginger","Pandora\u0027s Box","Du-Vu Doll"],"potions_floor_usage":[33],"damage_taken":[{"damage":0.0,"enemies":"2 Louse","floor":1.0,"turns":2.0},{"damage":0.0,"enemies":"Cultist","floor":3.0,"turns":3.0},{"damage":7.0,"enemies":"Small Slimes","floor":4.0,"turns":2.0},{"damage":1.0,"enemies":"2 Fungi Beasts","floor":5.0,"turns":3.0},{"damage":20.0,"enemies":"Gremlin Nob","floor":6.0,"turns":4.0},{"damage":0.0,"enemies":"3 Louse","floor":8.0,"turns":1.0},{"damage":0.0,"enemies":"Lots of Slimes","floor":10.0,"turns":1.0},{"damage":0.0,"enemies":"3 Sentries","floor":12.0,"turns":2.0},{"damage":3.0,"enemies":"Looter","floor":13.0,"turns":2.0},{"damage":8.0,"enemies":"Gremlin Nob","floor":14.0,"turns":3.0},{"damage":34.0,"enemies":"Slime Boss","floor":16.0,"turns":10.0},{"damage":0.0,"enemies":"Spheric Guardian","floor":18.0,"turns":3.0},{"damage":15.0,"enemies":"Masked Bandits","floor":20.0,"turns":4.0},{"damage":0.0,"enemies":"2 Thieves","floor":21.0,"turns":3.0},{"damage":1.0,"enemies":"3 Cultists","floor":24.0,"turns":3.0},{"damage":9.0,"enemies":"Slavers","floor":27.0,"turns":4.0},{"damage":16.0,"enemies":"Book of Stabbing","floor":29.0,"turns":3.0},{"damage":2.0,"enemies":"Snecko","floor":30.0,"turns":4.0},{"damage":38,"enemies":"Automaton","floor":33,"turns":11},{"damage":2,"enemies":"3 Shapes","floor":35,"turns":3},{"damage":3,"enemies":"Orb Walker","floor":38,"turns":3},{"damage":0,"enemies":"Mind Bloom Boss Battle","floor":39,"turns":6},{"damage":46,"enemies":"Reptomancer","floor":41,"turns":2}],"seed_played":"269409082652386378","potions_obtained":[{"floor":5.0,"key":"Block Potion"},{"floor":6.0,"key":"Swift Potion"},{"floor":21.0,"key":"Ancient Potion"},{"floor":33,"key":"SkillPotion"},{"floor":38,"key":"Regen Potion"}],"is_trial":false,"path_per_floor":["M","?","M","M","M","E","R","M","T","M","R","E","M","E","R","B",null,"M","?","?","M","?","R","M","R","T","E","R","E","M","$","R","B",null,"M","?","$","M","?","R","E"],"character_chosen":"DEFECT","items_purchased":[],"campfire_rested":3,"item_purchase_floors":[],"current_hp_per_floor":[64,64,64,57,56,36,36,36,36,36,36,36,33,25,46,12,56,56,56,41,41,41,41,40,61,61,52,52,36,34,34,55,17,58,56,46,46,43,43,43,0],"gold":1,"neow_bonus":"THREE_RARE_CARDS","is_prod":false,"is_daily":false,"chose_seed":false,"campfire_upgraded":5,"win_rate":0,"timestamp":1561916673,"path_taken":["M","?","M","?","M","E","R","M","T","M","R","E","M","E","R","BOSS","M","?","?","M","?","R","?","R","T","E","R","E","M","$","R","BOSS","M","?","$","M","?","R","E"],"build_version":"2019-01-23","purchased_purges":2,"victory":false,"max_hp_per_floor":[71,71,71,71,71,71,71,71,71,71,71,71,71,71,71,71,71,71,71,71,71,71,71,71,71,71,71,71,71,71,71,71,71,71,71,71,71,71,71,71,71],"card_choices":[{"not_picked":["Fission","Creative AI"],"picked":"Core Surge","floor":0.0},{"not_picked":["Hologram","Barrage"],"picked":"Streamline","floor":1.0},{"not_picked":["Heatsinks","Undo"],"picked":"Rebound","floor":3.0},{"not_picked":["Beam Cell","Conserve Battery"],"picked":"Rebound","floor":4.0},{"not_picked":["Storm","Barrage","Redo"],"picked":"SKIP","floor":5.0},{"not_picked":["Stack","Turbo"],"picked":"Hyperbeam","floor":6.0},{"not_picked":["Beam Cell","Barrage"],"picked":"Auto Shields","floor":8.0},{"not_picked":["Stack","Blizzard"],"picked":"Gash","floor":10.0},{"not_picked":["FTL","Rebound"],"picked":"Cold Snap","floor":12.0},{"not_picked":["Streamline","Melter"],"picked":"Gash","floor":13.0},{"not_picked":["Conserve Battery","Streamline"],"picked":"Biased Cognition","floor":14.0},{"not_picked":["Hyperbeam","Rainbow"],"picked":"Core Surge","floor":16.0},{"not_picked":["Hologram","Conserve Battery","Compile Driver"],"picked":"SKIP","floor":18.0},{"not_picked":["Recycle","Turbo"],"picked":"Cold Snap","floor":20.0},{"not_picked":["Steam","Cold Snap"],"picked":"Sweeping Beam+1","floor":21.0},{"not_picked":["Compile Driver","Aggregate"],"picked":"Chill+1","floor":24.0},{"not_picked":["Streamline","Sweeping Beam"],"picked":"Fission","floor":27.0},{"not_picked":["Ball Lightning","Hologram"],"picked":"Loop+1","floor":29.0},{"not_picked":["Gash","Glacier"],"picked":"Defragment+1","floor":30.0},{"not_picked":["Hyperbeam","Meteor Strike"],"picked":"Creative AI+1","floor":33},{"not_picked":["Barrage","Cold Snap","Skim"],"picked":"SKIP","floor":35},{"not_picked":["Enlightenment","PanicButton"],"picked":"Mayhem+1","floor":36},{"not_picked":["Dark Shackles","Blind"],"picked":"Secret Technique","floor":36},{"not_picked":["Bandage Up","Mind Blast"],"picked":"Secret Technique","floor":36},{"not_picked":["Leap","Tempest"],"picked":"Chaos","floor":38}],"player_experience":1506948,"relics_obtained":[{"floor":6.0,"key":"War Paint"},{"floor":9.0,"key":"Bag of Preparation"},{"floor":12.0,"key":"Boot"},{"floor":14.0,"key":"Blue Candle"},{"floor":20.0,"key":"Red Mask"},{"floor":26.0,"key":"Frozen Egg 2"},{"floor":27.0,"key":"PreservedInsect"},{"floor":29.0,"key":"Ginger"},{"floor":39,"key":"Du-Vu Doll"}],"event_choices":[{"cards_removed":["Strike_B"],"damage_healed":0.0,"max_hp_gain":0.0,"max_hp_loss":0.0,"gold_gain":0.0,"event_name":"Purifier","player_choice":"Purged","floor":2.0,"gold_loss":0.0,"damage_taken":0.0},{"damage_healed":0.0,"max_hp_gain":0.0,"max_hp_loss":0.0,"gold_gain":0.0,"event_name":"Ghosts","player_choice":"Ignored","floor":19.0,"gold_loss":0.0,"damage_taken":0.0},{"damage_healed":0.0,"max_hp_gain":0.0,"max_hp_loss":0.0,"gold_gain":0.0,"event_name":"Masked Bandits","player_choice":"Fought Bandits","floor":20.0,"gold_loss":0.0,"damage_taken":0.0},{"damage_healed":0.0,"max_hp_gain":0.0,"max_hp_loss":0.0,"gold_gain":0.0,"event_name":"Wheel of Change","player_choice":"Cursed","floor":22.0,"gold_loss":0.0,"damage_taken":0.0,"cards_obtained":["Decay"]},{"damage_healed":0,"gold_gain":0,"player_choice":"Memory 3","damage_taken":10,"max_hp_gain":0,"max_hp_loss":0,"event_name":"SensoryStone","floor":36,"gold_loss":0},{"damage_healed":0,"gold_gain":0,"player_choice":"Fight","damage_taken":0,"max_hp_gain":0,"max_hp_loss":0,"event_name":"MindBloom","floor":39,"gold_loss":0}],"is_beta":false,"boss_relics":[{"not_picked":["Black Star","Tiny House"],"picked":"Ectoplasm"},{"not_picked":["White Beast Statue","Calling Bell"],"picked":"Pandora\u0027s Box"}],"items_purged_floors":[31,37],"is_endless":false,"potions_floor_spawned":[5,6,10,13,14,21,24,33,38],"killed_by":"Reptomancer","ascension_level":20}