{"gold_per_floor":[109,124,134,21,38,68,68,97,165,165,196,196,207,218,218,322,322,334,347,347,347],"floor_reached":21,"playtime":1268,"items_purged":[],"score":260,"play_id":"ea682139-15b6-4463-b245-b32efc66980d","local_time":"20180711222229","is_ascension_mode":true,"campfire_choices":[{"floor":7,"key":"REST"},{"floor":15,"key":"REST"}],"neow_cost":"NONE","seed_source_timestamp":351654236242533,"circlet_count":0,"master_deck":["Strike_B","Strike_B","Strike_B","Strike_B","Defend_B","Defend_B","Defend_B","Defend_B","Zap","Dualcast","Glacier","Gash","Cold Snap","Consume","Capacitor","Leap","Genetic Algorithm","Go for the Eyes","Ball Lightning","Zap","Leap","Gash","Coolheaded","Electrodynamics+1","Coolheaded","Stack"],"relics":["Cracked Core","Centennial Puzzle","Bronze Scales","Peace Pipe","Frozen Egg 2","Bag of Preparation","Black Star"],"potions_floor_usage":[],"damage_taken":[{"damage":1,"enemies":"2 Louse","floor":1,"turns":3},{"damage":0,"enemies":"Cultist","floor":2,"turns":3},{"damage":2,"enemies":"Jaw Worm","floor":3,"turns":4},{"damage":9,"enemies":"3 Louse","floor":5,"turns":4},{"damage":33,"enemies":"Gremlin Nob","floor":6,"turns":7},{"damage":0,"enemies":"3 Sentries","floor":8,"turns":9},{"damage":21,"enemies":"Gremlin Nob","floor":11,"turns":5},{"damage":0,"enemies":"Looter","floor":13,"turns":4},{"damage":1,"enemies":"2 Fungi Beasts","floor":14,"turns":4},{"damage":18,"enemies":"The Guardian","floor":16,"turns":12},{"damage":14,"enemies":"Spheric Guardian","floor":18,"turns":5},{"damage":14,"enemies":"Shell Parasite","floor":19,"turns":8},{"damage":50,"enemies":"Chosen and Byrds","floor":21,"turns":8}],"seed_played":"-5955438066432965214","potions_obtained":[{"floor":2,"key":"Fire Potion"},{"floor":3,"key":"Swift Potion"},{"floor":6,"key":"AttackPotion"}],"is_trial":false,"path_per_floor":["M","M","M","$","M","E","R","E","T","?","E","?","M","M","R","B",null,"M","M","?"],"character_chosen":"DEFECT","items_purchased":["Consume","Capacitor"],"campfire_rested":2,"item_purchase_floors":[4,4],"current_hp_per_floor":[74,74,72,72,63,30,52,52,52,52,31,31,31,30,52,34,75,61,47,47,0],"gold":347,"neow_bonus":"RANDOM_COMMON_RELIC","is_prod":false,"is_daily":false,"chose_seed":false,"campfire_upgraded":0,"win_rate":0,"timestamp":1531362149,"path_taken":["M","M","M","$","M","E","R","E","T","?","E","?","?","M","R","BOSS","M","?","?","M"],"build_version":"2018-07-05","purchased_purges":0,"victory":false,"max_hp_per_floor":[75,75,75,75,75,75,75,75,75,75,75,75,75,75,75,75,75,75,75,75,75],"card_choices":[{"not_picked":["Hologram","Undo"],"picked":"Glacier","floor":1},{"not_picked":["Streamline","Undo"],"picked":"Gash","floor":2},{"not_picked":["Compile Driver","Steam"],"picked":"Cold Snap","floor":3},{"not_picked":["Compile Driver","Beam Cell"],"picked":"Leap","floor":5},{"not_picked":["Buffer","Force Field"],"picked":"Genetic Algorithm","floor":6},{"not_picked":["Cold Snap","Rebound"],"picked":"Go for the Eyes","floor":8},{"not_picked":["Hologram","Chaos"],"picked":"Leap","floor":11},{"not_picked":["Reprogram","Redo"],"picked":"Gash","floor":13},{"not_picked":["Reinforced Body","Steam"],"picked":"Coolheaded","floor":14},{"not_picked":["Thunder Strike","Reboot"],"picked":"Electrodynamics+1","floor":16},{"not_picked":["Reprogram+1","Beam Cell"],"picked":"Coolheaded","floor":18},{"not_picked":["Turbo","Coolheaded"],"picked":"Stack","floor":19}],"player_experience":110120,"relics_obtained":[{"floor":6,"key":"Bronze Scales"},{"floor":8,"key":"Peace Pipe"},{"floor":9,"key":"Frozen Egg 2"},{"floor":11,"key":"Bag of Preparation"}],"event_choices":[{"event_name":"Match and Keep!","player_choice":"2 cards matched","floor":10,"damage_taken":0},{"event_name":"Golden Wing","player_choice":"Ignored","floor":12,"damage_taken":0},{"event_name":"The Lab","player_choice":"Got Potions","floor":20,"damage_taken":0}],"boss_relics":[{"not_picked":["Velvet Choker","Snecko Eye"],"picked":"Black Star"}],"items_purged_floors":[],"is_endless":false,"potions_floor_spawned":[2,3,6,16],"killed_by":"Chosen and Byrds","ascension_level":3}