{"gold_per_floor":[110,127,147,147,147,147,64,64,114,124,138,163,163,176,176,176],"floor_reached":16,"playtime":372,"items_purged":[],"score":204,"play_id":"7701ebf7-698c-4332-aae0-16da35d10536","local_time":"20190616162243","is_ascension_mode":true,"campfire_choices":[{"data":"Neutralize","floor":6.0,"key":"SMITH"},{"data":"Caltrops","floor":8.0,"key":"SMITH"},{"data":"Poisoned Stab","floor":15,"key":"SMITH"}],"neow_cost":"NONE","seed_source_timestamp":4334714905292800,"circlet_count":0,"master_deck":["AscendersBane","Defend_G","Defend_G","Defend_G","Defend_G","Defend_G","Strike_G","Strike_G","Strike_G","Strike_G","Survivor","Neutralize+1","Bane","Poisoned Stab+1","Blur","Caltrops+1","Cloak And Dagger","Heel Hook","Quick Slash"],"special_seed":0,"relics":["Ring of the Snake","NeowsBlessing","Anchor","Snake Skull"],"potions_floor_usage":[12],"damage_taken":[{"damage":0.0,"enemies":"Cultist","floor":1.0,"turns":1.0},{"damage":0.0,"enemies":"Small Slimes","floor":2.0,"turns":1.0},{"damage":0.0,"enemies":"2 Louse","floor":3.0,"turns":1.0},{"damage":0.0,"enemies":"Blue Slaver","floor":10.0,"turns":5.0},{"damage":0.0,"enemies":"2 Fungi Beasts","floor":11.0,"turns":2.0},{"damage":7,"enemies":"3 Sentries","floor":12,"turns":9},{"damage":0,"enemies":"Looter","floor":14,"turns":3},{"damage":73,"enemies":"Slime Boss","floor":16,"turns":8}],"seed_played":"4193083082172122927","potions_obtained":[{"floor":1.0,"key":"Poison Potion"},{"floor":3.0,"key":"SteroidPotion"},{"floor":10.0,"key":"Fire Potion"}],"is_trial":false,"path_per_floor":["M","M","M","?","?","R","$","R","T","M","M","E","?","M","R","B"],"character_chosen":"THE_SILENT","items_purchased":["Caltrops"],"campfire_rested":0,"item_purchase_floors":[7],"current_hp_per_floor":[59,59,59,64,64,64,64,64,64,64,64,57,57,57,57,0],"gold":176,"neow_bonus":"THREE_ENEMY_KILL","is_prod":false,"is_daily":false,"chose_seed":false,"campfire_upgraded":3,"win_rate":0,"timestamp":1560716563,"path_taken":["M","?","M","?","?","R","$","R","T","M","?","E","?","M","R","BOSS"],"build_version":"2019-01-23","purchased_purges":0,"victory":false,"max_hp_per_floor":[66,66,66,71,71,71,71,71,71,71,71,71,71,71,71,71],"card_choices":[{"not_picked":["PiercingWail","Expertise"],"picked":"Bane","floor":1.0},{"not_picked":["Prepared","Dodge and Roll"],"picked":"Poisoned Stab","floor":2.0},{"not_picked":["Backflip","Acrobatics"],"picked":"Blur","floor":3.0},{"not_picked":["Deflect","Reflex"],"picked":"Cloak And Dagger","floor":10.0},{"not_picked":["Slice","Deadly Poison"],"picked":"Heel Hook","floor":11.0},{"not_picked":["Concentrate","Bane","Prepared"],"picked":"SKIP","floor":12},{"not_picked":["Bane","Outmaneuver"],"picked":"Quick Slash","floor":14}],"player_experience":743068,"relics_obtained":[{"floor":9.0,"key":"Anchor"},{"floor":12,"key":"Snake Skull"}],"event_choices":[{"damage_healed":0.0,"max_hp_gain":5.0,"max_hp_loss":0.0,"gold_gain":0.0,"event_name":"Big Fish","player_choice":"Donut","floor":4.0,"gold_loss":0.0,"damage_taken":0.0},{"cards_removed":["Strike_G"],"damage_healed":0.0,"max_hp_gain":0.0,"max_hp_loss":0.0,"gold_gain":0.0,"event_name":"Bonfire Elementals","player_choice":"Offered Basic","floor":5.0,"gold_loss":0.0,"damage_taken":0.0},{"damage_healed":0,"gold_gain":0,"player_choice":"Ignored","damage_taken":0,"max_hp_gain":0,"max_hp_loss":0,"event_name":"Liars Game","floor":13,"gold_loss":0}],"is_beta":false,"boss_relics":[],"items_purged_floors":[],"is_endless":false,"potions_floor_spawned":[1,3,10],"killed_by":"Slime Boss","ascension_level":20}