{"gold_per_floor":[116,41,41,58,76,76,105,119,170,2,2,30,30,58,58,136,136,152,427,58,73,85,85,112,112],"floor_reached":25,"playtime":950,"items_purged":["Defend_R","Regret"],"score":478,"play_id":"bc961d31-9165-45ea-8dfc-c118d849a707","local_time":"20190624123803","is_ascension_mode":true,"campfire_choices":[{"data":"Jack Of All Trades","floor":6.0,"key":"SMITH"},{"floor":13.0,"key":"REST"},{"data":"Blind","floor":15.0,"key":"SMITH"},{"data":"Demon Form","floor":23.0,"key":"SMITH"}],"neow_cost":"TEN_PERCENT_HP_LOSS","seed_source_timestamp":273215016304300,"circlet_count":0,"master_deck":["AscendersBane","Strike_R","Strike_R","Strike_R","Strike_R","Strike_R","Defend_R","Defend_R","Defend_R","Bash+1","Jack Of All Trades+1","Blind+1","Shockwave","Inflame","Bloodletting","Dropkick","Hemokinesis","Dropkick","Metallicize","Headbutt","Cleave","Rampage","Limit Break","Demon Form+1","Limit Break","Shrug It Off","Shrug It Off"],"special_seed":0,"relics":["Burning Blood","Meat on the Bone","Dream Catcher","Lantern","Shuriken","Snecko Eye","Art of War"],"potions_floor_usage":[],"damage_taken":[{"damage":9.0,"enemies":"Jaw Worm","floor":1.0,"turns":4.0},{"damage":4.0,"enemies":"Small Slimes","floor":4.0,"turns":4.0},{"damage":8.0,"enemies":"Cultist","floor":5.0,"turns":4.0},{"damage":24.0,"enemies":"Lagavulin","floor":7.0,"turns":6.0},{"damage":23.0,"enemies":"Red Slaver","floor":8.0,"turns":4.0},{"damage":39.0,"enemies":"3 Sentries","floor":12.0,"turns":8.0},{"damage":8.0,"enemies":"Gremlin Nob","floor":14.0,"turns":3.0},{"damage":48.0,"enemies":"The Guardian","floor":16.0,"turns":13.0},{"damage":13.0,"enemies":"Chosen","floor":18.0,"turns":5.0},{"damage":16.0,"enemies":"2 Thieves","floor":21.0,"turns":3.0},{"damage":26.0,"enemies":"Centurion and Healer","floor":22.0,"turns":5.0},{"damage":42,"enemies":"Slavers","floor":24,"turns":5},{"damage":25,"enemies":"3 Cultists","floor":25,"turns":4}],"seed_played":"-1026444306956783148","potions_obtained":[{"floor":1.0,"key":"GamblersBrew"},{"floor":7.0,"key":"Swift Potion"},{"floor":8.0,"key":"Ancient Potion"},{"floor":16.0,"key":"Block Potion"},{"floor":22.0,"key":"Dexterity Potion"}],"is_trial":false,"path_per_floor":["M","$","?","M","M","R","E","M","T","$","?","E","R","E","R","B",null,"M","?","$","M","M","R","E","M"],"character_chosen":"IRONCLAD","items_purchased":["Dropkick","Metallicize","Demon Form","Limit Break"],"campfire_rested":1,"item_purchase_floors":[10,10,20,20],"current_hp_per_floor":[65,65,65,67,65,65,47,42,42,42,42,21,41,51,51,21,56,49,49,49,51,43,43,19,0],"gold":112,"neow_bonus":"RANDOM_COLORLESS_2","is_prod":false,"is_daily":false,"chose_seed":false,"campfire_upgraded":3,"win_rate":0,"timestamp":1561376283,"path_taken":["M","$","?","M","M","R","E","M","T","?","?","E","R","E","R","BOSS","M","?","$","M","?","R","E","M"],"build_version":"2019-01-23","purchased_purges":2,"victory":false,"max_hp_per_floor":[68,68,68,68,68,68,68,68,68,68,68,68,68,68,68,68,68,68,68,68,68,68,68,68,68],"card_choices":[{"not_picked":["Dual Wield","Bloodletting"],"picked":"Shockwave","floor":1.0},{"not_picked":["Ghostly Armor","Metallicize"],"picked":"Inflame","floor":4.0},{"not_picked":["Perfected Strike","Heavy Blade"],"picked":"Bloodletting","floor":5.0},{"not_picked":["Metallicize","Entrench"],"picked":"Dropkick","floor":7.0},{"not_picked":["Infernal Blade","Wild Strike"],"picked":"Hemokinesis","floor":8.0},{"not_picked":["Combust","Clothesline"],"picked":"Headbutt","floor":12.0},{"not_picked":["Heavy Blade","Power Through"],"picked":"Cleave","floor":13.0},{"not_picked":["Shockwave","Entrench"],"picked":"Rampage","floor":14.0},{"not_picked":["Barricade","Berserk"],"picked":"Limit Break","floor":16.0},{"not_picked":["Wild Strike","Shrug It Off","Armaments"],"picked":"SKIP","floor":18.0},{"not_picked":["True Grit","Iron Wave","Rampage"],"picked":"SKIP","floor":21.0},{"not_picked":["Whirlwind","True Grit"],"picked":"Shrug It Off","floor":22.0},{"not_picked":["Armaments","Headbutt"],"picked":"Shrug It Off","floor":24}],"player_experience":1492479,"relics_obtained":[{"floor":7.0,"key":"Meat on the Bone"},{"floor":9.0,"key":"Dream Catcher"},{"floor":12.0,"key":"Lantern"},{"floor":14.0,"key":"Shuriken"},{"floor":24,"key":"Art of War"}],"event_choices":[{"damage_healed":0.0,"max_hp_gain":0.0,"max_hp_loss":0.0,"gold_gain":0.0,"event_name":"Liars Game","player_choice":"Ignored","floor":3.0,"gold_loss":0.0,"damage_taken":0.0},{"damage_healed":0.0,"max_hp_gain":0.0,"max_hp_loss":0.0,"gold_gain":0.0,"event_name":"Upgrade Shrine","player_choice":"Upgraded","floor":11.0,"gold_loss":0.0,"damage_taken":0.0,"cards_upgraded":["Bash"]},{"damage_healed":0.0,"max_hp_gain":0.0,"max_hp_loss":0.0,"gold_gain":275.0,"event_name":"Golden Shrine","player_choice":"Desecrate","floor":19.0,"gold_loss":0.0,"damage_taken":0.0,"cards_obtained":["Regret"]}],"is_beta":false,"boss_relics":[{"not_picked":["Black Star","Runic Pyramid"],"picked":"Snecko Eye"}],"items_purged_floors":[2,20],"is_endless":false,"potions_floor_spawned":[1,7,8,16,22,24],"killed_by":"3 Cultists","ascension_level":20}