{"gold_per_floor":[115,115,115,130,147,147,177,45,121,133,133],"floor_reached":11,"playtime":305,"items_purged":["Regret"],"score":146,"play_id":"48c0f327-0c73-41e5-af07-f4183c96edb1","local_time":"20190228033642","is_ascension_mode":true,"campfire_choices":[{"data":"Neutralize","floor":6,"key":"SMITH"}],"neow_cost":"NONE","seed_source_timestamp":182790600622100,"circlet_count":0,"master_deck":["AscendersBane","Defend_G","Defend_G","Defend_G","Defend_G","Defend_G","Strike_G","Strike_G","Strike_G","Strike_G","Strike_G","Survivor","Neutralize+1","Terror+1","Footwork","Dagger Spray+1"],"relics":["WristBlade","Blood Vial","Dodecahedron","Molten Egg 2"],"potions_floor_usage":[7,10],"damage_taken":[{"damage":4,"enemies":"2 Louse","floor":1,"turns":4},{"damage":3,"enemies":"Jaw Worm","floor":4,"turns":5},{"damage":1,"enemies":"Cultist","floor":5,"turns":4},{"damage":51,"enemies":"Gremlin Nob","floor":7,"turns":5},{"damage":13,"enemies":"Large Slime","floor":10,"turns":7},{"damage":12,"enemies":"Lagavulin","floor":11,"turns":7}],"seed_played":"-8930933725583217594","potions_obtained":[{"floor":1,"key":"SpeedPotion"},{"floor":4,"key":"Regen Potion"}],"is_trial":false,"path_per_floor":["M","?","?","M","M","R","E","$","T","M","E"],"character_chosen":"THE_SILENT","items_purchased":["Fire Potion"],"campfire_rested":0,"item_purchase_floors":[8],"current_hp_per_floor":[55,55,55,54,55,55,20,20,20,9,0],"gold":133,"neow_bonus":"BOSS_RELIC","is_prod":false,"is_daily":false,"chose_seed":false,"campfire_upgraded":1,"win_rate":0,"timestamp":1551353802,"path_taken":["M","?","?","M","?","R","E","$","T","M","E"],"build_version":"2019-01-23","purchased_purges":1,"victory":false,"max_hp_per_floor":[66,66,66,66,66,66,66,66,66,66,66],"card_choices":[{"not_picked":["Bane","Quick Slash"],"picked":"Terror","floor":1},{"not_picked":["Concentrate","Deflect","Backflip"],"picked":"SKIP","floor":4},{"not_picked":["Choke","Accuracy"],"picked":"Footwork","floor":5},{"not_picked":["Poisoned Stab","Accuracy","Dagger Spray"],"picked":"SKIP","floor":7},{"not_picked":["Deadly Poison","Flying Knee+1"],"picked":"Dagger Spray+1","floor":10}],"player_experience":1214264,"relics_obtained":[{"floor":7,"key":"Dodecahedron"},{"floor":9,"key":"Molten Egg 2"}],"event_choices":[{"damage_healed":0,"gold_gain":0,"player_choice":"Box","damage_taken":0,"relics_obtained":["Blood Vial"],"max_hp_gain":0,"max_hp_loss":0,"event_name":"Big Fish","floor":2,"gold_loss":0,"cards_obtained":["Regret"]},{"damage_healed":0,"gold_gain":0,"player_choice":"Grow","damage_taken":0,"max_hp_gain":0,"max_hp_loss":0,"event_name":"Living Wall","floor":3,"gold_loss":0,"cards_upgraded":["Terror"]}],"is_beta":false,"boss_relics":[],"items_purged_floors":[8],"is_endless":false,"potions_floor_spawned":[1,4,5],"killed_by":"Lagavulin","ascension_level":20}