{"gold_per_floor":[113,129,129,148,148,177,177,196,196,213,248,266,266,277,277,381,381,396,396,413,142,153,181,181],"floor_reached":24,"playtime":1472,"items_purged":[],"score":305,"play_id":"ecad82b1-80bf-49eb-af0a-99350767efc6","local_time":"20180702184854","is_ascension_mode":false,"campfire_choices":[{"floor":7,"key":"REST"},{"data":"White Noise","floor":13,"key":"SMITH"},{"data":"Electrodynamics","floor":15,"key":"SMITH"}],"neow_cost":"","seed_source_timestamp":5468873068842160,"circlet_count":0,"master_deck":["Strike_B","Defend_B","Defend_B","Defend_B","Defend_B","Zap+1","Dualcast","Cold Snap","Auto Shields","Leap","Injury","White Noise+1","Electrodynamics+1","Go for the Eyes","Double Energy","Electrodynamics","FTL","All For One","Aggregate+1","Hello World+1","Heatsinks+1","Ball Lightning","Necronomicurse","Ball Lightning+1","Conserve Battery","Coolheaded","Redo"],"relics":["Cracked Core","Dream Catcher","Juzu Bracelet","Ornamental Fan","Astrolabe","Necronomicon","Mummified Hand","Bag of Marbles"],"potions_floor_usage":[],"damage_taken":[{"damage":2,"enemies":"2 Louse","floor":1,"turns":3},{"damage":0,"enemies":"Cultist","floor":2,"turns":3},{"damage":0,"enemies":"Small Slimes","floor":4,"turns":3},{"damage":35,"enemies":"Gremlin Nob","floor":6,"turns":6},{"damage":2,"enemies":"Blue Slaver","floor":8,"turns":3},{"damage":3,"enemies":"2 Fungi Beasts","floor":10,"turns":3},{"damage":0,"enemies":"3 Sentries","floor":11,"turns":2},{"damage":3,"enemies":"Exordium Thugs","floor":12,"turns":4},{"damage":0,"enemies":"3 Louse","floor":14,"turns":3},{"damage":0,"enemies":"Slime Boss","floor":16,"turns":5},{"damage":4,"enemies":"Chosen","floor":18,"turns":6},{"damage":20,"enemies":"3 Byrds","floor":20,"turns":3},{"damage":13,"enemies":"3 Cultists","floor":22,"turns":4},{"damage":8,"enemies":"Gremlin Leader","floor":23,"turns":5},{"damage":16,"enemies":"Chosen and Byrds","floor":24,"turns":4}],"seed_played":"-5057505310627915582","potions_obtained":[{"floor":2,"key":"Strength Potion"},{"floor":6,"key":"PowerPotion"},{"floor":11,"key":"SteroidPotion"}],"is_trial":false,"path_per_floor":["M","M","?","M","?","E","R","M","T","M","E","M","R","M","R","B",null,"M","?","M","$","M","E"],"character_chosen":"DEFECT","items_purchased":["Mummified Hand","Conserve Battery"],"campfire_rested":1,"item_purchase_floors":[21,21],"current_hp_per_floor":[73,73,75,75,75,40,62,60,60,57,57,54,54,54,54,54,75,71,55,35,35,22,14,0],"gold":181,"neow_bonus":"","is_prod":false,"is_daily":false,"chose_seed":false,"campfire_upgraded":2,"win_rate":0,"timestamp":1530571734,"path_taken":["M","M","?","M","?","E","R","M","T","M","E","M","R","M","R","BOSS","M","?","M","?","M","E","M"],"build_version":"2018-06-28","purchased_purges":0,"victory":false,"max_hp_per_floor":[75,75,75,75,75,75,75,75,75,75,75,75,75,75,75,75,75,75,75,75,75,75,75,75],"card_choices":[{"not_picked":["Redo","Beam Cell"],"picked":"Cold Snap","floor":1},{"not_picked":["Barrage","Streamline"],"picked":"Auto Shields","floor":2},{"not_picked":["White Noise","Redo"],"picked":"Leap","floor":4},{"not_picked":["Reinforced Body","Barrage"],"picked":"White Noise","floor":6},{"not_picked":["Go for the Eyes","Compile Driver"],"picked":"Electrodynamics","floor":7},{"not_picked":["Chill","Rebound"],"picked":"Go for the Eyes","floor":8},{"not_picked":["Doom and Gloom","Hello World"],"picked":"Double Energy","floor":10},{"not_picked":["Redo","Sweeping Beam"],"picked":"Electrodynamics","floor":11},{"not_picked":["Darkness","Skim","Doom and Gloom"],"picked":"SKIP","floor":12},{"not_picked":["Redo","Go for the Eyes"],"picked":"FTL","floor":14},{"not_picked":["Meteor Strike","Hyperbeam"],"picked":"All For One","floor":16},{"not_picked":["Sweeping Beam","Static Discharge"],"picked":"Ball Lightning","floor":18},{"not_picked":["Cold Snap","Compile Driver"],"picked":"Ball Lightning+1","floor":20},{"not_picked":["Turbo","Chill"],"picked":"Coolheaded","floor":22},{"not_picked":["Seek","Force Field"],"picked":"Redo","floor":23}],"player_experience":44818,"relics_obtained":[{"floor":6,"key":"Dream Catcher"},{"floor":9,"key":"Juzu Bracelet"},{"floor":11,"key":"Ornamental Fan"},{"floor":19,"key":"Necronomicon"},{"floor":23,"key":"Bag of Marbles"}],"event_choices":[{"event_name":"Wheel of Change","player_choice":"Full Heal","floor":3,"damage_taken":0},{"event_name":"Accursed Blacksmith","player_choice":"Forge","floor":5,"damage_taken":0},{"event_name":"Cursed Tome","player_choice":"Obtained Book","floor":19,"damage_taken":0}],"boss_relics":[{"not_picked":["Empty Cage","Sozu"],"picked":"Astrolabe"}],"items_purged_floors":[],"is_endless":false,"potions_floor_spawned":[2,6,11,12,14,20],"killed_by":"Chosen and Byrds","ascension_level":0}