{"gold_per_floor":[109,109,62,137,154,181,181,214,214,239,253,253,285,301,301,372,372,384,384,384,400,418,418,446,446,492,417,122,122,132,152,152,152],"floor_reached":33,"playtime":1254,"items_purged":["Strike_B"],"score":523,"play_id":"cc5c6082-4ea4-4a8d-9d25-d037b621df30","local_time":"20180728192443","is_ascension_mode":true,"campfire_choices":[{"floor":7.0,"key":"REST"},{"floor":12.0,"key":"REST"},{"floor":15.0,"key":"REST"},{"floor":23.0,"key":"REST"},{"floor":25,"key":"REST"},{"floor":29,"key":"DIG"},{"floor":32,"key":"REST"}],"neow_cost":"","seed_source_timestamp":1809366528706325,"circlet_count":0,"master_deck":["Strike_B","Defend_B","Defend_B","Defend_B","Defend_B","Zap","Dualcast","AscendersBane","Ball Lightning","Ball Lightning","Ball Lightning","Seek","Capacitor","Conserve Battery","Go for the Eyes","Genetic Algorithm","Steam","Sweeping Beam","Electrodynamics","Sweeping Beam","Defragment","Go for the Eyes","Leap","Stack","Conserve Battery","Self Repair","Barrage+1","Steam","FTL"],"special_seed":0,"relics":["Cracked Core","Bottled Flame","Mango","Dream Catcher","Strawberry","Calipers","Black Star","Shovel","Sundial","Juzu Bracelet","Oddly Smooth Stone","Art of War"],"potions_floor_usage":[24],"damage_taken":[{"damage":8.0,"enemies":"Jaw Worm","floor":1.0,"turns":4.0},{"damage":1.0,"enemies":"Cultist","floor":5.0,"turns":3.0},{"damage":21.0,"enemies":"3 Sentries","floor":6.0,"turns":5.0},{"damage":25.0,"enemies":"Lagavulin","floor":8.0,"turns":5.0},{"damage":22.0,"enemies":"3 Sentries","floor":10.0,"turns":5.0},{"damage":0.0,"enemies":"2 Louse","floor":11.0,"turns":2.0},{"damage":12.0,"enemies":"Gremlin Nob","floor":13.0,"turns":3.0},{"damage":3.0,"enemies":"Looter","floor":14.0,"turns":3.0},{"damage":9.0,"enemies":"The Guardian","floor":16.0,"turns":11.0},{"damage":0.0,"enemies":"Spheric Guardian","floor":18.0,"turns":3.0},{"damage":5.0,"enemies":"Chosen","floor":21.0,"turns":4.0},{"damage":33.0,"enemies":"Snake Plant","floor":22.0,"turns":5.0},{"damage":56,"enemies":"Gremlin Leader","floor":24,"turns":7},{"damage":23,"enemies":"Sentry and Sphere","floor":30,"turns":4},{"damage":16,"enemies":"Centurion and Healer","floor":31,"turns":6},{"damage":62,"enemies":"Automaton","floor":33,"turns":6}],"seed_played":"-8687454354547699243","potions_obtained":[{"floor":5.0,"key":"Fruit Juice"},{"floor":8.0,"key":"Regen Potion"},{"floor":13.0,"key":"Dexterity Potion"},{"floor":16.0,"key":"Ancient Potion"},{"floor":18.0,"key":"Energy Potion"}],"is_trial":false,"path_per_floor":["M","?","$","?","M","E","R","E","T","E","M","R","E","M","R","B",null,"M","?","?","M","M","R","E","R","T","?","$","R","M","M","R"],"character_chosen":"DEFECT","items_purchased":["Ball Lightning","Oddly Smooth Stone","Self Repair"],"campfire_rested":6,"item_purchase_floors":[3,28,28],"current_hp_per_floor":[56,56,56,45,44,28,50,39,39,38,38,67,55,52,81,72,91,91,91,91,86,53,82,26,55,55,55,55,55,39,30,59,0],"gold":152,"neow_bonus":"","is_prod":false,"is_daily":false,"chose_seed":false,"campfire_upgraded":0,"win_rate":0,"timestamp":1532820283,"path_taken":["M","?","$","?","?","E","R","E","T","E","M","R","E","M","R","BOSS","M","?","?","M","M","R","E","R","T","?","$","R","M","M","R","BOSS"],"build_version":"2018-07-26","purchased_purges":1,"victory":false,"max_hp_per_floor":[71,71,71,71,71,76,76,90,90,97,97,97,97,97,97,97,97,97,97,97,97,97,97,97,97,97,97,97,97,97,97,97,97],"card_choices":[{"not_picked":["Turbo","Loop"],"picked":"Ball Lightning","floor":1.0},{"not_picked":["Coolheaded","Leap"],"picked":"Ball Lightning","floor":5.0},{"not_picked":["Aggregate","Streamline","Force Field"],"picked":"SKIP","floor":6.0},{"not_picked":["Storm","Heatsinks"],"picked":"Seek","floor":8.0},{"not_picked":["Heatsinks","Stack"],"picked":"Capacitor","floor":10.0},{"not_picked":["Skim","Hologram"],"picked":"Conserve Battery","floor":11.0},{"not_picked":["Tempest","Steam"],"picked":"Go for the Eyes","floor":12.0},{"not_picked":["Tempest","Barrage"],"picked":"Genetic Algorithm","floor":13.0},{"not_picked":["Streamline","Blizzard"],"picked":"Steam","floor":14.0},{"not_picked":["Stack","Beam Cell"],"picked":"Sweeping Beam","floor":15.0},{"not_picked":["Fission","Core Surge"],"picked":"Electrodynamics","floor":16.0},{"not_picked":["Recycle","Streamline"],"picked":"Sweeping Beam","floor":18.0},{"not_picked":["Compile Driver","Loop"],"picked":"Go for the Eyes","floor":21.0},{"not_picked":["Turbo","Go for the Eyes"],"picked":"Leap","floor":22.0},{"not_picked":["Reboot","Beam Cell"],"picked":"Stack","floor":24},{"not_picked":["Streamline","Go for the Eyes"],"picked":"Conserve Battery","floor":25},{"not_picked":["Sweeping Beam","Rebound"],"picked":"Barrage+1","floor":30},{"not_picked":["Rebound","Go for the Eyes"],"picked":"Steam","floor":31},{"not_picked":["Barrage","Gash"],"picked":"FTL","floor":32}],"player_experience":177614,"relics_obtained":[{"floor":6.0,"key":"Bottled Flame"},{"floor":8.0,"key":"Mango"},{"floor":9.0,"key":"Dream Catcher"},{"floor":10.0,"key":"Strawberry"},{"floor":13.0,"key":"Calipers"},{"floor":24,"key":"Shovel"},{"floor":24,"key":"Sundial"},{"floor":26,"key":"Juzu Bracelet"},{"floor":29,"key":"Art of War"}],"event_choices":[{"event_name":"Bonfire Elementals","player_choice":"BASIC","floor":2.0,"damage_taken":0.0},{"event_name":"World of Goop","player_choice":"Gather Gold","floor":4.0,"damage_taken":0.0},{"event_name":"Drug Dealer","player_choice":"Ignored","floor":19.0,"damage_taken":0.0},{"event_name":"The Library","player_choice":"Read","floor":20.0,"damage_taken":0.0},{"event_name":"Beggar","player_choice":"Gave Gold","floor":27,"damage_taken":0}],"is_beta":false,"boss_relics":[{"not_picked":["Philosopher\u0027s Stone","Eternal Feather"],"picked":"Black Star"}],"items_purged_floors":[28],"is_endless":false,"potions_floor_spawned":[5,8,13,16,18,21,22],"killed_by":"Automaton","ascension_level":14}