{"gold_per_floor":[118,118,118,193,213,246,246,281,281,281,281,305,336,351,351,351],"floor_reached":16,"playtime":523,"items_purged":[],"score":236,"play_id":"c5fb4213-b690-47ac-8086-d25cb358506a","local_time":"20190710081958","is_ascension_mode":true,"campfire_choices":[{"floor":7.0,"key":"REST"},{"floor":15.0,"key":"REST"}],"neow_cost":"NONE","seed_source_timestamp":1288301257300,"circlet_count":0,"master_deck":["AscendersBane","Strike_B","Strike_B","Strike_B","Strike_B","Defend_B","Defend_B","Defend_B","Defend_B","Zap","Dualcast","Biased Cognition","FTL","Glacier","Chill","Ball Lightning+1"],"special_seed":0,"relics":["Cracked Core","Golden Idol","Molten Egg 2","Singing Bowl","Pen Nib","PreservedInsect"],"potions_floor_usage":[],"damage_taken":[{"damage":0.0,"enemies":"Cultist","floor":1.0,"turns":4.0},{"damage":3.0,"enemies":"Small Slimes","floor":5.0,"turns":3.0},{"damage":35.0,"enemies":"Lagavulin","floor":6.0,"turns":7.0},{"damage":9.0,"enemies":"3 Sentries","floor":8.0,"turns":9.0},{"damage":6.0,"enemies":"2 Louse","floor":12.0,"turns":2.0},{"damage":11.0,"enemies":"Lagavulin","floor":13.0,"turns":8.0},{"damage":0.0,"enemies":"Gremlin Gang","floor":14.0,"turns":3.0},{"damage":40,"enemies":"Slime Boss","floor":16,"turns":7}],"seed_played":"8819254103823584851","potions_obtained":[{"floor":5.0,"key":"Fire Potion"},{"floor":6.0,"key":"Regen Potion"},{"floor":8.0,"key":"Explosive Potion"},{"floor":12.0,"key":"SteroidPotion"}],"is_trial":false,"path_per_floor":["M","?","?","?","M","E","R","E","T","?","?","M","E","M","R","B"],"character_chosen":"DEFECT","items_purchased":[],"campfire_rested":2,"item_purchase_floors":[],"current_hp_per_floor":[64,64,64,53,50,15,36,44,44,33,33,27,18,18,40,0],"gold":351,"neow_bonus":"ONE_RANDOM_RARE_CARD","is_prod":false,"is_daily":false,"chose_seed":false,"campfire_upgraded":0,"win_rate":0,"timestamp":1562771998,"path_taken":["M","?","?","?","M","E","R","E","T","?","?","?","E","M","R","BOSS"],"build_version":"2019-07-05","purchased_purges":0,"victory":false,"max_hp_per_floor":[71,71,71,71,71,71,71,73,73,73,73,73,75,75,75,75],"card_choices":[{"not_picked":["Gash","Chaos"],"picked":"FTL","floor":1.0},{"not_picked":["Defragment","Stack","Force Field"],"picked":"SKIP","floor":5.0},{"not_picked":["Cold Snap","Steam"],"picked":"Glacier","floor":6.0},{"not_picked":["Rebound+1","Force Field","Thunder Strike+1"],"picked":"Singing Bowl","floor":8.0},{"not_picked":["Static Discharge","Barrage+1"],"picked":"Chill","floor":12.0},{"not_picked":["Reinforced Body","Rip and Tear+1","Steam"],"picked":"Singing Bowl","floor":13.0},{"not_picked":["Sweeping Beam+1","Redo"],"picked":"Ball Lightning+1","floor":14.0}],"player_experience":1252648,"relics_obtained":[{"floor":6.0,"key":"Molten Egg 2"},{"floor":8.0,"key":"Singing Bowl"},{"floor":13.0,"key":"PreservedInsect"}],"event_choices":[{"damage_healed":0.0,"max_hp_gain":0.0,"max_hp_loss":0.0,"gold_gain":0.0,"event_name":"The Cleric","player_choice":"Leave","floor":2.0,"gold_loss":0.0,"damage_taken":0.0},{"damage_healed":0.0,"max_hp_gain":0.0,"max_hp_loss":0.0,"gold_gain":0.0,"event_name":"Golden Idol","player_choice":"Take Wound","floor":3.0,"gold_loss":0.0,"damage_taken":0.0,"relics_obtained":["Golden Idol"],"cards_obtained":["Injury"]},{"damage_healed":0.0,"max_hp_gain":0.0,"max_hp_loss":0.0,"gold_gain":75.0,"event_name":"World of Goop","player_choice":"Gather Gold","floor":4.0,"gold_loss":0.0,"damage_taken":11.0},{"damage_healed":0.0,"max_hp_gain":0.0,"max_hp_loss":0.0,"gold_gain":0.0,"event_name":"Scrap Ooze","player_choice":"Success","floor":10.0,"gold_loss":0.0,"damage_taken":11.0,"relics_obtained":["Pen Nib"]},{"cards_removed":["Injury"],"damage_healed":0.0,"max_hp_gain":0.0,"max_hp_loss":0.0,"gold_gain":0.0,"event_name":"Purifier","player_choice":"Purged","floor":11.0,"gold_loss":0.0,"damage_taken":0.0}],"is_beta":false,"boss_relics":[],"items_purged_floors":[],"is_endless":false,"potions_floor_spawned":[5,6,8,12],"killed_by":"Slime Boss","ascension_level":20}