{"gold_per_floor":[113,113,126,51,51,81,99,112,112,128,139,155,170,200,212,326,338,360,372,395,407,430,442,470,212,212,212,275,275,300,400,400,501,501,521,621,640,657,667,667,685,685,760,791,791,820,869,888,888,888],"floor_reached":51,"playtime":2368,"items_purged":["Strike_R"],"score":923,"play_id":"c808d1b9-c76c-47d2-a5da-496fa362bc23","local_time":"20190707211942","is_ascension_mode":true,"campfire_choices":[{"data":"Inflame","floor":15,"key":"SMITH"},{"data":"Heavy Blade","floor":23,"key":"SMITH"},{"data":"Barricade","floor":27,"key":"SMITH"},{"data":"Heavy Blade","floor":29,"key":"SMITH"},{"floor":32,"key":"DIG"},{"floor":40,"key":"DIG"},{"data":"Limit Break","floor":45,"key":"SMITH"},{"data":"Double Tap","floor":49,"key":"SMITH"}],"neow_cost":"NONE","seed_source_timestamp":289177707011678,"circlet_count":0,"master_deck":["Strike_R+1","Strike_R","Strike_R","Strike_R+1","Defend_R","Defend_R","Defend_R","Defend_R","Bash+1","Shockwave+1","Inflame+1","Shrug It Off","Reaper","Pommel Strike","Headbutt","Reaper","Heavy Blade+1","Barricade+1","Inflame","Ghostly+1","Ghostly","Ghostly","Ghostly","Ghostly+1","Heavy Blade+1","Impervious","Inflame","Clothesline+1","Inflame","Limit Break+1","Feed","Pummel+1","Writhe","Double Tap+1","Heavy Blade+1"],"relics":["Burning Blood","Boot","Ginger","Meat on the Bone","MawBank","Philosopher\u0027s Stone","Sling","Tiny Chest","Strawberry","Shovel","The Courier","War Paint","Lizard Tail","Torii","Juzu Bracelet","Bottled Lightning","Blood Vial","Whetstone","Dead Branch"],"potions_floor_usage":[10,14,16,20,38,50,50],"damage_taken":[{"damage":1,"enemies":"Cultist","floor":1,"turns":3},{"damage":5,"enemies":"2 Louse","floor":3,"turns":2},{"damage":59,"enemies":"3 Sentries","floor":6,"turns":14},{"damage":3,"enemies":"Jaw Worm","floor":7,"turns":5},{"damage":11,"enemies":"Large Slime","floor":8,"turns":8},{"damage":6,"enemies":"Blue Slaver","floor":10,"turns":5},{"damage":6,"enemies":"3 Louse","floor":11,"turns":5},{"damage":6,"enemies":"Exordium Thugs","floor":12,"turns":5},{"damage":5,"enemies":"2 Fungi Beasts","floor":13,"turns":5},{"damage":18,"enemies":"Lagavulin","floor":14,"turns":5},{"damage":75,"enemies":"Hexaghost","floor":16,"turns":11},{"damage":6,"enemies":"Chosen","floor":18,"turns":5},{"damage":33,"enemies":"Spheric Guardian","floor":20,"turns":4},{"damage":8,"enemies":"Chosen and Byrds","floor":22,"turns":6},{"damage":24,"enemies":"Centurion and Healer","floor":24,"turns":7},{"damage":9,"enemies":"Gremlin Leader","floor":28,"turns":7},{"damage":35,"enemies":"Book of Stabbing","floor":30,"turns":5},{"damage":14,"enemies":"Colosseum Slavers","floor":31,"turns":5},{"damage":2,"enemies":"Colosseum Nobs","floor":31,"turns":6},{"damage":14,"enemies":"Champ","floor":33,"turns":10},{"damage":18,"enemies":"3 Darklings","floor":35,"turns":10},{"damage":7,"enemies":"Mind Bloom Boss Battle","floor":36,"turns":7},{"damage":30,"enemies":"3 Shapes","floor":37,"turns":4},{"damage":7,"enemies":"Maw","floor":38,"turns":9},{"damage":18,"enemies":"4 Shapes","floor":39,"turns":8},{"damage":15,"enemies":"Transient","floor":41,"turns":5},{"damage":8,"enemies":"Reptomancer","floor":44,"turns":8},{"damage":3,"enemies":"Giant Head","floor":46,"turns":8},{"damage":43,"enemies":"2 Orb Walkers","floor":47,"turns":8},{"damage":4,"enemies":"Writhing Mass","floor":48,"turns":5},{"damage":62,"enemies":"Time Eater","floor":50,"turns":11}],"seed_played":"3864319412552183921","potions_obtained":[{"floor":1,"key":"Poison Potion"},{"floor":7,"key":"Regen Potion"},{"floor":10,"key":"Fruit Juice"},{"floor":13,"key":"PowerPotion"},{"floor":14,"key":"Weak Potion"},{"floor":16,"key":"FearPotion"},{"floor":20,"key":"Fire Potion"},{"floor":39,"key":"Explosive Potion"}],"is_trial":false,"path_per_floor":["M","?","M","$","?","E","M","M","T","M","M","M","M","E","R","B",null,"M","$","M","?","M","R","M","$","T","R","E","R","E","?","R","B",null,"M","?","M","M","M","R","M","?","T","E","R","E","?","M","R","B",null],"character_chosen":"IRONCLAD","items_purchased":["Sling","Inflame"],"campfire_rested":0,"item_purchase_floors":[25,25],"current_hp_per_floor":[80,80,80,80,80,27,30,25,25,51,72,72,82,83,83,36,85,85,85,63,42,42,42,37,37,37,37,42,42,45,49,49,49,49,49,48,48,52,53,53,44,55,55,58,58,61,45,64,64,63],"gold":888,"neow_bonus":"UPGRADE_CARD","is_prod":false,"is_daily":false,"chose_seed":false,"campfire_upgraded":6,"win_rate":0,"timestamp":1562559582,"path_taken":["M","?","?","$","?","E","M","M","T","M","?","M","M","E","R","BOSS","M","$","M","?","M","R","M","$","T","R","E","R","E","?","R","BOSS","M","?","M","M","M","R","M","?","T","E","R","E","?","M","R","BOSS"],"build_version":"2019-07-05","purchased_purges":1,"victory":true,"max_hp_per_floor":[80,80,80,80,80,80,80,80,80,85,85,85,85,85,85,85,85,85,85,85,42,42,42,42,42,42,42,42,42,49,49,49,49,49,49,49,49,52,55,55,55,55,55,58,58,61,64,64,64,67],"card_choices":[{"not_picked":["Reckless Charge","Twin Strike"],"picked":"Rage","floor":1},{"not_picked":["Shrug It Off","Corruption"],"picked":"Shockwave","floor":3},{"not_picked":["Shockwave","Spot Weakness"],"picked":"Inflame","floor":6},{"not_picked":["Second Wind","Iron Wave"],"picked":"Shrug It Off","floor":7},{"not_picked":["Entrench","Cleave"],"picked":"Reaper","floor":8},{"not_picked":["Warcry","Entrench","Power Through"],"picked":"SKIP","floor":10},{"not_picked":["Combust","Flex"],"picked":"Pommel Strike","floor":11},{"not_picked":["True Grit","Clash"],"picked":"Headbutt","floor":12},{"not_picked":["Metallicize","Feel No Pain"],"picked":"Reaper","floor":13},{"not_picked":["Wild Strike","Twin Strike"],"picked":"Heavy Blade","floor":14},{"not_picked":["Fiend Fire","Juggernaut"],"picked":"Barricade","floor":16},{"not_picked":["Warcry+1","Shrug It Off"],"picked":"Inflame","floor":18},{"not_picked":["Armaments","Clash+1","Anger+1"],"picked":"SKIP","floor":20},{"not_picked":["Armaments","Warcry"],"picked":"Heavy Blade","floor":22},{"not_picked":["Spot Weakness","Thunderclap"],"picked":"Impervious","floor":24},{"not_picked":["Warcry+1","Whirlwind"],"picked":"Clothesline+1","floor":28},{"not_picked":["Perfected Strike","Evolve","Hemokinesis"],"picked":"SKIP","floor":30},{"not_picked":["Armaments","Clash+1"],"picked":"Inflame","floor":31},{"not_picked":["Reaper","Bludgeon"],"picked":"Limit Break","floor":33},{"not_picked":["Headbutt+1","Rage","Twin Strike"],"picked":"SKIP","floor":35},{"not_picked":["True Grit+1","Perfected Strike+1"],"picked":"Feed","floor":37},{"not_picked":["Wild Strike","Combust+1"],"picked":"Pummel+1","floor":38},{"not_picked":["True Grit","Sentinel+1","Clash+1"],"picked":"SKIP","floor":39},{"not_picked":["Twin Strike+1","Perfected Strike+1","Headbutt+1"],"picked":"SKIP","floor":41},{"not_picked":["Cleave+1","Dual Wield+1"],"picked":"Double Tap","floor":44},{"not_picked":["Headbutt+1","Cleave"],"picked":"Heavy Blade+1","floor":46},{"not_picked":["Body Slam","Headbutt+1","Pommel Strike+1"],"picked":"SKIP","floor":48}],"player_experience":279882,"relics_obtained":[{"floor":6,"key":"Ginger"},{"floor":9,"key":"Meat on the Bone"},{"floor":14,"key":"MawBank"},{"floor":28,"key":"Tiny Chest"},{"floor":30,"key":"Strawberry"},{"floor":31,"key":"Shovel"},{"floor":31,"key":"The Courier"},{"floor":32,"key":"War Paint"},{"floor":36,"key":"Torii"},{"floor":40,"key":"Juzu Bracelet"},{"floor":43,"key":"Bottled Lightning"},{"floor":44,"key":"Blood Vial"},{"floor":46,"key":"Whetstone"},{"floor":47,"key":"Dead Branch"}],"event_choices":[{"cards_removed":["Rage"],"damage_healed":0,"gold_gain":0,"player_choice":"Gave Card","damage_taken":0,"relics_obtained":["Boot"],"max_hp_gain":0,"max_hp_loss":0,"event_name":"WeMeetAgain","floor":2,"gold_loss":0},{"damage_healed":0,"gold_gain":0,"player_choice":"Upgraded","damage_taken":0,"max_hp_gain":0,"max_hp_loss":0,"event_name":"Upgrade Shrine","floor":5,"gold_loss":0,"cards_upgraded":["Shockwave"]},{"damage_healed":0,"gold_gain":0,"player_choice":"Became a Ghost","damage_taken":0,"max_hp_gain":0,"max_hp_loss":43,"event_name":"Ghosts","floor":21,"gold_loss":0,"cards_obtained":["Ghostly","Ghostly","Ghostly","Ghostly","Ghostly"]},{"damage_healed":0,"gold_gain":0,"player_choice":"Fight","damage_taken":0,"max_hp_gain":0,"max_hp_loss":0,"event_name":"Colosseum","floor":31,"gold_loss":0},{"damage_healed":0,"gold_gain":0,"player_choice":"Fought Nobs","damage_taken":0,"max_hp_gain":0,"max_hp_loss":0,"event_name":"Colosseum","floor":31,"gold_loss":0},{"damage_healed":0,"gold_gain":0,"player_choice":"Fight","damage_taken":0,"max_hp_gain":0,"max_hp_loss":0,"event_name":"MindBloom","floor":36,"gold_loss":0},{"damage_healed":14,"gold_gain":0,"player_choice":"Writhe","damage_taken":0,"max_hp_gain":0,"max_hp_loss":0,"event_name":"Winding Halls","floor":42,"gold_loss":0,"cards_obtained":["Writhe"]},{"damage_healed":0,"gold_gain":0,"player_choice":"Fight","damage_taken":0,"max_hp_gain":0,"max_hp_loss":0,"event_name":"Mysterious Sphere","floor":47,"gold_loss":0}],"is_beta":false,"boss_relics":[{"not_picked":["Pandora\u0027s Box","Calling Bell"],"picked":"Philosopher\u0027s Stone"},{"not_picked":["Sozu","Fusion Hammer"],"picked":"Lizard Tail"}],"items_purged_floors":[4],"is_endless":false,"potions_floor_spawned":[1,7,10,13,14,16,20,24,31,31,37,39,41,44,46,47],"ascension_level":1}