{"gold_per_floor":[117,87,101,116,135,135,160,16,41,41,54,54,54,54,54,152,152,168,168],"floor_reached":19,"playtime":567,"items_purged":["Strike_R"],"score":175,"play_id":"9157e24d-153e-4377-a4f9-f8d6c1cf2b74","local_time":"20190219223614","is_ascension_mode":true,"campfire_choices":[{"data":"Forethought","floor":6,"key":"SMITH"},{"floor":10,"key":"REST"},{"floor":12,"key":"REST"},{"floor":15,"key":"REST"}],"neow_cost":"NONE","seed_source_timestamp":508346179798344,"circlet_count":0,"master_deck":["Strike_R","Strike_R+1","Strike_R","Strike_R+1","Defend_R","Defend_R","Defend_R","Bash","Forethought+1","Thunderclap","Armaments","Dual Wield","Berserk","Dropkick"],"relics":["Burning Blood","Whetstone","Ancient Tea Set","Black Star"],"potions_floor_usage":[7,7,16,19],"damage_taken":[{"damage":0,"enemies":"2 Louse","floor":1,"turns":3},{"damage":5,"enemies":"Cultist","floor":3,"turns":4},{"damage":10,"enemies":"Small Slimes","floor":4,"turns":4},{"damage":2,"enemies":"3 Louse","floor":5,"turns":4},{"damage":77,"enemies":"Gremlin Nob","floor":7,"turns":6},{"damage":13,"enemies":"Large Slime","floor":11,"turns":7},{"damage":53,"enemies":"Slime Boss","floor":16,"turns":6},{"damage":64,"enemies":"Spheric Guardian","floor":18,"turns":6},{"damage":37,"enemies":"Chosen","floor":19,"turns":4}],"seed_played":"-665675231935067527","potions_obtained":[{"floor":1,"key":"BloodPotion"},{"floor":2,"key":"SkillPotion"},{"floor":2,"key":"PowerPotion"},{"floor":7,"key":"Ancient Potion"},{"floor":11,"key":"Swift Potion"}],"is_trial":false,"path_per_floor":["M","?","M","M","M","R","E","$","T","R","M","R","?","?","R","B",null,"M","M"],"character_chosen":"IRONCLAD","items_purchased":["Dropkick"],"campfire_rested":3,"item_purchase_floors":[8],"current_hp_per_floor":[80,80,80,76,80,80,9,9,9,33,26,50,50,43,67,20,80,22,0],"gold":168,"neow_bonus":"RANDOM_COLORLESS","is_prod":false,"is_daily":false,"chose_seed":false,"campfire_upgraded":1,"win_rate":0,"timestamp":1550644574,"path_taken":["M","?","M","?","?","R","E","$","T","R","M","R","?","?","R","BOSS","M","M"],"build_version":"2019-01-23","purchased_purges":1,"victory":false,"max_hp_per_floor":[80,80,80,80,80,80,80,80,80,80,80,80,80,80,80,80,80,80,80],"card_choices":[{"not_picked":["Body Slam","Iron Wave"],"picked":"Thunderclap","floor":1},{"not_picked":["Body Slam","Hemokinesis"],"picked":"Armaments","floor":3},{"not_picked":["Armaments","Clothesline"],"picked":"Dual Wield","floor":4},{"not_picked":["Perfected Strike","Wild Strike","Evolve"],"picked":"SKIP","floor":5},{"not_picked":["Iron Wave","Havoc"],"picked":"Berserk","floor":7},{"not_picked":["Sentinel","Perfected Strike","Wild Strike"],"picked":"SKIP","floor":11},{"not_picked":["Perfected Strike","Headbutt+1","Anger"],"picked":"SKIP","floor":18}],"player_experience":220123,"relics_obtained":[{"floor":7,"key":"Whetstone"},{"floor":9,"key":"Ancient Tea Set"}],"event_choices":[{"damage_healed":0,"gold_gain":0,"player_choice":"Bought 2 Potions","damage_taken":0,"max_hp_gain":0,"max_hp_loss":0,"event_name":"The Woman in Blue","floor":2,"gold_loss":0},{"damage_healed":0,"gold_gain":0,"player_choice":"Ignored","damage_taken":0,"max_hp_gain":0,"max_hp_loss":0,"event_name":"Liars Game","floor":13,"gold_loss":0},{"cards_removed":["Defend_R"],"damage_healed":0,"gold_gain":0,"player_choice":"Card Removal","damage_taken":7,"max_hp_gain":0,"max_hp_loss":0,"event_name":"Golden Wing","floor":14,"gold_loss":0}],"is_beta":false,"boss_relics":[{"not_picked":["Runic Dome","Ectoplasm"],"picked":"Black Star"}],"items_purged_floors":[8],"is_endless":false,"potions_floor_spawned":[1,3,7,11],"killed_by":"Chosen","ascension_level":1}