{"gold_per_floor":[110,110,123,143,155,190,202,220,220,25,38,53,80,91,91,192,192,202,117,101,112,122,150,164,164,164,164,9,24,59,70,70,168,168,185,185,202,213,259,290,290],"floor_reached":41,"playtime":3348,"items_purged":[],"score":558,"play_id":"a115bf6e-19a8-47f4-9c87-347d371fd45f","local_time":"20180704215513","is_ascension_mode":false,"campfire_choices":[{"data":"Zap","floor":15,"key":"SMITH"},{"floor":32,"key":"REST"}],"neow_cost":"NONE","seed_source_timestamp":5650940302733794,"circlet_count":0,"master_deck":["Strike_B+1","Strike_B","Strike_B","Defend_B","Defend_B","Defend_B","Defend_B","Zap+1","Dualcast","Thunder Strike","Chill","Static Discharge","Coolheaded","Steam","Ball Lightning","Cold Snap","Gash+1","Coolheaded","Conserve Battery","Hologram","Loop","Cold Snap","Capacitor","Seek","Self Repair","Conserve Battery","Coolheaded+1","Ball Lightning+1","Loop+1","FTL","Echo Form+1","Steam","Turbo+1","Ball Lightning","Ball Lightning","Undo+1","Cold Snap+1","Conserve Battery+1","Ball Lightning+1","Steam+1","Panache+1","Steam+1","Stack+1","Stack+1","Rip and Tear"],"relics":["Cracked Core","Meat on the Bone","Bag of Preparation","Vajra","Whetstone","Black Star","Bronze Scales","Letter Opener","Frozen Egg 2","Toolbox","Centennial Puzzle","Toxic Egg 2","Orrery","Calipers","Dodecahedron","Darkstone Periapt"],"potions_floor_usage":[],"damage_taken":[{"damage":3,"enemies":"Jaw Worm","floor":1,"turns":4},{"damage":0,"enemies":"Cultist","floor":3,"turns":3},{"damage":0,"enemies":"2 Louse","floor":4,"turns":3},{"damage":4,"enemies":"2 Fungi Beasts","floor":5,"turns":3},{"damage":30,"enemies":"Gremlin Nob","floor":6,"turns":4},{"damage":5,"enemies":"Blue Slaver","floor":7,"turns":3},{"damage":11,"enemies":"Red Slaver","floor":8,"turns":3},{"damage":4,"enemies":"3 Louse","floor":11,"turns":3},{"damage":0,"enemies":"Looter","floor":12,"turns":3},{"damage":2,"enemies":"3 Sentries","floor":13,"turns":7},{"damage":0,"enemies":"Blue Slaver","floor":14,"turns":2},{"damage":19,"enemies":"Hexaghost","floor":16,"turns":12},{"damage":6,"enemies":"Shell Parasite","floor":18,"turns":7},{"damage":17,"enemies":"2 Thieves","floor":20,"turns":4},{"damage":6,"enemies":"Snecko","floor":21,"turns":7},{"damage":1,"enemies":"Sentry and Sphere","floor":22,"turns":8},{"damage":41,"enemies":"Gremlin Leader","floor":23,"turns":8},{"damage":15,"enemies":"Snake Plant","floor":24,"turns":5},{"damage":9,"enemies":"Slaver and Parasite","floor":29,"turns":7},{"damage":43,"enemies":"Slavers","floor":30,"turns":7},{"damage":8,"enemies":"Centurion and Healer","floor":31,"turns":7},{"damage":42,"enemies":"Automaton","floor":33,"turns":9},{"damage":17,"enemies":"3 Darklings","floor":35,"turns":6},{"damage":0,"enemies":"3 Shapes","floor":37,"turns":4},{"damage":14,"enemies":"3 Darklings","floor":38,"turns":3},{"damage":20,"floor":39,"turns":5},{"damage":27,"enemies":"Nemesis","floor":40,"turns":11},{"damage":80,"enemies":"4 Shapes","floor":41,"turns":3}],"seed_played":"8888909780845273256","potions_obtained":[{"floor":1,"key":"AttackPotion"},{"floor":3,"key":"Dexterity Potion"},{"floor":4,"key":"Fire Potion"}],"is_trial":false,"path_per_floor":["M","?","M","M","M","E","M","M","T","$","M","M","E","M","R","B",null,"M","?","M","M","M","E","M","?","T","?","$","M","E","M","R","B",null,"M","?","M","M","?","E"],"character_chosen":"DEFECT","items_purchased":["Vajra","Conserve Battery","Echo Form+1"],"campfire_rested":1,"item_purchase_floors":[10,10,28],"current_hp_per_floor":[72,72,72,72,68,38,45,46,46,46,42,42,40,40,40,33,75,69,69,59,60,66,44,48,48,48,34,34,48,24,46,70,47,80,70,70,70,56,62,58,0],"gold":290,"neow_bonus":"ONE_RANDOM_RARE_CARD","is_prod":false,"is_daily":false,"chose_seed":false,"campfire_upgraded":1,"win_rate":0,"timestamp":1530755713,"path_taken":["M","?","?","M","M","E","M","M","T","$","M","?","E","M","R","BOSS","M","?","M","M","?","E","M","?","T","?","$","M","E","?","R","BOSS","M","?","?","M","?","E","M"],"build_version":"2018-06-28","purchased_purges":0,"victory":false,"max_hp_per_floor":[75,75,75,75,75,75,75,75,75,75,75,75,75,75,75,75,75,75,75,75,75,75,75,75,75,75,80,80,80,80,80,80,80,80,80,80,80,80,80,80,80],"card_choices":[{"not_picked":["Reprogram","BootSequence"],"picked":"Chill","floor":1},{"not_picked":["Barrage","Sweeping Beam"],"picked":"Coolheaded","floor":3},{"not_picked":["Leap","Gash"],"picked":"Steam","floor":4},{"not_picked":["Melter","Rainbow"],"picked":"Ball Lightning","floor":5},{"not_picked":["Consume","Steam Power"],"picked":"Cold Snap","floor":6},{"not_picked":["Hello World","Streamline"],"picked":"Gash","floor":7},{"not_picked":["Blizzard","Hologram"],"picked":"Coolheaded","floor":8},{"not_picked":["Turbo","Hyperbeam"],"picked":"Hologram","floor":11},{"not_picked":["Go for the Eyes","Turbo"],"picked":"Loop","floor":12},{"not_picked":["Reboot","Beam Cell"],"picked":"Cold Snap","floor":13},{"not_picked":["Redo","Sweeping Beam"],"picked":"Capacitor","floor":14},{"not_picked":["Creative AI","Multi-Cast"],"picked":"Seek","floor":16},{"not_picked":["Steam","Hologram"],"picked":"Self Repair","floor":18},{"not_picked":["Static Discharge","Darkness+1"],"picked":"Conserve Battery","floor":20},{"not_picked":["Sweeping Beam","Cold Snap"],"picked":"Coolheaded+1","floor":21},{"not_picked":["Thunder Strike","Reprogram"],"picked":"Ball Lightning+1","floor":22},{"not_picked":["BootSequence","Go for the Eyes+1"],"picked":"Loop","floor":23},{"not_picked":["Streamline","Darkness+1"],"picked":"FTL","floor":24},{"not_picked":["Beam Cell+1","Rebound+1"],"picked":"Steam","floor":29},{"not_picked":["Recycle","Heatsinks+1"],"picked":"Turbo+1","floor":30},{"not_picked":["Doom and Gloom","Static Discharge+1"],"picked":"Ball Lightning","floor":31},{"not_picked":["Reinforced Body+1","Double Energy+1"],"picked":"Ball Lightning","floor":34},{"not_picked":["Storm+1","Fusion+1"],"picked":"Undo+1","floor":34},{"not_picked":["Ball Lightning","Tempest+1"],"picked":"Cold Snap+1","floor":34},{"not_picked":["Melter","Hyperbeam"],"picked":"Conserve Battery+1","floor":34},{"not_picked":["Compile Driver","Barrage+1"],"picked":"Ball Lightning+1","floor":34},{"not_picked":["FTL","BootSequence+1"],"picked":"Steam+1","floor":35},{"not_picked":["Jack Of All Trades+1","Master of Strategy+1"],"picked":"Panache+1","floor":36},{"not_picked":["Barrage","BootSequence+1"],"picked":"Steam+1","floor":37},{"not_picked":["Gash+1","Chaos+1"],"picked":"Stack+1","floor":38},{"not_picked":["Barrage+1","Turbo+1"],"picked":"Stack+1","floor":39},{"not_picked":["Turbo+1","Heatsinks+1"],"picked":"Rip and Tear","floor":40}],"player_experience":65144,"relics_obtained":[{"floor":6,"key":"Meat on the Bone"},{"floor":9,"key":"Bag of Preparation"},{"floor":13,"key":"Whetstone"},{"floor":23,"key":"Letter Opener"},{"floor":23,"key":"Frozen Egg 2"},{"floor":26,"key":"Toolbox"},{"floor":30,"key":"Centennial Puzzle"},{"floor":30,"key":"Toxic Egg 2"},{"floor":39,"key":"Calipers"},{"floor":40,"key":"Dodecahedron"},{"floor":40,"key":"Darkstone Periapt"}],"event_choices":[{"event_name":"Transmorgrifier","player_choice":"Transform","floor":2,"damage_taken":0},{"event_name":"Addict","player_choice":"Obtained Relic","floor":19,"damage_taken":0},{"event_name":"Cursed Tome","player_choice":"Ignored","floor":25,"damage_taken":0},{"event_name":"Forgotten Altar","player_choice":"Shed Blood","floor":27,"damage_taken":0},{"event_name":"SensoryStone","player_choice":"Memory 1","floor":36,"damage_taken":0},{"event_name":"Mysterious Sphere","player_choice":"Fight","floor":39,"damage_taken":0}],"boss_relics":[{"not_picked":["Fusion Hammer","Ectoplasm"],"picked":"Black Star"},{"not_picked":["Busted Crown","Philosopher\u0027s Stone"],"picked":"Orrery"}],"items_purged_floors":[],"is_endless":false,"potions_floor_spawned":[1,3,4,8,12,13,16,18,21,24,31,35,39,40],"killed_by":"4 Shapes","ascension_level":0}