{"gold_per_floor":[168,168,188,202,220,220,144,144,144,172,192,210,232,266,266,370,370,354,453,465,481,178,178,101,136,136,136,61,61,61,79,79,183,183,198,209,36,36,36],"floor_reached":39,"playtime":1919,"items_purged":["Strike_G","Strike_G"],"score":557,"play_id":"5b2bb6ae-e97a-43bb-8af7-9e05f81ff3eb","local_time":"20180811001506","is_ascension_mode":true,"campfire_choices":[{"data":"Neutralize","floor":6.0,"key":"SMITH"},{"data":"Infinite Blades","floor":8.0,"key":"SMITH"},{"floor":15.0,"key":"REST"},{"floor":23,"key":"REST"},{"floor":27,"key":"REST"},{"data":"Noxious Fumes","floor":30,"key":"SMITH"},{"floor":32,"key":"REST"}],"neow_cost":"NONE","seed_source_timestamp":0,"circlet_count":0,"master_deck":["Defend_G","Defend_G","Defend_G","Defend_G","Defend_G","Strike_G+1","Strike_G","Survivor","Neutralize+1","PiercingWail","Dodge and Roll","Quick Slash","Dash","Predator","Infinite Blades+1","Noxious Fumes","Quick Slash+1","Dagger Spray+1","Dodge and Roll","Noxious Fumes+1","Malaise","Backflip","Quick Slash+1","Quick Slash+1","Caltrops","J.A.X.","Dodge and Roll+1","Infinite Blades","Glass Knife+1","Backflip","Footwork","Envenom"],"special_seed":0,"relics":["Tiny House","Oddly Smooth Stone","Molten Egg 2","Odd Mushroom","Calipers","Sozu","Bronze Scales","Torii","Meat on the Bone","Lizard Tail","GremlinMask"],"potions_floor_usage":[36,39],"damage_taken":[{"damage":1.0,"enemies":"Cultist","floor":1.0,"turns":5.0},{"damage":3.0,"enemies":"Jaw Worm","floor":3.0,"turns":7.0},{"damage":0.0,"enemies":"Small Slimes","floor":4.0,"turns":3.0},{"damage":6.0,"enemies":"3 Louse","floor":5.0,"turns":5.0},{"damage":18.0,"enemies":"Gremlin Nob","floor":10.0,"turns":4.0},{"damage":2.0,"enemies":"Blue Slaver","floor":11.0,"turns":4.0},{"damage":5.0,"enemies":"Looter","floor":12.0,"turns":3.0},{"damage":0.0,"floor":13.0,"turns":3.0},{"damage":20.0,"enemies":"Lagavulin","floor":14.0,"turns":8.0},{"damage":33.0,"enemies":"Slime Boss","floor":16.0,"turns":10.0},{"damage":11,"enemies":"2 Thieves","floor":18,"turns":4},{"damage":12,"enemies":"Spheric Guardian","floor":20,"turns":7},{"damage":3,"enemies":"Snecko","floor":21,"turns":6},{"damage":21,"enemies":"Book of Stabbing","floor":25,"turns":6},{"damage":12,"enemies":"Cultist and Chosen","floor":31,"turns":6},{"damage":57,"enemies":"Champ","floor":33,"turns":13},{"damage":22,"enemies":"3 Darklings","floor":35,"turns":4},{"damage":41,"enemies":"Flame Bruiser 1 Orb","floor":36,"turns":6},{"damage":68,"enemies":"Transient","floor":39,"turns":5}],"seed_played":"6574138683650029827","potions_obtained":[{"floor":0.0,"key":"AttackPotion"},{"floor":3.0,"key":"Weak Potion"},{"floor":12.0,"key":"GamblersBrew"},{"floor":13.0,"key":"AttackPotion"},{"floor":14.0,"key":"GamblersBrew"},{"floor":16.0,"key":"Poison Potion"}],"is_trial":false,"path_per_floor":["M","$","M","M","M","R","$","R","T","E","M","M","?","E","R","B",null,"M","?","M","M","$","R","?","E","T","R","?","$","R","M","R","B",null,"M","M","$","?"],"character_chosen":"THE_SILENT","items_purchased":["Infinite Blades","Bronze Scales","Caltrops","Envenom"],"campfire_rested":4,"item_purchase_floors":[7,22,22,37],"current_hp_per_floor":[67,67,64,64,58,58,58,58,58,40,38,33,33,13,35,2,57,46,46,34,31,31,53,53,32,32,54,54,54,54,42,64,19,61,39,49,49,49,0],"gold":36,"neow_bonus":"BOSS_RELIC","is_prod":false,"is_daily":false,"chose_seed":false,"campfire_upgraded":3,"win_rate":0,"timestamp":1533960906,"path_taken":["M","$","?","M","M","R","$","R","T","E","M","M","?","E","R","BOSS","M","?","M","M","$","R","?","E","T","R","?","?","R","M","R","BOSS","M","M","$","?","M"],"build_version":"2018-08-09","purchased_purges":2,"victory":false,"max_hp_per_floor":[75,75,75,75,75,75,75,75,75,75,75,75,75,75,75,75,75,75,75,75,75,75,75,75,75,75,75,75,75,75,75,75,75,75,75,75,75,75,75],"card_choices":[{"not_picked":["Underhanded Strike","Deflect"],"picked":"PiercingWail","floor":0.0},{"not_picked":["Well Laid Plans","Poisoned Stab"],"picked":"Dodge and Roll","floor":1.0},{"not_picked":["Eviscerate","Prepared"],"picked":"Quick Slash","floor":3.0},{"not_picked":["Dagger Spray","Dagger Throw"],"picked":"Dash","floor":4.0},{"not_picked":["Choke","Prepared"],"picked":"Predator","floor":5.0},{"not_picked":["Underhanded Strike","Poisoned Stab"],"picked":"Noxious Fumes","floor":10.0},{"not_picked":["Concentrate","Eviscerate+1"],"picked":"Quick Slash+1","floor":11.0},{"not_picked":["Tactician","PiercingWail"],"picked":"Dagger Spray+1","floor":12.0},{"not_picked":["Bouncing Flask","Dagger Throw+1"],"picked":"Dodge and Roll","floor":13.0},{"not_picked":["Storm of Steel","Dodge and Roll"],"picked":"Noxious Fumes","floor":14.0},{"not_picked":["Grand Finale+1","Doppelganger"],"picked":"Malaise","floor":16.0},{"not_picked":["Flying Knee+1","Dagger Throw+1"],"picked":"Backflip","floor":18},{"not_picked":["Calculated Gamble","All Out Attack+1"],"picked":"Quick Slash+1","floor":20},{"not_picked":["Prepared","Masterful Stab+1"],"picked":"Quick Slash+1","floor":21},{"not_picked":["Venomology","Poisoned Stab+1"],"picked":"Dodge and Roll+1","floor":25},{"not_picked":["Outmaneuver","Bane+1"],"picked":"Infinite Blades","floor":31},{"not_picked":["Bullet Time","Die Die Die+1"],"picked":"Glass Knife+1","floor":33},{"not_picked":["Acrobatics","Slice+1"],"picked":"Backflip","floor":35},{"not_picked":["Underhanded Strike+1","Quick Slash+1"],"picked":"Footwork","floor":36}],"player_experience":243869,"relics_obtained":[{"floor":9.0,"key":"Oddly Smooth Stone"},{"floor":10.0,"key":"Molten Egg 2"},{"floor":13.0,"key":"Odd Mushroom"},{"floor":14.0,"key":"Calipers"},{"floor":25,"key":"Torii"},{"floor":26,"key":"Meat on the Bone"}],"event_choices":[{"event_name":"Mushrooms","player_choice":"Fought Mushrooms","floor":13.0,"damage_taken":0.0},{"event_name":"Nest","player_choice":"Stole From Cult","floor":19,"damage_taken":0},{"event_name":"Drug Dealer","player_choice":"Got JAXXED","floor":24,"damage_taken":0},{"event_name":"Beggar","player_choice":"Gave Gold","floor":28,"damage_taken":0},{"event_name":"FaceTrader","player_choice":"Trade","floor":38,"damage_taken":0}],"is_beta":false,"boss_relics":[{"not_picked":["WristBlade","Busted Crown"],"picked":"Sozu"},{"not_picked":["Black Star","Runic Dome"],"picked":"Lizard Tail"}],"items_purged_floors":[22,37],"is_endless":false,"potions_floor_spawned":[3,12,13,14,16,18,25,31],"killed_by":"Transient","ascension_level":6}