{"gold_per_floor":[119,119,119,136,156,156,171,206,252,278,278,193,193,208,208,285,285,304,354,354,7,44,44,44],"floor_reached":24,"playtime":850,"items_purged":["Decay"],"score":408,"play_id":"c9aa5945-f1c5-432e-83dd-25716f7dc506","local_time":"20190704235723","is_ascension_mode":true,"campfire_choices":[{"data":"Bash","floor":6,"key":"SMITH"},{"data":"Armaments","floor":11,"key":"SMITH"},{"data":"Evolve","floor":13,"key":"SMITH"},{"data":"Searing Blow","floor":15,"key":"SMITH"},{"data":"Corruption","floor":23,"key":"SMITH"}],"neow_cost":"NONE","seed_source_timestamp":5916437423258981,"circlet_count":0,"master_deck":["AscendersBane","Strike_R","Strike_R","Strike_R","Strike_R","Defend_R","Defend_R","Defend_R","Defend_R","Bash+1","Armaments+1","Shrug It Off","Flame Barrier","Searing Blow+1","Infernal Blade+1","Evolve+1","True Grit+1","Dark Embrace","Power Through+1","HandOfGreed","Power Through+1","Corruption+1"],"relics":["Burning Blood","NeowsBlessing","Toxic Egg 2","Red Skull","Potion Belt","Coffee Dripper"],"potions_floor_usage":[8,16,18,24],"damage_taken":[{"damage":0,"enemies":"Jaw Worm","floor":1,"turns":1},{"damage":0,"enemies":"Small Slimes","floor":4,"turns":1},{"damage":0,"enemies":"2 Louse","floor":5,"turns":2},{"damage":1,"enemies":"Looter","floor":7,"turns":5},{"damage":35,"enemies":"3 Sentries","floor":8,"turns":11},{"damage":8,"enemies":"Gremlin Nob","floor":10,"turns":3},{"damage":19,"enemies":"Large Slime","floor":14,"turns":4},{"damage":18,"enemies":"The Guardian","floor":16,"turns":16},{"damage":40,"enemies":"2 Thieves","floor":18,"turns":5},{"damage":5,"enemies":"Spheric Guardian","floor":22,"turns":5},{"damage":40,"enemies":"Gremlin Leader","floor":24,"turns":10}],"seed_played":"-5379184821152522950","potions_obtained":[{"floor":4,"key":"Explosive Potion"},{"floor":7,"key":"FairyPotion"},{"floor":8,"key":"Explosive Potion"},{"floor":14,"key":"Fire Potion"},{"floor":18,"key":"AttackPotion"}],"is_trial":false,"path_per_floor":["M","?","?","M","M","R","M","E","T","E","R","$","R","M","R","B",null,"M","?","?","$","M","R","E"],"character_chosen":"IRONCLAD","items_purchased":["Evolve","HandOfGreed","Power Through+1"],"campfire_rested":0,"item_purchase_floors":[12,21,21],"current_hp_per_floor":[74,74,67,73,75,75,75,46,46,44,44,44,44,31,31,19,61,27,27,27,27,28,28,0],"gold":44,"neow_bonus":"THREE_ENEMY_KILL","is_prod":false,"is_daily":false,"chose_seed":false,"campfire_upgraded":5,"win_rate":0,"timestamp":1562299043,"path_taken":["M","?","?","M","M","R","M","E","T","E","R","$","R","M","R","BOSS","M","?","?","$","M","R","E"],"build_version":"2019-07-01","purchased_purges":1,"victory":false,"max_hp_per_floor":[75,75,75,75,75,75,75,75,75,75,75,75,75,75,75,75,75,75,75,75,75,75,75,75],"card_choices":[{"not_picked":["Flex","Corruption"],"picked":"Armaments","floor":1},{"not_picked":["Iron Wave","Thunderclap"],"picked":"Shrug It Off","floor":4},{"not_picked":["Iron Wave","Shrug It Off"],"picked":"Flame Barrier","floor":5},{"not_picked":["Perfected Strike","Offering"],"picked":"Searing Blow","floor":7},{"not_picked":["Dual Wield","Sword Boomerang"],"picked":"Infernal Blade","floor":8},{"not_picked":["Pommel Strike","Rupture","Clash"],"picked":"SKIP","floor":10},{"not_picked":["Shrug It Off+1","Perfected Strike"],"picked":"True Grit+1","floor":14},{"not_picked":["Berserk","Reaper"],"picked":"Dark Embrace","floor":16},{"not_picked":["Entrench+1","Wild Strike"],"picked":"Power Through+1","floor":18},{"not_picked":["Shrug It Off+1","Pommel Strike"],"picked":"Corruption","floor":22}],"player_experience":868457,"relics_obtained":[{"floor":8,"key":"Toxic Egg 2"},{"floor":9,"key":"Red Skull"},{"floor":10,"key":"Potion Belt"}],"event_choices":[{"damage_healed":0,"gold_gain":0,"player_choice":"Ignored","damage_taken":0,"max_hp_gain":0,"max_hp_loss":0,"event_name":"Liars Game","floor":2,"gold_loss":0},{"cards_removed":["Strike_R"],"damage_healed":0,"gold_gain":0,"player_choice":"Card Removal","damage_taken":7,"max_hp_gain":0,"max_hp_loss":0,"event_name":"Golden Wing","floor":3,"gold_loss":0},{"damage_healed":0,"gold_gain":50,"player_choice":"Stole From Cult","damage_taken":0,"max_hp_gain":0,"max_hp_loss":0,"event_name":"Nest","floor":19,"gold_loss":0},{"damage_healed":0,"gold_gain":0,"player_choice":"Smashed Altar","damage_taken":0,"max_hp_gain":0,"max_hp_loss":0,"event_name":"Forgotten Altar","floor":20,"gold_loss":0,"cards_obtained":["Decay"]}],"is_beta":false,"boss_relics":[{"not_picked":["Black Blood","Eternal Feather"],"picked":"Coffee Dripper"}],"items_purged_floors":[21],"is_endless":false,"potions_floor_spawned":[4,7,8,14,18],"killed_by":"Gremlin Leader","ascension_level":20}