{"gold_per_floor":[118,118,118,118,133,169,184,184,184,220,220,234,250,274,274,274],"floor_reached":16,"playtime":448,"items_purged":[],"score":274,"play_id":"d4c15106-48f5-4420-939b-2a3b76a0b742","local_time":"20190510223925","is_ascension_mode":true,"campfire_choices":[{"floor":11,"key":"REST"},{"data":"Noxious Fumes","floor":15,"key":"SMITH"}],"neow_cost":"NONE","seed_source_timestamp":1161101348052068,"circlet_count":0,"master_deck":["AscendersBane","Defend_G","Defend_G","Defend_G","Defend_G","Defend_G","Strike_G","Strike_G","Strike_G","Strike_G","Strike_G","Survivor","Neutralize","Dagger Throw","Flying Knee","Infinite Blades","Dodge and Roll","Backflip","Noxious Fumes+1"],"relics":["Ring of the Snake","NeowsBlessing","Golden Idol","Pear","Bird Faced Urn","Regal Pillow"],"potions_floor_usage":[10,13,16,16,16,16],"damage_taken":[{"damage":0,"enemies":"2 Louse","floor":1,"turns":1},{"damage":0,"enemies":"Small Slimes","floor":5,"turns":1},{"damage":0,"enemies":"Gremlin Nob","floor":6,"turns":1},{"damage":0,"enemies":"Cultist","floor":7,"turns":3},{"damage":35,"enemies":"Lagavulin","floor":10,"turns":8},{"damage":4,"enemies":"Blue Slaver","floor":12,"turns":6},{"damage":6,"enemies":"Looter","floor":13,"turns":3},{"damage":11,"enemies":"Lots of Slimes","floor":14,"turns":7},{"damage":55,"enemies":"Hexaghost","floor":16,"turns":11}],"seed_played":"-1595161734911983479","potions_obtained":[{"floor":6,"key":"AttackPotion"},{"floor":10,"key":"Ancient Potion"},{"floor":12,"key":"Fire Potion"},{"floor":13,"key":"EntropicBrew"}],"is_trial":false,"path_per_floor":["M","?","?","$","M","E","M","?","T","E","R","M","M","M","R","B"],"character_chosen":"THE_SILENT","items_purchased":[],"campfire_rested":1,"item_purchase_floors":[],"current_hp_per_floor":[59,59,36,36,36,46,46,46,46,13,50,48,42,33,33,0],"gold":274,"neow_bonus":"THREE_ENEMY_KILL","is_prod":false,"is_daily":false,"chose_seed":false,"campfire_upgraded":1,"win_rate":0,"timestamp":1557542365,"path_taken":["M","?","?","$","M","E","M","?","T","E","R","M","M","M","R","BOSS"],"build_version":"2019-01-23","purchased_purges":0,"victory":false,"max_hp_per_floor":[66,66,66,66,66,76,76,76,76,76,76,76,76,76,76,76],"card_choices":[{"not_picked":["Slice","Deflect"],"picked":"Dagger Throw","floor":1},{"not_picked":["Outmaneuver","Well Laid Plans"],"picked":"Flying Knee","floor":5},{"not_picked":["Dagger Throw","Poisoned Stab"],"picked":"Infinite Blades","floor":6},{"not_picked":["Eviscerate","Outmaneuver","Bane"],"picked":"SKIP","floor":7},{"not_picked":["Doppelganger","Distraction"],"picked":"Dodge and Roll","floor":10},{"not_picked":["Acrobatics","Underhanded Strike"],"picked":"Backflip","floor":12},{"not_picked":["Cloak And Dagger","Bullet Time"],"picked":"Noxious Fumes","floor":13},{"not_picked":["Outmaneuver","Heel Hook","Finisher"],"picked":"SKIP","floor":14}],"player_experience":682491,"relics_obtained":[{"floor":6,"key":"Pear"},{"floor":9,"key":"Bird Faced Urn"},{"floor":10,"key":"Regal Pillow"}],"event_choices":[{"damage_healed":0,"gold_gain":0,"player_choice":"Leave","damage_taken":0,"max_hp_gain":0,"max_hp_loss":0,"event_name":"The Cleric","floor":2,"gold_loss":0},{"damage_healed":0,"gold_gain":0,"player_choice":"Take Damage","damage_taken":23,"relics_obtained":["Golden Idol"],"max_hp_gain":0,"max_hp_loss":0,"event_name":"Golden Idol","floor":3,"gold_loss":0},{"damage_healed":0,"gold_gain":0,"player_choice":"Ignored","damage_taken":0,"max_hp_gain":0,"max_hp_loss":0,"event_name":"Liars Game","floor":8,"gold_loss":0}],"is_beta":false,"boss_relics":[],"items_purged_floors":[],"is_endless":false,"potions_floor_spawned":[6,10,12,13,14],"killed_by":"Hexaghost","ascension_level":20}