{"gold_per_floor":[111,36,52,52,62,62,90,90,138,138,63,79,92,106,106,179,179,194,94,124,104,116,116,77,77,77,102,116,143,158,158],"floor_reached":31,"playtime":822,"items_purged":["Strike_B","Strike_B"],"score":560,"play_id":"34ac44f8-8c8b-45a9-8570-dbce45b3a597","local_time":"20190525183526","is_ascension_mode":true,"campfire_choices":[{"floor":6.0,"key":"REST"},{"data":"Genetic Algorithm","floor":8.0,"key":"SMITH"},{"data":"Darkness","floor":10.0,"key":"SMITH"},{"floor":15.0,"key":"REST"},{"floor":23,"key":"REST"},{"floor":25,"key":"REST"}],"neow_cost":"PERCENT_DAMAGE","seed_source_timestamp":225099155300,"circlet_count":0,"master_deck":["AscendersBane","Strike_B+1","Defend_B","Defend_B","Defend_B","Defend_B","Zap","Dualcast","Leap+1","Ball Lightning","Darkness+1","Genetic Algorithm+1","Barrage","Leap","Tempest","All For One","Darkness","Loop+1","Gash","Static Discharge","Hologram","White Noise+1","Genetic Algorithm+1"],"special_seed":0,"relics":["Cracked Core","Bird Faced Urn","Oddly Smooth Stone","Bronze Scales","Philosopher\u0027s Stone","Red Mask","Meat on the Bone","Dream Catcher","Toxic Egg 2"],"potions_floor_usage":[18,29,30,30],"damage_taken":[{"damage":4.0,"enemies":"Jaw Worm","floor":1.0,"turns":4.0},{"damage":4.0,"enemies":"Small Slimes","floor":3.0,"turns":6.0},{"damage":1.0,"enemies":"Cultist","floor":5.0,"turns":4.0},{"damage":0.0,"enemies":"Gremlin Nob","floor":7.0,"turns":3.0},{"damage":0.0,"enemies":"Red Slaver","floor":12.0,"turns":4.0},{"damage":17.0,"enemies":"Exordium Wildlife","floor":13.0,"turns":5.0},{"damage":1.0,"enemies":"3 Louse","floor":14.0,"turns":4.0},{"damage":17.0,"enemies":"The Guardian","floor":16.0,"turns":10.0},{"damage":12,"enemies":"3 Byrds","floor":18,"turns":2},{"damage":39,"enemies":"Masked Bandits","floor":20,"turns":4},{"damage":2,"enemies":"2 Thieves","floor":22,"turns":3},{"damage":42,"enemies":"Centurion and Healer","floor":28,"turns":5},{"damage":27,"enemies":"Book of Stabbing","floor":29,"turns":5},{"damage":20,"enemies":"Chosen and Byrds","floor":30,"turns":4},{"damage":27,"enemies":"Snecko","floor":31,"turns":3}],"seed_played":"690429918209275141","potions_obtained":[{"floor":3.0,"key":"EssenceOfSteel"},{"floor":7.0,"key":"LiquidBronze"},{"floor":21,"key":"PowerPotion"},{"floor":29,"key":"EssenceOfSteel"},{"floor":30,"key":"SpeedPotion"}],"is_trial":false,"path_per_floor":["M","?","M","?","M","R","E","R","T","R","$","M","M","M","R","B",null,"M","$","?","?","M","R","$","R","T","T","M","E","M","M"],"character_chosen":"DEFECT","items_purchased":["Static Discharge"],"campfire_rested":4,"item_purchase_floors":[24],"current_hp_per_floor":[42,42,38,17,16,37,37,37,37,37,37,37,20,19,40,23,59,47,47,8,8,8,29,29,50,50,50,24,15,13,0],"gold":158,"neow_bonus":"ONE_RARE_RELIC","is_prod":false,"is_daily":false,"chose_seed":false,"campfire_upgraded":2,"win_rate":0,"timestamp":1558805726,"path_taken":["M","?","M","?","M","R","E","R","T","R","$","M","M","M","R","BOSS","M","$","?","?","?","R","?","R","T","?","M","E","M","M"],"build_version":"2019-01-23","purchased_purges":2,"victory":false,"max_hp_per_floor":[71,71,71,71,71,71,71,71,71,71,71,71,71,71,71,71,71,71,71,71,71,71,71,71,71,71,71,71,71,71,71],"card_choices":[{"not_picked":["Redo","Coolheaded"],"picked":"Leap","floor":1.0},{"not_picked":["Beam Cell","Coolheaded"],"picked":"Ball Lightning","floor":3.0},{"not_picked":["Hologram","Conserve Battery"],"picked":"Darkness","floor":5.0},{"not_picked":["Hologram","Steam Power"],"picked":"Genetic Algorithm","floor":7.0},{"not_picked":["Conserve Battery","Stack"],"picked":"Barrage","floor":12.0},{"not_picked":["Stack","Chill"],"picked":"Leap","floor":13.0},{"not_picked":["Coolheaded","BootSequence"],"picked":"Tempest","floor":14.0},{"not_picked":["Reboot","Multi-Cast"],"picked":"All For One","floor":16.0},{"not_picked":["Scrape","Streamline"],"picked":"Darkness","floor":18},{"not_picked":["Storm","Chaos+1"],"picked":"Loop+1","floor":20},{"not_picked":["Beam Cell","Streamline"],"picked":"Gash","floor":22},{"not_picked":["Reinforced Body","Conserve Battery"],"picked":"Hologram","floor":28},{"not_picked":["Blizzard","Reprogram"],"picked":"White Noise","floor":29},{"not_picked":["Hologram+1","Cold Snap"],"picked":"Genetic Algorithm+1","floor":30}],"player_experience":1397022,"relics_obtained":[{"floor":7.0,"key":"Oddly Smooth Stone"},{"floor":9.0,"key":"Bronze Scales"},{"floor":20,"key":"Red Mask"},{"floor":26,"key":"Meat on the Bone"},{"floor":27,"key":"Dream Catcher"},{"floor":29,"key":"Toxic Egg 2"}],"event_choices":[{"cards_removed":["Strike_B"],"damage_healed":0.0,"max_hp_gain":0.0,"max_hp_loss":0.0,"gold_gain":0.0,"event_name":"The Cleric","player_choice":"Card Removal","floor":2.0,"gold_loss":75.0,"damage_taken":0.0},{"damage_healed":0.0,"max_hp_gain":0.0,"max_hp_loss":0.0,"gold_gain":0.0,"event_name":"Shining Light","player_choice":"Entered Light","floor":4.0,"gold_loss":0.0,"damage_taken":21.0,"cards_upgraded":["Leap","Strike_B"]},{"damage_healed":0,"gold_gain":0,"player_choice":"Fought Bandits","damage_taken":0,"max_hp_gain":0,"max_hp_loss":0,"event_name":"Masked Bandits","floor":20,"gold_loss":0},{"damage_healed":0,"gold_gain":0,"player_choice":"Bought 1 Potion","damage_taken":0,"max_hp_gain":0,"max_hp_loss":0,"event_name":"The Woman in Blue","floor":21,"gold_loss":0}],"is_beta":false,"boss_relics":[{"not_picked":["Nuclear Battery","Runic Dome"],"picked":"Philosopher\u0027s Stone"}],"items_purged_floors":[11,19],"is_endless":false,"potions_floor_spawned":[3,7,12,29,30],"killed_by":"Snecko","ascension_level":20}