{"gold_per_floor":[116,116,116,15,15,15,43,59,86,101,101,101,127,146,146,220,220,237,187,202,216,232,232,232,245,275,275,275,289,316,183,183,261,261,274,274,274,274,293,293],"floor_reached":40,"playtime":1662,"items_purged":["Strike_G"],"score":953,"play_id":"59d9d118-4e84-44f1-8e7c-ac1008203a1f","local_time":"20190224155852","is_ascension_mode":true,"campfire_choices":[{"data":"Masterful Stab","floor":11,"key":"SMITH"},{"data":"Blade Dance","floor":15,"key":"SMITH"},{"data":"Blade Dance","floor":23,"key":"SMITH"},{"floor":28,"key":"REST"},{"data":"Cloak And Dagger","floor":32,"key":"SMITH"}],"neow_cost":"NONE","seed_source_timestamp":706249594710800,"circlet_count":0,"master_deck":["AscendersBane","Defend_G+1","Defend_G","Defend_G","Defend_G","Defend_G","Strike_G","Strike_G","Strike_G","Survivor","Neutralize+1","Skewer+1","Backflip","Masterful Stab+1","Deflect","Blade Dance+1","Venomology","Blade Dance+1","Blade Dance+1","Bullet Time","Infinite Blades","Cloak And Dagger+1","Storm of Steel+1","Finesse"],"relics":["Ring of the Serpent","NeowsBlessing","Matryoshka","Art of War","Regal Pillow","Shuriken","Dead Branch","WristBlade","Boot","Tiny Chest","NlothsMask","Molten Egg 2"],"potions_floor_usage":[13,16,20,21,22,22,30,30,35,35,35],"damage_taken":[{"damage":0,"enemies":"2 Louse","floor":1,"turns":1},{"damage":0,"enemies":"Lagavulin","floor":7,"turns":1},{"damage":0,"enemies":"Small Slimes","floor":8,"turns":1},{"damage":1,"enemies":"Jaw Worm","floor":10,"turns":4},{"damage":0,"enemies":"Gremlin Nob","floor":13,"turns":2},{"damage":0,"enemies":"Large Slime","floor":14,"turns":4},{"damage":30,"enemies":"The Guardian","floor":16,"turns":10},{"damage":0,"enemies":"Chosen","floor":18,"turns":3},{"damage":0,"enemies":"3 Byrds","floor":20,"turns":3},{"damage":2,"enemies":"Centurion and Healer","floor":21,"turns":4},{"damage":0,"enemies":"Snake Plant","floor":22,"turns":2},{"damage":4,"enemies":"Chosen and Byrds","floor":25,"turns":4},{"damage":0,"enemies":"Centurion and Healer","floor":29,"turns":4},{"damage":3,"enemies":"Book of Stabbing","floor":30,"turns":3},{"damage":42,"enemies":"Collector","floor":33,"turns":7},{"damage":29,"enemies":"3 Shapes","floor":35,"turns":5},{"damage":0,"enemies":"Orb Walker","floor":39,"turns":2},{"damage":33,"enemies":"Nemesis","floor":40,"turns":2}],"seed_played":"9127233084922236106","potions_obtained":[{"floor":1,"key":"FearPotion"},{"floor":10,"key":"GhostInAJar"},{"floor":21,"key":"SteroidPotion"},{"floor":25,"key":"GhostInAJar"},{"floor":39,"key":"Dexterity Potion"}],"is_trial":false,"path_per_floor":["M","?","?","$","?","$","E","M","T","M","R","?","E","M","R","B",null,"M","?","M","M","M","R","?","M","T","?","R","M","E","$","R","B",null,"M","?","?","?","M","E"],"character_chosen":"THE_SILENT","items_purchased":["Backflip","Infinite Blades","Cloak And Dagger"],"campfire_rested":1,"item_purchase_floors":[4,31,31],"current_hp_per_floor":[59,39,39,39,39,39,39,39,39,38,38,38,38,38,38,8,52,52,52,52,50,50,50,50,46,46,46,66,66,63,63,63,21,55,26,26,26,26,26,0],"gold":293,"neow_bonus":"THREE_ENEMY_KILL","is_prod":false,"is_daily":false,"chose_seed":false,"campfire_upgraded":4,"win_rate":0,"timestamp":1551052732,"path_taken":["M","?","?","$","?","$","E","M","T","?","R","?","E","M","R","BOSS","M","?","M","M","?","R","?","?","T","?","R","?","E","?","R","BOSS","M","?","?","?","?","E"],"build_version":"2019-01-23","purchased_purges":1,"victory":false,"max_hp_per_floor":[66,66,66,66,66,66,66,66,66,66,66,66,66,66,66,66,66,66,66,66,66,66,66,66,66,66,66,66,66,66,66,66,66,66,66,66,66,66,66,66],"card_choices":[{"not_picked":["Quick Slash","Heel Hook"],"picked":"Skewer","floor":1},{"not_picked":["Leg Sweep","Accuracy"],"picked":"Sucker Punch","floor":7},{"not_picked":["PiercingWail","Deadly Poison","Blade Dance"],"picked":"SKIP","floor":8},{"not_picked":["Predator","Choke"],"picked":"Masterful Stab","floor":10},{"not_picked":["Heel Hook","Expertise"],"picked":"Deflect","floor":13},{"not_picked":["Backstab","Footwork"],"picked":"Blade Dance","floor":14},{"not_picked":["Envenom","Bullet Time"],"picked":"Venomology","floor":16},{"not_picked":["Dagger Throw","Footwork"],"picked":"Blade Dance+1","floor":18},{"not_picked":["Finisher","Dodge and Roll","Slice"],"picked":"SKIP","floor":20},{"not_picked":["Deflect","Dodge and Roll","Reflex"],"picked":"SKIP","floor":21},{"not_picked":["Dagger Spray","Deflect"],"picked":"Blade Dance","floor":22},{"not_picked":["Outmaneuver","Dodge and Roll"],"picked":"Bullet Time","floor":25},{"not_picked":["Dodge and Roll","Bane","Riddle With Holes"],"picked":"SKIP","floor":29},{"not_picked":["Tools of the Trade","Acrobatics","Bane"],"picked":"SKIP","floor":30},{"not_picked":["Bullet Time","Glass Knife+1"],"picked":"Storm of Steel","floor":33},{"not_picked":["Accuracy","Skewer+1","Heel Hook+1"],"picked":"SKIP","floor":35},{"not_picked":["Madness","Dark Shackles"],"picked":"Finesse","floor":37},{"not_picked":["Tactician+1","Leg Sweep","PiercingWail"],"picked":"SKIP","floor":39}],"player_experience":1198153,"relics_obtained":[{"floor":7,"key":"Matryoshka"},{"floor":9,"key":"Art of War"},{"floor":9,"key":"Regal Pillow"},{"floor":13,"key":"Dead Branch"},{"floor":26,"key":"Tiny Chest"},{"floor":30,"key":"Molten Egg 2"}],"event_choices":[{"damage_healed":0,"gold_gain":0,"player_choice":"Entered Light","damage_taken":20,"max_hp_gain":0,"max_hp_loss":0,"event_name":"Shining Light","floor":2,"gold_loss":0,"cards_upgraded":["Defend_G","Neutralize"]},{"damage_healed":0,"gold_gain":0,"player_choice":"Grow","damage_taken":0,"max_hp_gain":0,"max_hp_loss":0,"event_name":"Living Wall","floor":3,"gold_loss":0,"cards_upgraded":["Skewer"]},{"damage_healed":0,"gold_gain":0,"player_choice":"Leave","damage_taken":0,"max_hp_gain":0,"max_hp_loss":0,"event_name":"The Cleric","floor":5,"gold_loss":0},{"damage_healed":0,"gold_gain":0,"player_choice":"Searched \u00271\u0027 times","damage_taken":0,"relics_obtained":["Shuriken"],"max_hp_gain":0,"max_hp_loss":0,"event_name":"Dead Adventurer","floor":12,"gold_loss":0},{"damage_healed":0,"gold_gain":0,"player_choice":"Bet on Murderer","damage_taken":0,"max_hp_gain":0,"max_hp_loss":0,"event_name":"The Joust","floor":19,"gold_loss":50},{"cards_removed":["Sucker Punch"],"damage_healed":0,"gold_gain":0,"player_choice":"Gave Card","damage_taken":0,"relics_obtained":["Boot"],"max_hp_gain":0,"max_hp_loss":0,"event_name":"WeMeetAgain","floor":24,"gold_loss":0},{"damage_healed":0,"gold_gain":0,"player_choice":"Trade","damage_taken":0,"relics_obtained":["NlothsMask"],"max_hp_gain":0,"max_hp_loss":0,"event_name":"FaceTrader","floor":27,"gold_loss":0},{"cards_removed":["Strike_G"],"damage_healed":0,"gold_gain":0,"player_choice":"Removed Attack","damage_taken":0,"max_hp_gain":0,"max_hp_loss":0,"event_name":"Falling","floor":36,"gold_loss":0},{"damage_healed":0,"gold_gain":0,"player_choice":"Memory 1","damage_taken":0,"max_hp_gain":0,"max_hp_loss":0,"event_name":"SensoryStone","floor":37,"gold_loss":0},{"damage_healed":0,"gold_gain":0,"player_choice":"Forge","damage_taken":0,"max_hp_gain":0,"max_hp_loss":0,"event_name":"Accursed Blacksmith","floor":38,"gold_loss":0,"cards_upgraded":["Storm of Steel"]}],"is_beta":false,"boss_relics":[{"not_picked":["Fusion Hammer","Busted Crown"],"picked":"WristBlade"},{"not_picked":["Tiny House","Empty Cage"],"picked":"Ring of the Serpent"}],"items_purged_floors":[4],"is_endless":false,"potions_floor_spawned":[1,10,21,25,29,33,39],"killed_by":"Nemesis","ascension_level":20}