{"gold_per_floor":[113,113,38,63,77,97,97,111,111,111,141,141,153,186,186,261,261,231,81,81,81,93,93,93,93,93,93,123,139,139,154,154,154],"floor_reached":33,"playtime":1004,"items_purged":["Strike_R","Strike_R"],"score":621,"play_id":"fc5cdd5f-5d8f-4cc1-bbd5-6218551fab53","local_time":"20190510183827","is_ascension_mode":true,"campfire_choices":[{"data":"Bash","floor":7.0,"key":"SMITH"},{"data":"Fiend Fire","floor":10.0,"key":"SMITH"},{"data":"Pommel Strike","floor":12.0,"key":"SMITH"},{"data":"Bloodletting","floor":15.0,"key":"SMITH"},{"data":"Pommel Strike","floor":23.0,"key":"SMITH"},{"data":"Shrug It Off","floor":25.0,"key":"SMITH"},{"data":"Uppercut","floor":30.0,"key":"SMITH"},{"data":"Limit Break","floor":32.0,"key":"SMITH"}],"neow_cost":"NONE","seed_source_timestamp":0,"circlet_count":0,"master_deck":["AscendersBane","Strike_R","Strike_R+1","Defend_R","Defend_R","Defend_R","Defend_R","Bash+1","Shrug It Off","Pommel Strike+1","Fiend Fire+1","Bloodletting+1","Shrug It Off+1","Limit Break+1","Feed+1","Battle Trance","Pommel Strike+1","Uppercut+1","Dropkick","Shrug It Off"],"special_seed":0,"relics":["Burning Blood","Blood Vial","Ornamental Fan","Red Skull","Kunai","White Beast Statue","Whetstone","Paper Frog","Oddly Smooth Stone"],"potions_floor_usage":[33],"damage_taken":[{"damage":10.0,"enemies":"Small Slimes","floor":1.0,"turns":4.0},{"damage":9.0,"enemies":"Cultist","floor":5.0,"turns":4.0},{"damage":0.0,"enemies":"Jaw Worm","floor":6.0,"turns":4.0},{"damage":8.0,"enemies":"Blue Slaver","floor":8.0,"turns":2.0},{"damage":26.0,"enemies":"Lagavulin","floor":11.0,"turns":6.0},{"damage":5.0,"enemies":"3 Louse","floor":13.0,"turns":4.0},{"damage":10.0,"enemies":"3 Sentries","floor":14.0,"turns":10.0},{"damage":58.0,"enemies":"The Guardian","floor":16.0,"turns":8.0},{"damage":13.0,"enemies":"2 Thieves","floor":18.0,"turns":4.0},{"damage":18.0,"enemies":"Spheric Guardian","floor":22.0,"turns":4.0},{"damage":3.0,"enemies":"Gremlin Leader","floor":28.0,"turns":4.0},{"damage":28.0,"enemies":"Snecko","floor":29.0,"turns":9.0},{"damage":0.0,"enemies":"Shelled Parasite and Fungi","floor":31.0,"turns":2.0},{"damage":60,"enemies":"Collector","floor":33,"turns":5}],"seed_played":"5927998096886679966","potions_obtained":[{"floor":1.0,"key":"SpeedPotion"},{"floor":5.0,"key":"Explosive Potion"},{"floor":16.0,"key":"Block Potion"},{"floor":18.0,"key":"Poison Potion"},{"floor":22.0,"key":"AttackPotion"},{"floor":28.0,"key":"GamblersBrew"},{"floor":29.0,"key":"PowerPotion"},{"floor":31.0,"key":"FearPotion"}],"is_trial":false,"path_per_floor":["M","?","$","T","M","M","R","M","T","R","E","R","M","E","R","B",null,"M","$","?","?","M","R","T","R","T","?","E","M","R","M","R","B"],"character_chosen":"IRONCLAD","items_purchased":["Pommel Strike"],"campfire_rested":0,"item_purchase_floors":[19],"current_hp_per_floor":[71,71,71,71,70,78,78,78,78,78,60,60,63,61,61,11,64,62,62,62,62,55,55,55,55,55,55,64,44,44,56,56,0],"gold":154,"neow_bonus":"TEN_PERCENT_HP_BONUS","is_prod":false,"is_daily":false,"chose_seed":false,"campfire_upgraded":8,"win_rate":0,"timestamp":1557509907,"path_taken":["M","?","$","?","?","M","R","M","T","R","E","R","M","E","R","BOSS","M","$","?","?","M","R","?","R","T","?","E","?","R","M","R","BOSS"],"build_version":"2019-01-23","purchased_purges":2,"victory":false,"max_hp_per_floor":[82,82,82,82,82,82,82,82,82,82,82,82,82,82,82,82,82,85,85,85,85,88,88,88,88,88,88,92,92,92,96,96,96],"card_choices":[{"not_picked":["Entrench","Flex"],"picked":"Shrug It Off","floor":1.0},{"not_picked":["Twin Strike","Shrug It Off"],"picked":"Pommel Strike","floor":5.0},{"not_picked":["Shrug It Off","Warcry"],"picked":"Fiend Fire","floor":6.0},{"not_picked":["Anger","Wild Strike"],"picked":"Bloodletting","floor":8.0},{"not_picked":["Cleave","Wild Strike","True Grit"],"picked":"SKIP","floor":11.0},{"not_picked":["True Grit","Battle Trance"],"picked":"Shrug It Off","floor":13.0},{"not_picked":["Shrug It Off","Clash"],"picked":"Limit Break","floor":14.0},{"not_picked":["Barricade","Juggernaut"],"picked":"Feed","floor":16.0},{"not_picked":["Metallicize","Corruption"],"picked":"Battle Trance","floor":18.0},{"not_picked":["Havoc","Sword Boomerang","Body Slam"],"picked":"SKIP","floor":22.0},{"not_picked":["Flex","Dropkick"],"picked":"Uppercut","floor":28.0},{"not_picked":["Pommel Strike","Intimidate+1"],"picked":"Dropkick","floor":29.0},{"not_picked":["Feel No Pain","Rampage"],"picked":"Shrug It Off","floor":31.0}],"player_experience":1347027,"relics_obtained":[{"floor":4.0,"key":"Blood Vial"},{"floor":9.0,"key":"Ornamental Fan"},{"floor":11.0,"key":"Red Skull"},{"floor":14.0,"key":"Kunai"},{"floor":24.0,"key":"Whetstone"},{"floor":26.0,"key":"Paper Frog"},{"floor":28.0,"key":"Oddly Smooth Stone"}],"event_choices":[{"cards_removed":["Strike_R"],"damage_healed":0.0,"max_hp_gain":0.0,"max_hp_loss":0.0,"gold_gain":0.0,"event_name":"Bonfire Elementals","player_choice":"Offered Basic","floor":2.0,"gold_loss":0.0,"damage_taken":0.0},{"damage_healed":0.0,"max_hp_gain":0.0,"max_hp_loss":0.0,"gold_gain":0.0,"event_name":"The Mausoleum","player_choice":"Ignored","floor":20.0,"gold_loss":0.0,"damage_taken":0.0},{"damage_healed":0.0,"max_hp_gain":0.0,"max_hp_loss":0.0,"gold_gain":0.0,"event_name":"Ghosts","player_choice":"Ignored","floor":21.0,"gold_loss":0.0,"damage_taken":0.0},{"damage_healed":0.0,"max_hp_gain":0.0,"max_hp_loss":0.0,"gold_gain":0.0,"event_name":"N\u0027loth","player_choice":"Ignored","floor":27.0,"gold_loss":0.0,"damage_taken":0.0}],"is_beta":false,"boss_relics":[{"not_picked":["Orrery","Lizard Tail"],"picked":"White Beast Statue"}],"items_purged_floors":[3,19],"is_endless":false,"potions_floor_spawned":[1,5,6,16,18,22,28,29,31],"killed_by":"Collector","ascension_level":20}