{"gold_per_floor":[116,126,140,93,268,300,300,300,300,327,345,345,361,375,375,473,473,443,456,456,105,124,124,144,144],"floor_reached":25,"playtime":1102,"items_purged":["Strike_R"],"score":312,"play_id":"c5008e01-df31-40bd-947c-e54ed926a5a7","local_time":"20190708150854","is_ascension_mode":true,"campfire_choices":[{"data":"Armaments","floor":7,"key":"SMITH"},{"floor":12,"key":"REST"},{"data":"True Grit","floor":15,"key":"SMITH"},{"floor":23,"key":"REST"}],"neow_cost":"NONE","seed_source_timestamp":55886556423718,"circlet_count":0,"master_deck":["Strike_R","Strike_R","Strike_R","Strike_R","Defend_R","Defend_R","Defend_R","Defend_R","Bash","Anger","Armaments+1","True Grit+1","Wild Strike","Rampage","Cleave","Evolve","Demon Form","Whirlwind","True Grit+1","Body Slam+1"],"relics":["Burning Blood","Dead Branch","Calipers","Shuriken","Eternal Feather","Red Skull"],"potions_floor_usage":[6,16,19,19,22,24,24,24],"damage_taken":[{"damage":3,"enemies":"Jaw Worm","floor":1,"turns":5},{"damage":0,"enemies":"Small Slimes","floor":2,"turns":3},{"damage":1,"enemies":"Cultist","floor":3,"turns":3},{"damage":31,"enemies":"Lagavulin","floor":6,"turns":9},{"damage":35,"enemies":"3 Sentries","floor":10,"turns":8},{"damage":2,"enemies":"Exordium Wildlife","floor":11,"turns":5},{"damage":3,"enemies":"Red Slaver","floor":13,"turns":4},{"damage":13,"enemies":"Lots of Slimes","floor":14,"turns":5},{"damage":48,"enemies":"Hexaghost","floor":16,"turns":11},{"damage":35,"enemies":"2 Thieves","floor":18,"turns":5},{"damage":34,"enemies":"Shell Parasite","floor":19,"turns":8},{"damage":17,"enemies":"Chosen and Byrds","floor":22,"turns":5},{"damage":30,"enemies":"Centurion and Healer","floor":24,"turns":8},{"damage":50,"enemies":"Snecko","floor":25,"turns":4}],"seed_played":"-1239522040855948130","potions_obtained":[{"floor":0,"key":"BloodPotion"},{"floor":0,"key":"Strength Potion"},{"floor":0,"key":"FearPotion"},{"floor":3,"key":"Weak Potion"},{"floor":10,"key":"GamblersBrew"},{"floor":16,"key":"Poison Potion"},{"floor":22,"key":"Block Potion"}],"is_trial":false,"path_per_floor":["M","M","M","$","?","E","R","?","T","E","M","R","M","M","R","B",null,"M","M","?","$","M","R","M","M"],"character_chosen":"IRONCLAD","items_purchased":["True Grit","BloodPotion","Red Skull","Dexterity Potion"],"campfire_rested":2,"item_purchase_floors":[4,21,21,21],"current_hp_per_floor":[75,80,80,80,80,55,55,55,55,26,30,54,57,50,50,28,67,38,10,10,10,19,55,31,0],"gold":144,"neow_bonus":"THREE_SMALL_POTIONS","is_prod":false,"is_daily":false,"chose_seed":false,"campfire_upgraded":2,"win_rate":0,"timestamp":1562569734,"path_taken":["M","M","M","$","?","E","R","?","T","E","M","R","M","?","R","BOSS","M","M","?","$","M","R","?","M"],"build_version":"2019-07-05","purchased_purges":1,"victory":false,"max_hp_per_floor":[80,80,80,80,80,80,80,80,80,80,80,80,80,80,80,80,80,80,80,80,80,80,80,80,80],"card_choices":[{"not_picked":["Clothesline","Evolve"],"picked":"Anger","floor":1},{"not_picked":["True Grit","Body Slam"],"picked":"Armaments","floor":2},{"not_picked":["Havoc","Hemokinesis","Fiend Fire"],"picked":"SKIP","floor":3},{"not_picked":["Sword Boomerang","Hemokinesis"],"picked":"Wild Strike","floor":6},{"not_picked":["Feel No Pain","Fire Breathing"],"picked":"Rampage","floor":10},{"not_picked":["Heavy Blade","Shrug It Off"],"picked":"Cleave","floor":11},{"not_picked":["Pommel Strike","Rampage"],"picked":"Evolve","floor":13},{"not_picked":["Combust","Iron Wave","Rampage"],"picked":"SKIP","floor":14},{"not_picked":["Brutality","Feed"],"picked":"Demon Form","floor":16},{"not_picked":["Headbutt","Evolve"],"picked":"Whirlwind","floor":18},{"not_picked":["Entrench+1","Iron Wave","Pommel Strike"],"picked":"SKIP","floor":19},{"not_picked":["Thunderclap","Warcry"],"picked":"Body Slam+1","floor":22},{"not_picked":["Sever Soul+1","Headbutt","Clothesline+1"],"picked":"SKIP","floor":24}],"player_experience":1030057,"relics_obtained":[{"floor":6,"key":"Dead Branch"},{"floor":9,"key":"Calipers"},{"floor":10,"key":"Shuriken"}],"event_choices":[{"damage_healed":0,"gold_gain":175,"player_choice":"AGREE","damage_taken":0,"max_hp_gain":0,"max_hp_loss":0,"event_name":"Liars Game","floor":5,"gold_loss":0,"cards_obtained":["Doubt"]},{"cards_removed":["Doubt"],"damage_healed":0,"gold_gain":0,"player_choice":"Forget","damage_taken":0,"max_hp_gain":0,"max_hp_loss":0,"event_name":"Living Wall","floor":8,"gold_loss":0},{"damage_healed":0,"gold_gain":0,"player_choice":"Copied","damage_taken":0,"max_hp_gain":0,"max_hp_loss":0,"event_name":"Duplicator","floor":20,"gold_loss":0,"cards_obtained":["True Grit"]}],"is_beta":false,"boss_relics":[{"not_picked":["Calling Bell","Pandora\u0027s Box"],"picked":"Eternal Feather"}],"items_purged_floors":[21],"is_endless":false,"potions_floor_spawned":[1,3,10,16,22],"killed_by":"Snecko","ascension_level":9}