{"gold_per_floor":[111,111,111,130,45,45,62,94,94,111,111,36,111,128,128,231,231,250,260,115,135,135,164,164],"floor_reached":24,"playtime":771,"items_purged":["Strike_G"],"score":227,"play_id":"690f0255-b37d-4efc-a61a-5654564619ad","local_time":"20190627215052","is_ascension_mode":true,"campfire_choices":[{"data":"Neutralize","floor":6,"key":"SMITH"},{"floor":11,"key":"REST"},{"floor":15,"key":"REST"}],"neow_cost":"NONE","seed_source_timestamp":4478917181418,"circlet_count":0,"master_deck":["Defend_G","Defend_G","Defend_G","Strike_G","Strike_G","Strike_G","Survivor","Neutralize+1","Footwork","Bane","Footwork","Footwork","Quick Slash","Envenom","Caltrops","Noxious Fumes","Backflip","Corpse Explosion","Catalyst+1","Dash+1","Bullet Time+1","Crippling Poison","Slice"],"relics":["Ring of the Snake","NeowsBlessing","Meat on the Bone","Matryoshka","Astrolabe","Blood Vial","The Courier"],"potions_floor_usage":[16,16,24],"damage_taken":[{"damage":0,"enemies":"2 Louse","floor":1,"turns":1},{"damage":0,"enemies":"Cultist","floor":4,"turns":1},{"damage":0,"enemies":"Jaw Worm","floor":7,"turns":1},{"damage":6,"enemies":"Gremlin Nob","floor":8,"turns":5},{"damage":9,"enemies":"3 Louse","floor":10,"turns":5},{"damage":11,"enemies":"Red Slaver","floor":14,"turns":6},{"damage":36,"enemies":"Hexaghost","floor":16,"turns":10},{"damage":3,"enemies":"3 Byrds","floor":18,"turns":3},{"damage":3,"enemies":"Chosen","floor":19,"turns":7},{"damage":9,"enemies":"Snecko","floor":21,"turns":7},{"damage":58,"enemies":"Slavers","floor":23,"turns":7},{"damage":26,"enemies":"Cultist and Chosen","floor":24,"turns":5}],"seed_played":"-3647898862618296160","potions_obtained":[{"floor":1,"key":"Strength Potion"},{"floor":7,"key":"EssenceOfSteel"},{"floor":19,"key":"SpeedPotion"},{"floor":23,"key":"Block Potion"}],"is_trial":false,"path_per_floor":["M","?","?","M","$","R","M","E","T","M","R","$","?","M","R","B",null,"M","M","$","M","?","E","M"],"character_chosen":"THE_SILENT","items_purchased":["Footwork","Quick Slash","Blood Vial"],"campfire_rested":2,"item_purchase_floors":[5,5,20],"current_hp_per_floor":[70,70,70,70,70,70,70,64,64,55,70,70,63,52,70,46,70,67,64,64,57,57,13,0],"gold":164,"neow_bonus":"THREE_ENEMY_KILL","is_prod":false,"is_daily":false,"chose_seed":false,"campfire_upgraded":1,"win_rate":0,"timestamp":1561697452,"path_taken":["M","?","?","M","$","R","?","E","T","M","R","$","?","M","R","BOSS","M","?","$","M","?","E","?"],"build_version":"2019-01-23","purchased_purges":1,"victory":false,"max_hp_per_floor":[70,70,70,70,70,70,70,70,70,70,70,70,70,70,70,70,70,70,70,70,70,70,70,70],"card_choices":[{"not_picked":["Dagger Spray","Deadly Poison"],"picked":"Footwork","floor":1},{"not_picked":["Masterful Stab","Underhanded Strike"],"picked":"Footwork","floor":4},{"not_picked":["Slice","Tactician"],"picked":"Envenom","floor":7},{"not_picked":["Bane","Calculated Gamble"],"picked":"Caltrops","floor":8},{"not_picked":["Acrobatics","PiercingWail"],"picked":"Noxious Fumes","floor":10},{"not_picked":["Distraction","Dagger Throw"],"picked":"Backflip","floor":14},{"not_picked":["Adrenaline","Venomology"],"picked":"Corpse Explosion","floor":16},{"not_picked":["Sucker Punch","Blade Dance"],"picked":"Crippling Poison","floor":18},{"not_picked":["Quick Slash","Eviscerate","Outmaneuver"],"picked":"SKIP","floor":19},{"not_picked":["Flechettes","Concentrate+1"],"picked":"Slice","floor":21},{"not_picked":["Calculated Gamble","Sucker Punch","Reflex+1"],"picked":"SKIP","floor":23}],"player_experience":258399,"relics_obtained":[{"floor":8,"key":"Meat on the Bone"},{"floor":9,"key":"Matryoshka"},{"floor":23,"key":"The Courier"}],"event_choices":[{"damage_healed":0,"gold_gain":0,"player_choice":"Ignored","damage_taken":0,"max_hp_gain":0,"max_hp_loss":0,"event_name":"Golden Wing","floor":2,"gold_loss":0},{"damage_healed":0,"gold_gain":0,"player_choice":"1 cards matched","damage_taken":0,"max_hp_gain":0,"max_hp_loss":0,"event_name":"Match and Keep!","floor":3,"gold_loss":0,"cards_obtained":["Bane"]},{"damage_healed":0,"gold_gain":75,"player_choice":"Touch","damage_taken":7,"max_hp_gain":0,"max_hp_loss":0,"event_name":"FaceTrader","floor":13,"gold_loss":0},{"damage_healed":0,"gold_gain":0,"player_choice":"0 cards matched","damage_taken":0,"max_hp_gain":0,"max_hp_loss":0,"event_name":"Match and Keep!","floor":22,"gold_loss":0,"cards_obtained":[]}],"is_beta":false,"boss_relics":[{"not_picked":["Fusion Hammer","Runic Pyramid"],"picked":"Astrolabe"}],"items_purged_floors":[12],"is_endless":false,"potions_floor_spawned":[1,7,19,23],"killed_by":"Cultist and Chosen","ascension_level":1}