{"gold_per_floor":[117,117,31,31,42,71,91,2,2,22,22,22,47,63,63,137,137,149,169,219,219,234,234,264,264,264,297,180,230,242,277,277,354,354,370,370,388,80,100,100,127,138,185,210,222,244,256,168,168,168,168,168,168,89,89],"floor_reached":55,"playtime":1965,"items_purged":["Writhe","Strike_B"],"score":2161,"play_id":"1387ede4-d606-49e4-b142-04e1aa934dd4","local_time":"20190701122745","is_ascension_mode":true,"campfire_choices":[{"data":"Zap","floor":12.0,"key":"SMITH"},{"data":"Defragment","floor":15.0,"key":"SMITH"},{"data":"Fission","floor":23.0,"key":"SMITH"},{"data":"Reboot","floor":25.0,"key":"SMITH"},{"data":"Genetic Algorithm","floor":32.0,"key":"SMITH"},{"data":"Defragment","floor":40.0,"key":"SMITH"},{"data":"Scrape","floor":45.0,"key":"SMITH"},{"data":"Skim","floor":47.0,"key":"SMITH"},{"floor":49.0,"key":"RECALL"},{"floor":53.0,"key":"REST"}],"neow_cost":"NONE","seed_source_timestamp":91108547342100,"circlet_count":0,"master_deck":["AscendersBane","Strike_B","Strike_B","Defend_B","Defend_B","Defend_B","Defend_B","Zap+1","Dualcast","Gash","Scrape+1","Rebound","Defragment+1","Steam","Reboot+1","Beam Cell+1","Defragment+1","Go for the Eyes+1","Fission+1","Cold Snap+1","Sweeping Beam+1","Compile Driver+1","Genetic Algorithm+1","Skim+1","Beam Cell+1","All For One+1","FTL+1","Defragment+1","Gash+1","Defragment+1","Gash+1","Gash+1","Gash+1","Leap","Skim+1","Scrape+1"],"special_seed":0,"relics":["FrozenCore","NeowsBlessing","Bag of Marbles","Meat on the Bone","Molten Egg 2","PreservedInsect","Shuriken","Cursed Key","Pear","Ornamental Fan","Omamori","Boot","Strange Spoon","Lantern","MawBank"],"potions_floor_usage":[],"damage_taken":[{"damage":0.0,"enemies":"Small Slimes","floor":1.0,"turns":1.0},{"damage":0.0,"enemies":"Cultist","floor":5.0,"turns":1.0},{"damage":0.0,"enemies":"3 Sentries","floor":6.0,"turns":1.0},{"damage":0.0,"enemies":"Jaw Worm","floor":7.0,"turns":3.0},{"damage":0.0,"enemies":"2 Fungi Beasts","floor":10.0,"turns":3.0},{"damage":11.0,"enemies":"Gremlin Nob","floor":13.0,"turns":3.0},{"damage":8.0,"enemies":"Exordium Wildlife","floor":14.0,"turns":3.0},{"damage":24.0,"enemies":"Hexaghost","floor":16.0,"turns":6.0},{"damage":13.0,"enemies":"3 Byrds","floor":18.0,"turns":4.0},{"damage":0.0,"enemies":"Spheric Guardian","floor":19.0,"turns":3.0},{"damage":34.0,"enemies":"Cultist and Chosen","floor":22.0,"turns":7.0},{"damage":0.0,"enemies":"Gremlin Leader","floor":24.0,"turns":2.0},{"damage":11.0,"enemies":"Slavers","floor":27.0,"turns":4.0},{"damage":12.0,"enemies":"Centurion and Healer","floor":30.0,"turns":7.0},{"damage":2.0,"enemies":"Gremlin Leader","floor":31.0,"turns":4.0},{"damage":20.0,"enemies":"Champ","floor":33.0,"turns":8.0},{"damage":27.0,"enemies":"3 Darklings","floor":35.0,"turns":4.0},{"damage":0.0,"enemies":"Orb Walker","floor":37.0,"turns":3.0},{"damage":12.0,"enemies":"Spire Growth","floor":39.0,"turns":3.0},{"damage":0.0,"enemies":"Giant Head","floor":41.0,"turns":5.0},{"damage":18.0,"enemies":"4 Shapes","floor":42.0,"turns":10.0},{"damage":0.0,"enemies":"Reptomancer","floor":44.0,"turns":2.0},{"damage":0.0,"enemies":"Writhing Mass","floor":46.0,"turns":4.0},{"damage":34.0,"enemies":"Time Eater","floor":50.0,"turns":10.0},{"damage":13.0,"enemies":"Awakened One","floor":51.0,"turns":6.0},{"damage":82,"enemies":"Shield and Spear","floor":55,"turns":3}],"seed_played":"4194624539027727417","potions_obtained":[{"floor":1.0,"key":"SkillPotion"},{"floor":5.0,"key":"EssenceOfSteel"},{"floor":14.0,"key":"SteroidPotion"},{"floor":39.0,"key":"SpeedPotion"},{"floor":46.0,"key":"Swift Potion"}],"is_trial":false,"path_per_floor":["M","?","$","T","M","E","M","$","T","M","?","R","E","M","R","B",null,"M","M","?","?","M","R","E","R","T","E","$","?","M","E","R","B",null,"M","?","M","$","M","R","E","M","T","E","R","M","R","$","R","B","B",null,"R","$","E"],"character_chosen":"DEFECT","items_purchased":["Scrape","Reboot","Skim","Gash+1","Strange Spoon","Defragment","Scrape+1"],"campfire_rested":1,"item_purchase_floors":[3,8,28,38,38,38,54],"current_hp_per_floor":[64,64,64,64,64,64,64,64,64,64,53,53,42,46,46,34,62,49,49,49,49,27,27,49,49,49,50,50,50,50,48,48,40,71,44,44,44,44,44,44,44,38,38,50,50,50,50,50,50,28,27,68,81,81,0],"gold":89,"neow_bonus":"THREE_ENEMY_KILL","is_prod":false,"is_daily":false,"chose_seed":false,"campfire_upgraded":8,"win_rate":0,"timestamp":1561980465,"path_taken":["M","?","$","?","?","E","M","?","T","M","?","R","E","M","R","BOSS","M","M","?","?","M","R","E","R","T","E","$","?","?","E","R","BOSS","M","?","M","$","?","R","E","?","T","E","R","M","R","$","R","BOSS","BOSS","R","$","E"],"build_version":"2019-01-23","purchased_purges":2,"victory":false,"max_hp_per_floor":[71,71,71,71,71,71,71,71,71,71,71,71,71,71,71,71,71,71,71,71,71,71,71,81,81,81,81,81,81,81,81,81,81,81,81,81,81,81,81,81,81,81,81,81,81,81,81,81,81,81,81,81,81,81,81],"card_choices":[{"not_picked":["Blizzard","Hologram"],"picked":"Gash","floor":1.0},{"not_picked":["Hologram","Auto Shields"],"picked":"Rebound","floor":5.0},{"not_picked":["Genetic Algorithm","Blizzard"],"picked":"Defragment","floor":6.0},{"not_picked":["Chaos","Reinforced Body"],"picked":"Steam","floor":7.0},{"not_picked":["Glacier","Chill"],"picked":"Beam Cell+1","floor":10.0},{"not_picked":["Cold Snap+1","Biased Cognition"],"picked":"Defragment","floor":13.0},{"not_picked":["Leap","Beam Cell+1"],"picked":"Go for the Eyes+1","floor":14.0},{"not_picked":["Buffer","Rainbow"],"picked":"Fission","floor":16.0},{"not_picked":["Hello World","Recycle+1"],"picked":"Cold Snap+1","floor":18.0},{"not_picked":["Undo","Leap","Loop"],"picked":"SKIP","floor":19.0},{"not_picked":["Turbo","Fusion"],"picked":"Sweeping Beam+1","floor":22.0},{"not_picked":["Stack","Hyperbeam+1"],"picked":"Compile Driver+1","floor":24.0},{"not_picked":["Steam Power+1","Double Energy"],"picked":"Genetic Algorithm","floor":27.0},{"not_picked":["BootSequence","Ball Lightning+1"],"picked":"Beam Cell+1","floor":30.0},{"not_picked":["Melter+1","Skim","Hologram"],"picked":"SKIP","floor":31.0},{"not_picked":["Seek","Rainbow"],"picked":"All For One+1","floor":33.0},{"not_picked":["Ball Lightning+1","Steam"],"picked":"FTL+1","floor":35.0},{"not_picked":["Chill","Turbo"],"picked":"Defragment+1","floor":37.0},{"not_picked":["Steam","Sunder+1"],"picked":"Gash+1","floor":39.0},{"not_picked":["Barrage+1","Compile Driver+1"],"picked":"Gash+1","floor":41.0},{"not_picked":["Hello World+1","Cold Snap+1"],"picked":"Gash+1","floor":42.0},{"not_picked":["Sunder+1","Heatsinks"],"picked":"Leap","floor":44.0},{"not_picked":["Multi-Cast","Blizzard+1"],"picked":"Skim+1","floor":46.0}],"player_experience":1514464,"relics_obtained":[{"floor":4.0,"key":"Bag of Marbles"},{"floor":6.0,"key":"Meat on the Bone"},{"floor":9.0,"key":"Molten Egg 2"},{"floor":13.0,"key":"Shuriken"},{"floor":24.0,"key":"Pear"},{"floor":26.0,"key":"Ornamental Fan"},{"floor":27.0,"key":"Omamori"},{"floor":31.0,"key":"Boot"},{"floor":41.0,"key":"Lantern"},{"floor":44.0,"key":"MawBank"}],"event_choices":[{"cards_removed":["Strike_B"],"damage_healed":0.0,"max_hp_gain":0.0,"max_hp_loss":0.0,"gold_gain":0.0,"event_name":"Bonfire Elementals","player_choice":"Offered Basic","floor":2.0,"gold_loss":0.0,"damage_taken":0.0},{"damage_healed":0.0,"max_hp_gain":0.0,"max_hp_loss":0.0,"gold_gain":0.0,"event_name":"Scrap Ooze","player_choice":"Success","floor":11.0,"gold_loss":0.0,"damage_taken":11.0,"relics_obtained":["PreservedInsect"]},{"damage_healed":0.0,"max_hp_gain":0.0,"max_hp_loss":0.0,"gold_gain":50.0,"event_name":"Nest","player_choice":"Stole From Cult","floor":20.0,"gold_loss":0.0,"damage_taken":0.0},{"damage_healed":0.0,"max_hp_gain":0.0,"max_hp_loss":0.0,"gold_gain":0.0,"event_name":"Cursed Tome","player_choice":"Ignored","floor":21.0,"gold_loss":0.0,"damage_taken":0.0},{"damage_healed":0.0,"max_hp_gain":0.0,"max_hp_loss":0.0,"gold_gain":100.0,"event_name":"The Joust","player_choice":"Bet on Murderer","floor":29.0,"gold_loss":50.0,"damage_taken":0.0},{"damage_healed":0.0,"max_hp_gain":0.0,"max_hp_loss":0.0,"gold_gain":0.0,"event_name":"Upgrade Shrine","player_choice":"Upgraded","floor":36.0,"gold_loss":0.0,"damage_taken":0.0,"cards_upgraded":["Defragment"]}],"is_beta":false,"boss_relics":[{"not_picked":["Empty Cage","Sozu"],"picked":"Cursed Key"},{"not_picked":["Astrolabe","Nuclear Battery"],"picked":"FrozenCore"}],"items_purged_floors":[28,48],"is_endless":false,"potions_floor_spawned":[1,5,6,14,22,24,30,31,39,44,46],"killed_by":"Shield and Spear","ascension_level":20}