{"gold_per_floor":[110,126,145,159,78,104,121,121,121,155,155,168,168,168,168,168],"floor_reached":16,"playtime":417,"items_purged":[],"score":196,"play_id":"e0349031-980f-466a-8e49-3ec7f3ef1f16","local_time":"20190127202432","is_ascension_mode":true,"campfire_choices":[{"data":"Bash","floor":8.0,"key":"SMITH"},{"floor":11,"key":"REST"},{"data":"Spot Weakness","floor":13,"key":"SMITH"},{"data":"Sword Boomerang","floor":15,"key":"SMITH"}],"neow_cost":"NONE","seed_source_timestamp":0,"circlet_count":0,"master_deck":["AscendersBane","Strike_R","Strike_R","Strike_R","Strike_R","Defend_R","Defend_R","Defend_R","Defend_R","Bash+1","Sword Boomerang","Spot Weakness+1","Twin Strike","Disarm","Flash of Steel","Clothesline","Shrug It Off+1","Sword Boomerang+1"],"special_seed":0,"relics":["Burning Blood","Singing Bowl","Toxic Egg 2","Anchor","Sundial"],"potions_floor_usage":[10,16],"damage_taken":[{"damage":13.0,"enemies":"Jaw Worm","floor":1.0,"turns":4.0},{"damage":3.0,"enemies":"Small Slimes","floor":2.0,"turns":4.0},{"damage":6.0,"enemies":"2 Louse","floor":3.0,"turns":2.0},{"damage":12.0,"enemies":"Looter","floor":4.0,"turns":3.0},{"damage":31.0,"enemies":"Gremlin Nob","floor":6.0,"turns":4.0},{"damage":11.0,"enemies":"Gremlin Gang","floor":7.0,"turns":5.0},{"damage":18,"enemies":"Lagavulin","floor":10,"turns":5},{"damage":4,"enemies":"Blue Slaver","floor":12,"turns":3},{"damage":29,"enemies":"Slime Boss","floor":16,"turns":5}],"seed_played":"-7583339132431782092","potions_obtained":[{"floor":4.0,"key":"Poison Potion"},{"floor":7.0,"key":"Energy Potion"},{"floor":10,"key":"Energy Potion"}],"is_trial":false,"path_per_floor":["M","M","M","M","$","E","M","R","T","E","R","M","R","?","R","B"],"character_chosen":"IRONCLAD","items_purchased":["Flash of Steel"],"campfire_rested":1,"item_purchase_floors":[5],"current_hp_per_floor":[61,64,64,58,58,33,30,30,30,18,41,43,43,25,25,0],"gold":168,"neow_bonus":"REMOVE_CARD","is_prod":false,"is_daily":false,"chose_seed":false,"campfire_upgraded":3,"win_rate":0,"timestamp":1548638672,"path_taken":["M","M","M","M","$","E","M","R","T","E","R","M","R","?","R","BOSS"],"build_version":"2019-01-23","purchased_purges":0,"victory":false,"max_hp_per_floor":[75,75,75,75,75,75,77,77,77,77,77,77,77,77,77,77],"card_choices":[{"not_picked":["Havoc","Headbutt"],"picked":"Sword Boomerang","floor":1.0},{"not_picked":["Clash","Twin Strike"],"picked":"Spot Weakness","floor":2.0},{"not_picked":["True Grit","Wild Strike"],"picked":"Twin Strike","floor":3.0},{"not_picked":["Bloodletting","Iron Wave"],"picked":"Disarm","floor":4.0},{"not_picked":["Rupture","Searing Blow"],"picked":"Clothesline","floor":6.0},{"not_picked":["Infernal Blade","Bloodletting","Searing Blow"],"picked":"Singing Bowl","floor":7.0},{"not_picked":["Body Slam","Dropkick"],"picked":"Shrug It Off+1","floor":10},{"not_picked":["Wild Strike","Bloodletting+1"],"picked":"Sword Boomerang","floor":12}],"player_experience":564348,"relics_obtained":[{"floor":6.0,"key":"Singing Bowl"},{"floor":9.0,"key":"Toxic Egg 2"},{"floor":10,"key":"Anchor"}],"event_choices":[{"damage_healed":0,"gold_gain":0,"player_choice":"Success","damage_taken":18,"relics_obtained":["Sundial"],"max_hp_gain":0,"max_hp_loss":0,"event_name":"Scrap Ooze","floor":14,"gold_loss":0}],"is_beta":false,"boss_relics":[],"items_purged_floors":[],"is_endless":false,"potions_floor_spawned":[4,7,10,12],"killed_by":"Slime Boss","ascension_level":15}