{"gold_per_floor":[99,99,99,99,99,99,99,99,99,99,99,99,99,99,99,99,99,99,99,99,10,10,10,10,10,10,10,10,10,10,10,10,10],"floor_reached":33,"playtime":1165,"items_purged":[],"score":579,"play_id":"bc1dc920-80f7-48f1-9b29-e56fde7d49fa","local_time":"20190406144016","is_ascension_mode":true,"campfire_choices":[{"floor":7.0,"key":"REST"},{"floor":15.0,"key":"REST"},{"data":"A Thousand Cuts","floor":23.0,"key":"SMITH"},{"floor":27.0,"key":"REST"},{"floor":30.0,"key":"REST"},{"floor":32.0,"key":"REST"}],"neow_cost":"NONE","seed_source_timestamp":0,"circlet_count":0,"master_deck":["AscendersBane","Defend_G","Defend_G","Defend_G","Defend_G","Defend_G","Strike_G+1","Strike_G","Strike_G+1","Strike_G","Survivor","Neutralize","Cloak And Dagger","Sucker Punch","Backstab","Cloak And Dagger","Cloak And Dagger","Cloak And Dagger","Flying Knee","A Thousand Cuts+1","Flying Knee","Footwork","Blade Dance","Sucker Punch"],"special_seed":0,"relics":["Ectoplasm","WarpedTongs","Whetstone","Regal Pillow","Shovel","Sozu","Blue Candle"],"potions_floor_usage":[33,33],"damage_taken":[{"damage":0.0,"enemies":"Jaw Worm","floor":1.0,"turns":5.0},{"damage":4.0,"enemies":"Cultist","floor":3.0,"turns":4.0},{"damage":2.0,"enemies":"2 Louse","floor":4.0,"turns":3.0},{"damage":44.0,"enemies":"Gremlin Nob","floor":6.0,"turns":5.0},{"damage":0.0,"enemies":"2 Fungi Beasts","floor":10.0,"turns":3.0},{"damage":3.0,"enemies":"Blue Slaver","floor":11.0,"turns":3.0},{"damage":0.0,"enemies":"Gremlin Gang","floor":12.0,"turns":5.0},{"damage":6.0,"enemies":"Lagavulin","floor":14.0,"turns":9.0},{"damage":25.0,"enemies":"The Guardian","floor":16.0,"turns":16.0},{"damage":15.0,"enemies":"Chosen","floor":18.0,"turns":6.0},{"damage":6.0,"enemies":"3 Byrds","floor":20.0,"turns":4.0},{"damage":2.0,"enemies":"Centurion and Healer","floor":24.0,"turns":6.0},{"damage":29.0,"enemies":"Shelled Parasite and Fungi","floor":25.0,"turns":5.0},{"damage":29.0,"enemies":"Snake Plant","floor":29.0,"turns":6.0},{"damage":32.0,"enemies":"Slavers","floor":31.0,"turns":6.0},{"damage":55,"enemies":"Automaton","floor":33,"turns":10}],"seed_played":"-1636182283966965579","potions_obtained":[{"floor":3.0,"key":"SneckoOil"},{"floor":10.0,"key":"GhostInAJar"}],"is_trial":false,"path_per_floor":["M","?","M","M","?","E","R","?","T","M","M","M","?","E","R","B",null,"M","?","M","$","?","R","M","M","T","R","?","M","R","E","R","B"],"character_chosen":"THE_SILENT","items_purchased":["Footwork"],"campfire_rested":5,"item_purchase_floors":[21],"current_hp_per_floor":[59,59,55,53,53,9,28,28,28,28,25,25,25,19,53,28,57,42,42,36,36,36,36,34,5,5,39,39,10,44,12,46,0],"gold":10,"neow_bonus":"BOSS_RELIC","is_prod":false,"is_daily":false,"chose_seed":false,"campfire_upgraded":1,"win_rate":0,"timestamp":1554576016,"path_taken":["M","?","?","M","?","E","R","?","T","M","M","M","?","E","R","BOSS","M","?","?","$","?","R","M","M","T","R","?","M","R","E","R","BOSS"],"build_version":"2019-01-23","purchased_purges":0,"victory":false,"max_hp_per_floor":[66,66,66,66,66,66,66,66,66,66,66,66,66,66,66,66,66,66,66,66,66,66,66,66,66,66,66,66,66,66,66,66,66],"card_choices":[{"not_picked":["PiercingWail","Concentrate"],"picked":"Cloak And Dagger","floor":1.0},{"not_picked":["Dodge and Roll","Backflip"],"picked":"Sucker Punch","floor":3.0},{"not_picked":["Deflect","Masterful Stab"],"picked":"Backstab","floor":4.0},{"not_picked":["Deflect","Accuracy"],"picked":"Cloak And Dagger","floor":6.0},{"not_picked":["Leg Sweep","Prepared"],"picked":"Cloak And Dagger","floor":10.0},{"not_picked":["Blade Dance","Reflex"],"picked":"Cloak And Dagger","floor":11.0},{"not_picked":["Reflex","Blur"],"picked":"Flying Knee","floor":12.0},{"not_picked":["Crippling Poison","Outmaneuver","Dagger Spray"],"picked":"SKIP","floor":14.0},{"not_picked":["Tools of the Trade","Envenom"],"picked":"A Thousand Cuts","floor":16.0},{"not_picked":["Deadly Poison","Bane"],"picked":"Flying Knee","floor":18.0},{"not_picked":["PiercingWail","Night Terror","Dagger Throw"],"picked":"SKIP","floor":20.0},{"not_picked":["Catalyst","Acrobatics","Outmaneuver"],"picked":"SKIP","floor":24.0},{"not_picked":["Masterful Stab","Outmaneuver"],"picked":"Blade Dance","floor":25.0},{"not_picked":["Dagger Spray","Expertise","Slice"],"picked":"SKIP","floor":29.0},{"not_picked":["Skewer","Night Terror"],"picked":"Sucker Punch","floor":31.0}],"player_experience":615126,"relics_obtained":[{"floor":6.0,"key":"Whetstone"},{"floor":9.0,"key":"Regal Pillow"},{"floor":14.0,"key":"Shovel"},{"floor":31.0,"key":"Blue Candle"}],"event_choices":[{"damage_healed":0.0,"max_hp_gain":0.0,"max_hp_loss":0.0,"gold_gain":0.0,"event_name":"Accursed Blacksmith","player_choice":"Rummage","floor":2.0,"gold_loss":0.0,"damage_taken":0.0,"relics_obtained":["WarpedTongs"],"cards_obtained":["Pain"]},{"cards_removed":["Pain"],"damage_healed":0.0,"max_hp_gain":0.0,"max_hp_loss":0.0,"gold_gain":0.0,"event_name":"Living Wall","player_choice":"Forget","floor":5.0,"gold_loss":0.0,"damage_taken":0.0},{"damage_healed":0.0,"max_hp_gain":0.0,"max_hp_loss":0.0,"gold_gain":0.0,"event_name":"Liars Game","player_choice":"Ignored","floor":8.0,"gold_loss":0.0,"damage_taken":0.0},{"damage_healed":0.0,"max_hp_gain":0.0,"max_hp_loss":0.0,"gold_gain":0.0,"event_name":"Scrap Ooze","player_choice":"Fled","floor":13.0,"gold_loss":0.0,"damage_taken":0.0},{"cards_removed":["Strike_G"],"damage_healed":0.0,"max_hp_gain":0.0,"max_hp_loss":0.0,"gold_gain":0.0,"event_name":"Purifier","player_choice":"Purged","floor":19.0,"gold_loss":0.0,"damage_taken":0.0},{"damage_healed":0.0,"max_hp_gain":0.0,"max_hp_loss":0.0,"gold_gain":0.0,"event_name":"Ghosts","player_choice":"Ignored","floor":22.0,"gold_loss":0.0,"damage_taken":0.0}],"is_beta":false,"boss_relics":[{"not_picked":["Snecko Eye","Cursed Key"],"picked":"Sozu"}],"items_purged_floors":[],"is_endless":false,"potions_floor_spawned":[3,10,14,16,18,20,24],"killed_by":"Automaton","ascension_level":20}