{"gold_per_floor":[117,117,61,74,88,88,120,120,168,168,179,195,195,219,219,295,295,313,325,305,320,320],"floor_reached":22,"playtime":1013,"items_purged":[],"score":372,"play_id":"33fbf994-6a93-4065-92c4-5b6045581ec9","local_time":"20190708170041","is_ascension_mode":true,"campfire_choices":[{"data":"Neutralize","floor":6.0,"key":"SMITH"},{"data":"Dagger Spray","floor":8.0,"key":"SMITH"},{"data":"Sucker Punch","floor":10.0,"key":"SMITH"},{"data":"Bouncing Flask","floor":15,"key":"SMITH"}],"neow_cost":"NONE","seed_source_timestamp":6236744201013456,"circlet_count":0,"master_deck":["AscendersBane","Strike_G","Strike_G","Strike_G","Strike_G","Strike_G","Defend_G","Defend_G","Defend_G","Defend_G","Defend_G","Survivor","Neutralize+1","Cloak And Dagger+1","Sucker Punch+1","Dash","Dagger Spray+1","Bouncing Flask+1","PiercingWail","Flying Knee","Adrenaline","Dash","Infinite Blades","Prepared","Blur","Caltrops","Backflip"],"special_seed":0,"relics":["Eternal Feather","Regal Pillow","Ancient Tea Set","Odd Mushroom","Orrery"],"potions_floor_usage":[14,22],"damage_taken":[{"damage":0.0,"enemies":"2 Louse","floor":1.0,"turns":4.0},{"damage":6.0,"enemies":"Small Slimes","floor":4.0,"turns":7.0},{"damage":5.0,"enemies":"Jaw Worm","floor":5.0,"turns":4.0},{"damage":43.0,"enemies":"Gremlin Nob","floor":7.0,"turns":5.0},{"damage":6.0,"enemies":"Red Slaver","floor":11.0,"turns":3.0},{"damage":16.0,"enemies":"Exordium Thugs","floor":12.0,"turns":6.0},{"damage":0,"enemies":"The Mushroom Lair","floor":14,"turns":4},{"damage":32,"enemies":"The Guardian","floor":16,"turns":12},{"damage":23,"enemies":"Chosen","floor":18,"turns":8},{"damage":0,"enemies":"3 Byrds","floor":19,"turns":5},{"damage":3,"enemies":"Snecko","floor":21,"turns":6},{"damage":29,"enemies":"Shelled Parasite and Fungi","floor":22,"turns":10}],"seed_played":"6599675493083088882","potions_obtained":[{"floor":4.0,"key":"Fire Potion"},{"floor":5.0,"key":"Energy Potion"},{"floor":7.0,"key":"Regen Potion"},{"floor":19,"key":"LiquidBronze"},{"floor":20,"key":"Poison Potion"}],"is_trial":false,"path_per_floor":["M","?","?","M","M","R","E","R","T","R","M","M","?","?","R","B",null,"M","M","?","M","M"],"character_chosen":"THE_SILENT","items_purchased":[],"campfire_rested":0,"item_purchase_floors":[],"current_hp_per_floor":[59,59,59,53,48,57,14,23,23,32,26,25,25,25,37,5,51,28,28,28,25,0],"gold":320,"neow_bonus":"BOSS_RELIC","is_prod":false,"is_daily":false,"chose_seed":false,"campfire_upgraded":4,"win_rate":0,"timestamp":1562619641,"path_taken":["M","?","?","M","M","R","E","R","T","R","M","M","?","?","R","BOSS","M","M","?","M","?"],"build_version":"2019-07-05","purchased_purges":0,"victory":false,"max_hp_per_floor":[66,66,66,66,66,66,66,66,66,66,66,66,66,66,66,66,66,66,66,66,66,66],"card_choices":[{"not_picked":["Dodge and Roll","Blur"],"picked":"Cloak And Dagger","floor":1.0},{"not_picked":["Eviscerate","Backflip"],"picked":"Sucker Punch","floor":4.0},{"not_picked":["Poisoned Stab","Sucker Punch"],"picked":"Dash","floor":5.0},{"not_picked":["Night Terror","Bouncing Flask"],"picked":"Dagger Spray","floor":7.0},{"not_picked":["Reflex","Deadly Poison"],"picked":"Bouncing Flask","floor":11.0},{"not_picked":["Cloak And Dagger","Dagger Throw"],"picked":"PiercingWail","floor":12.0},{"not_picked":["Distraction","Acrobatics"],"picked":"Flying Knee","floor":14},{"not_picked":["Grand Finale","Unload"],"picked":"Adrenaline","floor":16},{"not_picked":["Deflect","Quick Slash"],"picked":"Dash","floor":17},{"not_picked":["Acrobatics","Underhanded Strike"],"picked":"Infinite Blades","floor":17},{"not_picked":["Slice","Underhanded Strike"],"picked":"Prepared","floor":17},{"not_picked":["Underhanded Strike","Acrobatics"],"picked":"Blur","floor":17},{"not_picked":["Flying Knee","Cloak And Dagger"],"picked":"Caltrops","floor":18},{"not_picked":["Bane+1","Deflect"],"picked":"Backflip","floor":19},{"not_picked":["Poisoned Stab","Accuracy+1","Tactician+1"],"picked":"SKIP","floor":21}],"player_experience":918240,"relics_obtained":[{"floor":7.0,"key":"Regal Pillow"},{"floor":9.0,"key":"Ancient Tea Set"},{"floor":14,"key":"Odd Mushroom"}],"event_choices":[{"damage_healed":0.0,"max_hp_gain":0.0,"max_hp_loss":0.0,"gold_gain":0.0,"event_name":"Living Wall","player_choice":"Grow","floor":2.0,"gold_loss":0.0,"damage_taken":0.0,"cards_upgraded":["Cloak And Dagger"]},{"damage_healed":0.0,"max_hp_gain":0.0,"max_hp_loss":0.0,"gold_gain":0.0,"event_name":"World of Goop","player_choice":"Left Gold","floor":3.0,"gold_loss":56.0,"damage_taken":0.0},{"damage_healed":0,"gold_gain":0,"player_choice":"Searched \u00270\u0027 times","damage_taken":0,"max_hp_gain":0,"max_hp_loss":0,"event_name":"Dead Adventurer","floor":13,"gold_loss":0},{"damage_healed":0,"gold_gain":0,"player_choice":"Fought Mushrooms","damage_taken":0,"max_hp_gain":0,"max_hp_loss":0,"event_name":"Mushrooms","floor":14,"gold_loss":0},{"damage_healed":0,"gold_gain":0,"player_choice":"Bought 1 Potion","damage_taken":0,"max_hp_gain":0,"max_hp_loss":0,"event_name":"The Woman in Blue","floor":20,"gold_loss":0}],"is_beta":false,"boss_relics":[{"not_picked":["Lizard Tail","Empty Cage"],"picked":"Orrery"}],"items_purged_floors":[],"is_endless":false,"potions_floor_spawned":[4,5,7,19],"killed_by":"Shelled Parasite and Fungi","ascension_level":20}