{"gold_per_floor":[112,125,125,50,50,80,80,110,110,110,129,129,159,174,174,271,271,288,166,182,193,205,205,205,205,205,28,54,54,83,183,183,279,279,294,1,1,1],"floor_reached":39,"playtime":1245,"items_purged":["Writhe","Strike_R","Strike_R","Defend_R"],"score":907,"play_id":"824bdc57-5802-4867-b018-465fd21ddf96","local_time":"20190112154622","is_ascension_mode":true,"campfire_choices":[{"floor":7,"key":"REST"},{"data":"1","floor":10,"key":"LIFT"},{"data":"Whirlwind","floor":15,"key":"SMITH"},{"floor":23,"key":"REST"},{"data":"2","floor":25,"key":"LIFT"},{"data":"3","floor":29,"key":"LIFT"},{"floor":32,"key":"REST"}],"neow_cost":"CURSE","seed_source_timestamp":223996129062584,"circlet_count":0,"master_deck":["Strike_R","Strike_R","Defend_R","Defend_R","Defend_R","Bash","Metallicize","Whirlwind+1","Bash","Immolate","Feed","Seeing Red","Disarm","Barricade+1","Ghostly Armor+1","Flex","True Grit+1","Heavy Blade+1","Shrug It Off+1","Demon Form+1"],"relics":["Burning Blood","Girya","Paper Frog","Frozen Egg 2","Bag of Preparation","Centennial Puzzle","Mango","Snecko Eye","MutagenicStrength","Toxic Egg 2","Matryoshka","Omamori","StoneCalendar","Bottled Lightning","Philosopher\u0027s Stone","Ancient Tea Set"],"potions_floor_usage":[6,16,16,33,38,38,38],"damage_taken":[{"damage":7,"enemies":"Small Slimes","floor":1,"turns":4},{"damage":2,"enemies":"2 Louse","floor":2,"turns":2},{"damage":49,"enemies":"Lagavulin","floor":6,"turns":9},{"damage":9,"enemies":"Gremlin Nob","floor":8,"turns":4},{"damage":0,"enemies":"Cultist","floor":11,"turns":2},{"damage":4,"enemies":"Blue Slaver","floor":14,"turns":5},{"damage":50,"enemies":"Hexaghost","floor":16,"turns":9},{"damage":2,"enemies":"3 Byrds","floor":18,"turns":4},{"damage":18,"enemies":"2 Thieves","floor":20,"turns":3},{"damage":15,"enemies":"Centurion and Healer","floor":21,"turns":3},{"damage":10,"enemies":"Chosen and Byrds","floor":22,"turns":5},{"damage":23,"enemies":"Slavers","floor":28,"turns":5},{"damage":0,"enemies":"Gremlin Leader","floor":30,"turns":4},{"damage":12,"enemies":"Colosseum Slavers","floor":31,"turns":2},{"damage":3,"enemies":"Colosseum Nobs","floor":31,"turns":4},{"damage":0,"enemies":"Collector","floor":33,"turns":7},{"damage":12,"enemies":"3 Shapes","floor":35,"turns":1},{"damage":104,"enemies":"Donu and Deca","floor":38,"turns":7}],"seed_played":"3358677576172480926","potions_obtained":[{"floor":2,"key":"BloodPotion"},{"floor":8,"key":"LiquidBronze"},{"floor":11,"key":"EssenceOfSteel"},{"floor":16,"key":"Poison Potion"},{"floor":18,"key":"EssenceOfSteel"},{"floor":21,"key":"Explosive Potion"},{"floor":35,"key":"Regen Potion"}],"is_trial":false,"path_per_floor":["M","M","?","$","?","E","R","E","T","R","M","?","?","M","R","B",null,"M","$","M","M","M","R","?","R","T","$","E","R","E","?","R","B",null,"M","$","?","B",null],"character_chosen":"IRONCLAD","items_purchased":["Flex","True Grit+1","Ancient Tea Set"],"campfire_rested":3,"item_purchase_floors":[19,27,36],"current_hp_per_floor":[79,80,77,77,77,42,66,63,63,63,72,65,79,81,81,37,97,100,100,91,85,84,109,109,109,109,109,95,95,101,101,115,115,115,109,109,109,26],"gold":1,"neow_bonus":"ONE_RARE_RELIC","is_prod":false,"is_daily":false,"chose_seed":false,"campfire_upgraded":1,"win_rate":0,"timestamp":1547336782,"path_taken":["M","M","?","$","?","E","R","E","T","R","?","?","?","M","R","BOSS","M","$","M","M","M","R","?","R","T","$","E","R","E","?","R","BOSS","M","$","?","BOSS"],"build_version":"2019-01-10","purchased_purges":4,"victory":true,"max_hp_per_floor":[80,80,80,80,80,80,80,80,80,80,83,83,97,97,97,97,97,100,100,103,106,109,109,109,109,109,109,112,112,112,115,115,115,115,115,115,115,118],"card_choices":[{"not_picked":["Warcry","Armaments"],"picked":"Metallicize","floor":1},{"not_picked":["Burning Pact","Cleave"],"picked":"Whirlwind","floor":2},{"not_picked":["Metallicize","Cleave"],"picked":"Immolate","floor":6},{"not_picked":["Armaments","Shrug It Off"],"picked":"Feed","floor":8},{"not_picked":["Body Slam","Feel No Pain+1"],"picked":"Seeing Red","floor":11},{"not_picked":["True Grit","Power Through"],"picked":"Disarm","floor":14},{"not_picked":["Exhume","Offering"],"picked":"Barricade+1","floor":16},{"not_picked":["Armaments","Pommel Strike"],"picked":"Ghostly Armor+1","floor":18},{"not_picked":["True Grit+1","Clothesline+1","Headbutt"],"picked":"SKIP","floor":20},{"not_picked":["Searing Blow","Perfected Strike+1","Rage"],"picked":"SKIP","floor":21},{"not_picked":["Warcry+1","Clothesline","Headbutt"],"picked":"SKIP","floor":22},{"not_picked":["Feel No Pain+1","Disarm+1"],"picked":"Heavy Blade+1","floor":28},{"not_picked":["Dropkick","Wild Strike+1","Fire Breathing+1"],"picked":"SKIP","floor":30},{"not_picked":["Reckless Charge","Pummel+1"],"picked":"Shrug It Off+1","floor":31},{"not_picked":["Reaper","Berserk+1"],"picked":"Demon Form+1","floor":33},{"not_picked":["Anger","Feel No Pain+1","Shrug It Off+1"],"picked":"SKIP","floor":35}],"player_experience":121618,"relics_obtained":[{"floor":6,"key":"Frozen Egg 2"},{"floor":8,"key":"Bag of Preparation"},{"floor":9,"key":"Centennial Puzzle"},{"floor":26,"key":"Toxic Egg 2"},{"floor":28,"key":"Matryoshka"},{"floor":30,"key":"Omamori"},{"floor":31,"key":"StoneCalendar"},{"floor":31,"key":"Bottled Lightning"}],"event_choices":[{"damage_healed":0,"gold_gain":0,"player_choice":"Success","damage_taken":3,"relics_obtained":["Paper Frog"],"max_hp_gain":0,"max_hp_loss":0,"event_name":"Scrap Ooze","floor":3,"gold_loss":0},{"damage_healed":0,"gold_gain":0,"player_choice":"1 cards matched","damage_taken":0,"max_hp_gain":0,"max_hp_loss":0,"event_name":"Match and Keep!","floor":5,"gold_loss":0,"cards_obtained":["Bash"]},{"cards_removed":["Strike_R"],"damage_healed":0,"gold_gain":0,"player_choice":"Card Removal","damage_taken":7,"max_hp_gain":0,"max_hp_loss":0,"event_name":"Golden Wing","floor":12,"gold_loss":0},{"damage_healed":0,"gold_gain":30,"player_choice":"Searched \u00272\u0027 times","damage_taken":0,"relics_obtained":["Mango"],"max_hp_gain":0,"max_hp_loss":0,"event_name":"Dead Adventurer","floor":13,"gold_loss":0},{"damage_healed":0,"gold_gain":0,"player_choice":"Inject Mutagens","damage_taken":0,"relics_obtained":["MutagenicStrength"],"max_hp_gain":0,"max_hp_loss":0,"event_name":"Drug Dealer","floor":24,"gold_loss":0},{"damage_healed":0,"gold_gain":0,"player_choice":"Fight","damage_taken":0,"max_hp_gain":0,"max_hp_loss":0,"event_name":"Colosseum","floor":31,"gold_loss":0},{"damage_healed":0,"gold_gain":0,"player_choice":"Fought Nobs","damage_taken":0,"max_hp_gain":0,"max_hp_loss":0,"event_name":"Colosseum","floor":31,"gold_loss":0},{"damage_healed":0,"gold_gain":0,"player_choice":"Took Portal","damage_taken":0,"max_hp_gain":0,"max_hp_loss":0,"event_name":"SecretPortal","floor":37,"gold_loss":0}],"is_beta":false,"boss_relics":[{"not_picked":["Empty Cage","Orrery"],"picked":"Snecko Eye"},{"not_picked":["Runic Pyramid","Coffee Dripper"],"picked":"Philosopher\u0027s Stone"}],"items_purged_floors":[4,19,27,36],"is_endless":false,"potions_floor_spawned":[2,8,11,16,18,21,30,31,35],"ascension_level":1}