{"gold_per_floor":[115,115,115,130,140,140,150,166,193,210,239,239,239,268,268,373,373,392,232,232,245,245,245,262,262,262,262,282,148,148,148,148,243,243,257,274,233,233,233,233,233,249,249,249],"floor_reached":44,"playtime":1257,"items_purged":["Strike_B"],"score":406,"play_id":"aa1901ff-b502-41bf-8b3a-a4916fda3f55","local_time":"20190710161518","is_ascension_mode":false,"campfire_choices":[{"data":"Zap","floor":6.0,"key":"SMITH"},{"data":"Hologram","floor":15,"key":"SMITH"},{"floor":23,"key":"REST"},{"floor":25,"key":"REST"},{"data":"Capacitor","floor":27,"key":"SMITH"},{"data":"Thunder Strike","floor":32,"key":"SMITH"},{"floor":40,"key":"REST"}],"neow_cost":"NONE","seed_source_timestamp":6406589515266991,"circlet_count":0,"master_deck":["Defend_B+1","Defend_B","Defend_B","Zap+1","Dualcast","Conserve Battery","Compile Driver","Ball Lightning","Gash+1","Hologram+1","Thunder Strike+1","FTL","All For One","Hello World","Capacitor+1","Ball Lightning","Chaos+1","Genetic Algorithm","Sweeping Beam","Cold Snap","Flash of Steel","Sunder","Electrodynamics","Go for the Eyes","Loop","Mayhem","Go for the Eyes+1","Parasite"],"special_seed":0,"relics":["Velvet Choker"],"potions_floor_usage":[16,16,33,42,42],"damage_taken":[{"damage":1.0,"enemies":"Cultist","floor":1.0,"turns":4.0},{"damage":0.0,"enemies":"Jaw Worm","floor":4.0,"turns":4.0},{"damage":0.0,"enemies":"Small Slimes","floor":5.0,"turns":4.0},{"damage":0.0,"enemies":"2 Fungi Beasts","floor":7.0,"turns":4.0},{"damage":5.0,"enemies":"Exordium Thugs","floor":8.0,"turns":3.0},{"damage":0.0,"enemies":"3 Louse","floor":10.0,"turns":3.0},{"damage":9.0,"enemies":"3 Sentries","floor":11.0,"turns":7.0},{"damage":8,"enemies":"The Mushroom Lair","floor":14,"turns":4},{"damage":19,"enemies":"Hexaghost","floor":16,"turns":8},{"damage":13,"enemies":"Shell Parasite","floor":18,"turns":5},{"damage":27,"enemies":"3 Byrds","floor":21,"turns":6},{"damage":10,"enemies":"Snecko","floor":24,"turns":4},{"damage":20,"enemies":"Centurion and Healer","floor":28,"turns":8},{"damage":44,"enemies":"Automaton","floor":33,"turns":8},{"damage":4,"enemies":"Orb Walker","floor":35,"turns":4},{"damage":24,"enemies":"3 Darklings","floor":36,"turns":5},{"damage":59,"enemies":"Spire Growth","floor":42,"turns":6},{"damage":15,"enemies":"Writhing Mass","floor":44,"turns":2}],"seed_played":"-2716066745224660790","potions_obtained":[{"floor":4.0,"key":"LiquidBronze"},{"floor":7.0,"key":"Energy Potion"},{"floor":10.0,"key":"GamblersBrew"},{"floor":21,"key":"EssenceOfSteel"},{"floor":33,"key":"Weak Potion"},{"floor":35,"key":"AttackPotion"},{"floor":42,"key":"FocusPotion"}],"is_trial":false,"path_per_floor":["M","?","?","M","M","R","M","M","T","M","E","?","?","?","R","B",null,"M","$","?","M","?","R","M","R","T","R","M","$","?","$","R","B",null,"M","M","$","?","?","R","?","M","T","M"],"character_chosen":"DEFECT","items_purchased":["Capacitor","Ball Lightning","Flash of Steel","Sunder","Loop"],"campfire_rested":3,"item_purchase_floors":[19,19,29,29,37],"current_hp_per_floor":[74,67,67,67,67,67,67,62,62,62,53,38,38,30,30,11,75,62,62,62,35,35,57,47,69,69,69,49,49,49,49,49,5,75,71,47,47,47,47,68,68,9,9,0],"gold":249,"neow_bonus":"BOSS_RELIC","is_prod":false,"is_daily":false,"chose_seed":false,"campfire_upgraded":4,"win_rate":0,"timestamp":1562789718,"path_taken":["M","?","?","M","M","R","?","M","T","M","E","?","?","?","R","BOSS","M","$","?","M","?","R","M","R","T","R","M","$","?","$","R","BOSS","M","M","$","?","?","R","?","M","T","M"],"build_version":"2019-07-05","purchased_purges":1,"victory":false,"max_hp_per_floor":[75,75,75,75,75,75,75,75,75,75,75,75,75,75,75,75,75,75,75,75,75,75,75,75,75,75,75,75,75,75,75,75,75,75,75,75,75,75,71,71,71,71,71,71],"card_choices":[{"not_picked":["Barrage","Compile Driver","Hologram"],"picked":"SKIP","floor":1.0},{"not_picked":["Hologram","Beam Cell"],"picked":"Conserve Battery","floor":4.0},{"not_picked":["Steam","Coolheaded"],"picked":"Compile Driver","floor":5.0},{"not_picked":["Reboot","Chill"],"picked":"Ball Lightning","floor":7.0},{"not_picked":["Steam","Hologram"],"picked":"Gash","floor":8.0},{"not_picked":["Chaos","Sunder"],"picked":"Hologram","floor":10.0},{"not_picked":["Conserve Battery","Rip and Tear"],"picked":"Thunder Strike","floor":11},{"not_picked":["Barrage","Streamline"],"picked":"FTL","floor":14},{"not_picked":["Electrodynamics","Creative AI"],"picked":"All For One","floor":16},{"not_picked":["Tempest","Compile Driver"],"picked":"Hello World","floor":18},{"not_picked":["Double Energy","Hologram"],"picked":"Chaos+1","floor":21},{"not_picked":["Darkness","Rebound","Scrape"],"picked":"SKIP","floor":24},{"not_picked":["Turbo","Beam Cell"],"picked":"Cold Snap","floor":28},{"not_picked":["Cold Snap+1","Ball Lightning+1","Storm+1"],"picked":"SKIP","floor":35},{"not_picked":["Melter","Streamline+1"],"picked":"Go for the Eyes","floor":36},{"not_picked":["Bandage Up","Metamorphosis"],"picked":"Mayhem","floor":41},{"not_picked":["Coolheaded","Scrape+1"],"picked":"Go for the Eyes+1","floor":42}],"player_experience":944990,"relics_obtained":[],"event_choices":[{"cards_removed":["Strike_B"],"damage_healed":0.0,"max_hp_gain":0.0,"max_hp_loss":0.0,"gold_gain":0.0,"event_name":"Golden Wing","player_choice":"Card Removal","floor":2.0,"gold_loss":0.0,"damage_taken":7.0},{"cards_removed":["Strike_B"],"damage_healed":0.0,"max_hp_gain":0.0,"max_hp_loss":0.0,"gold_gain":0.0,"event_name":"Wheel of Change","player_choice":"Card Removal","floor":3.0,"gold_loss":0.0,"damage_taken":0.0},{"damage_healed":0,"gold_gain":0,"player_choice":"Entered Light","damage_taken":15,"max_hp_gain":0,"max_hp_loss":0,"event_name":"Shining Light","floor":12,"gold_loss":0,"cards_upgraded":["Defend_B","Gash"]},{"damage_healed":0,"gold_gain":0,"player_choice":"Ignored","damage_taken":0,"max_hp_gain":0,"max_hp_loss":0,"event_name":"Liars Game","floor":13,"gold_loss":0},{"damage_healed":0,"gold_gain":0,"player_choice":"Fought Mushrooms","damage_taken":0,"max_hp_gain":0,"max_hp_loss":0,"event_name":"Mushrooms","floor":14,"gold_loss":0},{"damage_healed":0,"gold_gain":0,"player_choice":"Ignored","damage_taken":0,"max_hp_gain":0,"max_hp_loss":0,"event_name":"The Mausoleum","floor":20,"gold_loss":0},{"damage_healed":0,"gold_gain":0,"cards_transformed":["Strike_B","Defend_B"],"player_choice":"Became Test Subject","damage_taken":0,"max_hp_gain":0,"max_hp_loss":0,"event_name":"Drug Dealer","floor":22,"gold_loss":0,"cards_obtained":["Genetic Algorithm","Sweeping Beam"]},{"damage_healed":0,"gold_gain":0,"player_choice":"Read","damage_taken":0,"max_hp_gain":0,"max_hp_loss":0,"event_name":"The Library","floor":30,"gold_loss":0,"cards_obtained":["Electrodynamics"]},{"damage_healed":0,"gold_gain":0,"player_choice":"Ignored","damage_taken":0,"max_hp_gain":0,"max_hp_loss":0,"event_name":"Mysterious Sphere","floor":38,"gold_loss":0},{"damage_healed":0,"gold_gain":0,"player_choice":"Max HP","damage_taken":0,"max_hp_gain":0,"max_hp_loss":4,"event_name":"Winding Halls","floor":39,"gold_loss":0},{"damage_healed":0,"gold_gain":0,"player_choice":"Memory 1","damage_taken":0,"max_hp_gain":0,"max_hp_loss":0,"event_name":"SensoryStone","floor":41,"gold_loss":0}],"is_beta":false,"boss_relics":[{"not_picked":["Cursed Key","Orrery","Tiny House"]},{"not_picked":["Philosopher\u0027s Stone","Calling Bell","Runic Pyramid"]}],"items_purged_floors":[19],"is_endless":false,"potions_floor_spawned":[4,7,10,21,33,35,42],"killed_by":"Writhing Mass","ascension_level":0}