{"gold_per_floor":[211,223,268,283,206,267,278,278,305,338,166,166,180,180,180,255,255,268,280,280,298,298,143,143,143,191,211,237,287,287,307,307,384,384,399,399,191,204,204],"floor_reached":39,"playtime":1225,"items_purged":["Strike_R"],"score":871,"play_id":"d79400ee-611a-4c1e-9bd5-ba1ba1e55356","local_time":"20190618192300","is_ascension_mode":true,"campfire_choices":[{"data":"Bash","floor":8.0,"key":"SMITH"},{"floor":15.0,"key":"REST"},{"data":"Spot Weakness","floor":24.0,"key":"SMITH"},{"data":"Fiend Fire","floor":30,"key":"SMITH"},{"floor":32,"key":"REST"}],"neow_cost":"NONE","seed_source_timestamp":4517416165616115,"circlet_count":0,"master_deck":["AscendersBane","Strike_R","Defend_R","Defend_R","Defend_R","Defend_R","Bash+1","Cleave","Shrug It Off","Sword Boomerang+1","Feed","Headbutt","Twin Strike+1","Blood for Blood","Pommel Strike","Impervious","Entrench+1","Spot Weakness+1","Fiend Fire+1","Clothesline","Twin Strike","Sword Boomerang","Fiend Fire","Entrench+1","Twin Strike+1","Whirlwind+1","Mayhem+1"],"special_seed":0,"relics":["Burning Blood","Red Skull","Tiny Chest","Lantern","Whetstone","Happy Flower","Vajra","Runic Pyramid","Frozen Egg 2","Pen Nib","Dream Catcher","Astrolabe"],"potions_floor_usage":[31,39],"damage_taken":[{"damage":1.0,"enemies":"Cultist","floor":1.0,"turns":3.0},{"damage":3.0,"enemies":"2 Louse","floor":2.0,"turns":3.0},{"damage":2.0,"enemies":"Jaw Worm","floor":4.0,"turns":4.0},{"damage":56.0,"enemies":"Gremlin Nob","floor":6.0,"turns":5.0},{"damage":6.0,"enemies":"2 Fungi Beasts","floor":7.0,"turns":2.0},{"damage":11.0,"enemies":"3 Sentries","floor":10.0,"turns":8.0},{"damage":12.0,"enemies":"Exordium Wildlife","floor":13.0,"turns":4.0},{"damage":43.0,"enemies":"The Guardian","floor":16.0,"turns":12.0},{"damage":32.0,"enemies":"Shell Parasite","floor":18.0,"turns":4.0},{"damage":11.0,"enemies":"Spheric Guardian","floor":19.0,"turns":3.0},{"damage":16.0,"enemies":"Snake Plant","floor":21.0,"turns":3.0},{"damage":2.0,"enemies":"Centurion and Healer","floor":27.0,"turns":6.0},{"damage":0,"enemies":"Gremlin Leader","floor":28,"turns":4},{"damage":17,"enemies":"Snecko","floor":31,"turns":4},{"damage":57,"enemies":"Champ","floor":33,"turns":7},{"damage":66,"enemies":"3 Darklings","floor":35,"turns":4},{"damage":6,"enemies":"Orb Walker","floor":38,"turns":3},{"damage":23,"enemies":"Spire Growth","floor":39,"turns":2}],"seed_played":"1807653554952284670","potions_obtained":[{"floor":1.0,"key":"FearPotion"},{"floor":4.0,"key":"PowerPotion"},{"floor":10.0,"key":"Block Potion"},{"floor":16.0,"key":"Dexterity Potion"},{"floor":33,"key":"FearPotion"}],"is_trial":false,"path_per_floor":["M","M","T","M","$","E","M","R","T","E","$","?","M","T","R","B",null,"M","M","T","M","?","$","R","$","T","M","E","?","R","M","R","B",null,"M","?","$","M","M"],"character_chosen":"IRONCLAD","items_purchased":["Feed","Happy Flower","Spot Weakness","Mayhem+1"],"campfire_rested":2,"item_purchase_floors":[5,11,23,37],"current_hp_per_floor":[73,75,75,75,75,25,28,28,28,26,26,31,28,28,54,17,71,45,43,43,36,36,36,36,36,36,43,52,52,52,41,71,20,81,21,21,21,21,0],"gold":204,"neow_bonus":"HUNDRED_GOLD","is_prod":false,"is_daily":false,"chose_seed":false,"campfire_upgraded":3,"win_rate":0,"timestamp":1560900180,"path_taken":["M","?","?","M","$","E","M","R","T","E","$","?","M","?","R","BOSS","M","?","?","M","?","$","R","?","T","M","E","?","R","M","R","BOSS","M","?","$","M","M"],"build_version":"2019-01-23","purchased_purges":1,"victory":false,"max_hp_per_floor":[75,75,75,75,75,75,78,78,78,81,81,86,89,89,89,89,89,89,92,92,95,95,95,95,95,95,98,101,101,101,101,101,101,101,101,101,101,101,101],"card_choices":[{"not_picked":["Rupture","True Grit"],"picked":"Cleave","floor":1.0},{"not_picked":["Thunderclap","Corruption"],"picked":"Shrug It Off","floor":2.0},{"not_picked":["Thunderclap","Anger"],"picked":"Sword Boomerang","floor":4.0},{"not_picked":["Thunderclap","Brutality"],"picked":"Headbutt","floor":6.0},{"not_picked":["Body Slam","Fire Breathing"],"picked":"Twin Strike","floor":7.0},{"not_picked":["Clash","Rupture"],"picked":"Blood for Blood","floor":10.0},{"not_picked":["Rage","Seeing Red"],"picked":"Pommel Strike","floor":13.0},{"not_picked":["Feed","Exhume"],"picked":"Impervious","floor":16.0},{"not_picked":["Cleave","Clash","Pommel Strike"],"picked":"SKIP","floor":18.0},{"not_picked":["Clash","Havoc+1","Wild Strike"],"picked":"SKIP","floor":19.0},{"not_picked":["Anger","Clothesline"],"picked":"Entrench+1","floor":21.0},{"not_picked":["Heavy Blade","True Grit"],"picked":"Fiend Fire","floor":27.0},{"not_picked":["Headbutt","Bloodletting"],"picked":"Clothesline","floor":28},{"not_picked":["Warcry+1","Anger"],"picked":"Twin Strike","floor":31},{"not_picked":["Heavy Blade","Flex"],"picked":"Sword Boomerang","floor":32},{"not_picked":["Impervious","Dark Embrace+1"],"picked":"Fiend Fire","floor":33},{"not_picked":["Thunderclap+1","Carnage","Pommel Strike"],"picked":"SKIP","floor":35},{"not_picked":["Seeing Red+1","Heavy Blade","Havoc"],"picked":"SKIP","floor":38}],"player_experience":758069,"relics_obtained":[{"floor":3.0,"key":"Red Skull"},{"floor":6.0,"key":"Tiny Chest"},{"floor":9.0,"key":"Lantern"},{"floor":10.0,"key":"Whetstone"},{"floor":14.0,"key":"Vajra"},{"floor":20.0,"key":"Frozen Egg 2"},{"floor":26.0,"key":"Pen Nib"},{"floor":28,"key":"Dream Catcher"}],"event_choices":[{"damage_healed":0.0,"max_hp_gain":5.0,"max_hp_loss":0.0,"gold_gain":0.0,"event_name":"Big Fish","player_choice":"Donut","floor":12.0,"gold_loss":0.0,"damage_taken":0.0},{"damage_healed":0.0,"max_hp_gain":0.0,"max_hp_loss":0.0,"gold_gain":0.0,"event_name":"The Mausoleum","player_choice":"Ignored","floor":22.0,"gold_loss":0.0,"damage_taken":0.0},{"damage_healed":0,"gold_gain":50,"player_choice":"Stole From Cult","damage_taken":0,"max_hp_gain":0,"max_hp_loss":0,"event_name":"Nest","floor":29,"gold_loss":0},{"damage_healed":0,"gold_gain":0,"player_choice":"Ignored","damage_taken":0,"max_hp_gain":0,"max_hp_loss":0,"event_name":"Tomb of Lord Red Mask","floor":36,"gold_loss":0}],"is_beta":false,"boss_relics":[{"not_picked":["White Beast Statue","Eternal Feather"],"picked":"Runic Pyramid"},{"not_picked":["Velvet Choker","Calling Bell"],"picked":"Astrolabe"}],"items_purged_floors":[23],"is_endless":false,"potions_floor_spawned":[1,4,7,10,16,18,19,28,33],"killed_by":"Spire Growth","ascension_level":19}