{"path_per_floor":["M","?","T","M","M","E","$","M","T","R","M","M","M","M","R","B",null,"M","M","$","M","?","R"],"character_chosen":"DEFECT","items_purchased":["Static Discharge","Doom and Gloom","Ball Lightning"],"gold_per_floor":[118,118,118,135,145,174,70,82,82,82,93,104,123,143,143,242,242,242,182,158,158,158,158,158],"floor_reached":24,"campfire_rested":3,"playtime":848,"item_purchase_floors":[7,7,20],"current_hp_per_floor":[74,74,74,74,73,46,46,25,25,51,37,27,25,20,46,28,89,57,22,22,7,7,33,0],"items_purged":[],"gold":158,"score":202,"play_id":"a1e19e78-36fb-455d-9389-13965c6ec90d","local_time":"20180610221844","is_prod":false,"is_daily":false,"chose_seed":false,"is_ascension_mode":false,"campfire_upgraded":0,"win_rate":0.0,"timestamp":1528694324,"campfire_choices":[{"floor":10,"key":"REST"},{"floor":15,"key":"REST"},{"floor":23,"key":"REST"}],"path_taken":["M","?","?","M","M","E","?","M","T","R","?","M","M","M","R","BOSS","M","M","$","M","?","R","M"],"build_version":"2018-06-08","seed_source_timestamp":1153690750366757,"purchased_purges":0,"victory":false,"master_deck":["Strike_B","Strike_B","Strike_B","Defend_B","Defend_B","Defend_B","Defend_B","Zap+1","Dualcast","Gash","Multi-Cast","Gash","Double Energy","Echo Form","Static Discharge","Doom and Gloom","Redo","Tempest","Redo","Gash","Electrodynamics","Conserve Battery","Fusion+1","Ball Lightning","Ball Lightning+1","Decay"],"max_hp_per_floor":[75,75,75,75,75,89,89,89,89,89,89,89,89,89,89,89,89,89,89,89,89,89,89,89],"relics":["Cracked Core","Toolbox","Mango","Dodecahedron","Ectoplasm"],"card_choices":[{"not_picked":["Compile Driver","Rebound"],"picked":"Gash","floor":1},{"not_picked":["Steam","Stack"],"picked":"Gash","floor":4},{"not_picked":["Barrage","Force Field"],"picked":"Double Energy","floor":5},{"not_picked":["Storm","Steam"],"picked":"Echo Form","floor":6},{"not_picked":["Compile Driver","Cold Snap"],"picked":"Redo","floor":8},{"not_picked":["Redo","Melter"],"picked":"Tempest","floor":11},{"not_picked":["Reprogram","Steam"],"picked":"Redo","floor":12},{"not_picked":["Streamline","Multi-Cast"],"picked":"Gash","floor":13},{"not_picked":["Streamline","Rebound","Leap"],"picked":"SKIP","floor":14},{"not_picked":["Fission","Biased Cognition"],"picked":"Electrodynamics","floor":16},{"not_picked":["Beam Cell","Static Discharge"],"picked":"Conserve Battery","floor":18},{"not_picked":["Steam","Chaos"],"picked":"Fusion+1","floor":19},{"not_picked":["Conserve Battery","Go for the Eyes"],"picked":"Ball Lightning+1","floor":21}],"player_experience":25013,"potions_floor_usage":[16,16,19,21],"damage_taken":[{"damage":1,"enemies":"2 Louse","floor":1,"turns":2},{"damage":0,"enemies":"Cultist","floor":4,"turns":2},{"damage":1,"enemies":"Jaw Worm","floor":5,"turns":2},{"damage":41,"enemies":"3 Sentries","floor":6,"turns":8},{"damage":21,"enemies":"Exordium Wildlife","floor":8,"turns":3},{"damage":14,"enemies":"Exordium Thugs","floor":11,"turns":4},{"damage":10,"enemies":"Looter","floor":12,"turns":2},{"damage":2,"enemies":"2 Fungi Beasts","floor":13,"turns":2},{"damage":9,"enemies":"Blue Slaver","floor":14,"turns":3},{"damage":18,"enemies":"Slime Boss","floor":16,"turns":7},{"damage":32,"enemies":"Shell Parasite","floor":18,"turns":3},{"damage":35,"enemies":"2 Thieves","floor":19,"turns":3},{"damage":15,"enemies":"Snecko","floor":21,"turns":5},{"damage":41,"enemies":"Slaver and Parasite","floor":24,"turns":2}],"relics_obtained":[{"floor":3,"key":"Toolbox"},{"floor":6,"key":"Mango"},{"floor":9,"key":"Dodecahedron"}],"event_choices":[{"event_name":"Transmorgrifier","player_choice":"Transform","floor":2,"damage_taken":0},{"event_name":"Forgotten Altar","player_choice":"Smashed Altar","floor":22,"damage_taken":0}],"boss_relics":[{"not_picked":["Orrery","Eternal Feather"],"picked":"Ectoplasm"}],"items_purged_floors":[],"potions_floor_spawned":[5,11,12,13,16,19],"seed_played":"1607007234499789257","killed_by":"Slaver and Parasite","ascension_level":0,"potions_obtained":[{"floor":5,"key":"Strength Potion"},{"floor":11,"key":"Ancient Potion"},{"floor":12,"key":"Dexterity Potion"},{"floor":13,"key":"FearPotion"},{"floor":16,"key":"Fire Potion"},{"floor":19,"key":"Block Potion"}],"is_trial":false}