{"gold_per_floor":[119,119,119,139,152,182,182,208,208,238,248,261,261],"floor_reached":13,"playtime":461,"items_purged":[],"score":210,"play_id":"0147f352-69c1-47e4-bf70-56f195df95fc","local_time":"20190704001151","is_ascension_mode":true,"campfire_choices":[{"data":"Noxious Fumes","floor":7,"key":"SMITH"}],"neow_cost":"NONE","seed_source_timestamp":5831313675137124,"circlet_count":0,"master_deck":["AscendersBane","Strike_G","Strike_G","Strike_G","Strike_G","Strike_G","Defend_G","Defend_G","Defend_G","Defend_G","Defend_G","Survivor","Neutralize+1","Dagger Spray","Deadly Poison","Footwork","Noxious Fumes+1","Flying Knee","Dagger Spray+1","Bane+1"],"relics":["Ring of the Snake","NeowsBlessing","The Courier","Peace Pipe","Incense Burner","Molten Egg 2"],"potions_floor_usage":[6,11,13],"damage_taken":[{"damage":0,"enemies":"Small Slimes","floor":1,"turns":1},{"damage":0,"enemies":"2 Louse","floor":4,"turns":1},{"damage":0,"enemies":"Cultist","floor":5,"turns":1},{"damage":21,"enemies":"3 Sentries","floor":6,"turns":9},{"damage":6,"enemies":"Lagavulin","floor":8,"turns":7},{"damage":25,"enemies":"3 Sentries","floor":10,"turns":8},{"damage":2,"enemies":"Large Slime","floor":11,"turns":5},{"damage":0,"enemies":"Lots of Slimes","floor":12,"turns":1},{"damage":5,"enemies":"3 Louse","floor":13,"turns":1}],"seed_played":"3220929218442174027","potions_obtained":[{"floor":1,"key":"PowerPotion"},{"floor":3,"key":"Ancient Potion"},{"floor":10,"key":"Block Potion"},{"floor":11,"key":"Weak Potion"}],"is_trial":false,"path_per_floor":["M","?","?","M","M","E","R","E","T","E","M","M","M"],"character_chosen":"THE_SILENT","items_purchased":[],"campfire_rested":0,"item_purchase_floors":[],"current_hp_per_floor":[59,59,59,59,59,38,38,32,32,7,5,5,0],"gold":261,"neow_bonus":"THREE_ENEMY_KILL","is_prod":false,"is_daily":false,"chose_seed":false,"campfire_upgraded":1,"win_rate":0,"timestamp":1562213511,"path_taken":["M","?","?","M","?","E","R","E","T","E","M","M","M"],"build_version":"2019-07-01","purchased_purges":0,"victory":false,"max_hp_per_floor":[66,66,66,66,66,66,66,66,66,66,66,66,66],"card_choices":[{"not_picked":["Riddle With Holes","Backflip"],"picked":"Dagger Spray","floor":1},{"not_picked":["Backflip","Deflect"],"picked":"Deadly Poison","floor":4},{"not_picked":["Backflip","Endless Agony"],"picked":"Footwork","floor":5},{"not_picked":["Eviscerate","Distraction"],"picked":"Noxious Fumes","floor":6},{"not_picked":["Skewer","Acrobatics"],"picked":"Flying Knee","floor":8},{"not_picked":["Leg Sweep","Flying Knee"],"picked":"Dagger Spray","floor":10},{"not_picked":["Predator+1","Slice+1"],"picked":"Bane+1","floor":11},{"not_picked":["Prepared","Poisoned Stab+1","Grand Finale+1"],"picked":"SKIP","floor":12}],"player_experience":853717,"relics_obtained":[{"floor":6,"key":"The Courier"},{"floor":8,"key":"Peace Pipe"},{"floor":9,"key":"Incense Burner"},{"floor":10,"key":"Molten Egg 2"}],"event_choices":[{"damage_healed":0,"gold_gain":0,"player_choice":"Grow","damage_taken":0,"max_hp_gain":0,"max_hp_loss":0,"event_name":"Living Wall","floor":2,"gold_loss":0,"cards_upgraded":["Neutralize"]},{"damage_healed":0,"gold_gain":0,"player_choice":"Got Potions","damage_taken":0,"max_hp_gain":0,"max_hp_loss":0,"event_name":"Lab","floor":3,"gold_loss":0}],"is_beta":false,"boss_relics":[],"items_purged_floors":[],"is_endless":false,"potions_floor_spawned":[1,5,10,11],"killed_by":"3 Louse","ascension_level":20}