{"gold_per_floor":[116,130,148,173,193,193,227,227,227,253,267,267,328,342,342,342],"floor_reached":16,"playtime":525,"items_purged":[],"score":244,"play_id":"c12761fd-2dc0-4460-a04d-d88f832da79e","local_time":"20190708224035","is_ascension_mode":true,"campfire_choices":[{"floor":6.0,"key":"REST"},{"data":"Neutralize","floor":12,"key":"SMITH"},{"data":"Noxious Fumes","floor":15,"key":"SMITH"}],"neow_cost":"NONE","seed_source_timestamp":44255259551600,"circlet_count":0,"master_deck":["AscendersBane","Strike_G","Strike_G","Strike_G","Strike_G","Strike_G","Defend_G","Defend_G","Defend_G","Defend_G","Defend_G","Survivor","Neutralize+1","Finisher","Poisoned Stab","Blade Dance","Poisoned Stab","Bane","Corpse Explosion","Noxious Fumes+1","Deflect","Deadly Poison"],"special_seed":0,"relics":["Ring of the Snake","Omamori","Potion Belt","Gremlin Horn","Bottled Flame","Torii","Tiny Chest"],"potions_floor_usage":[13,16],"damage_taken":[{"damage":8.0,"enemies":"Cultist","floor":1.0,"turns":4.0},{"damage":4.0,"enemies":"Small Slimes","floor":2.0,"turns":5.0},{"damage":4.0,"enemies":"Jaw Worm","floor":3.0,"turns":3.0},{"damage":25.0,"enemies":"Large Slime","floor":5.0,"turns":8.0},{"damage":21.0,"enemies":"Gremlin Nob","floor":7.0,"turns":4.0},{"damage":25,"enemies":"3 Sentries","floor":10,"turns":6},{"damage":8,"enemies":"Blue Slaver","floor":11,"turns":3},{"damage":8,"enemies":"Gremlin Nob","floor":13,"turns":3},{"damage":1,"enemies":"3 Louse","floor":14,"turns":3},{"damage":24,"enemies":"Hexaghost","floor":16,"turns":9}],"seed_played":"312312592182478014","potions_obtained":[{"floor":2.0,"key":"Fire Potion"},{"floor":7.0,"key":"Strength Potion"},{"floor":11,"key":"Ancient Potion"},{"floor":13,"key":"Weak Potion"}],"is_trial":false,"path_per_floor":["M","M","M","T","M","R","E","?","T","E","M","R","E","M","R","B"],"character_chosen":"THE_SILENT","items_purchased":[],"campfire_rested":1,"item_purchase_floors":[],"current_hp_per_floor":[51,47,43,43,18,37,16,66,66,41,33,33,25,24,24,0],"gold":342,"neow_bonus":"RANDOM_COMMON_RELIC","is_prod":false,"is_daily":false,"chose_seed":false,"campfire_upgraded":2,"win_rate":0,"timestamp":1562622035,"path_taken":["M","M","M","?","M","R","E","?","T","E","M","R","E","M","R","BOSS"],"build_version":"2019-07-05","purchased_purges":0,"victory":false,"max_hp_per_floor":[66,66,66,66,66,66,66,66,66,66,66,66,66,66,66,66],"card_choices":[{"not_picked":["Flying Knee","PiercingWail"],"picked":"Finisher","floor":1.0},{"not_picked":["Accuracy","Setup"],"picked":"Poisoned Stab","floor":2.0},{"not_picked":["Deflect","Dagger Throw"],"picked":"Blade Dance","floor":3.0},{"not_picked":["Escape Plan","Slice"],"picked":"Poisoned Stab","floor":5.0},{"not_picked":["Expertise","Eviscerate"],"picked":"Bane","floor":7.0},{"not_picked":["Dagger Spray","Backflip"],"picked":"Corpse Explosion","floor":10},{"not_picked":["Bane","Cloak And Dagger"],"picked":"Noxious Fumes","floor":11},{"not_picked":["Sucker Punch","PiercingWail"],"picked":"Deflect","floor":13},{"not_picked":["Flying Knee","Calculated Gamble"],"picked":"Deadly Poison","floor":14}],"player_experience":1547933,"relics_obtained":[{"floor":4.0,"key":"Potion Belt"},{"floor":7.0,"key":"Gremlin Horn"},{"floor":9.0,"key":"Bottled Flame"},{"floor":10,"key":"Torii"},{"floor":13,"key":"Tiny Chest"}],"event_choices":[{"damage_healed":50.0,"max_hp_gain":0.0,"max_hp_loss":0.0,"gold_gain":0.0,"event_name":"Wheel of Change","player_choice":"Full Heal","floor":8.0,"gold_loss":0.0,"damage_taken":0.0}],"is_beta":false,"boss_relics":[],"items_purged_floors":[],"is_endless":false,"potions_floor_spawned":[2,7,11,13],"killed_by":"Hexaghost","ascension_level":20}