{"gold_per_floor":[117,117,117,129,144,144,174,174,229,154,166,182,216,234,234,310,310,321,321,44,44,44,44,70,84,84,84,104,104],"floor_reached":29,"playtime":1147,"items_purged":["Strike_B"],"score":522,"play_id":"96dbc7cd-2225-4cc3-a156-4a291a05b1d9","local_time":"20180827200828","is_ascension_mode":true,"campfire_choices":[{"data":"Zap","floor":6.0,"key":"SMITH"},{"data":"Cold Snap","floor":8.0,"key":"SMITH"},{"data":"Go for the Eyes","floor":15.0,"key":"SMITH"},{"data":"Hologram","floor":23.0,"key":"SMITH"},{"floor":27.0,"key":"REST"}],"neow_cost":"NONE","seed_source_timestamp":4403255595466727,"circlet_count":0,"master_deck":["Strike_B","Strike_B","Strike_B","Defend_B","Defend_B","Defend_B","Defend_B","Zap+1","Dualcast","AscendersBane","Ball Lightning","Cold Snap+1","Leap","Rebound","Ball Lightning","Hello World+1","Go for the Eyes+1","Conserve Battery","Core Surge","Hologram+1","Ball Lightning","Cold Snap","Ball Lightning","Core Surge"],"special_seed":0,"relics":["Cracked Core","Dodecahedron","Frozen Egg 2","Dream Catcher","Darkstone Periapt","Inserter","Pear","MutagenicStrength","Potion Belt","Art of War"],"potions_floor_usage":[],"damage_taken":[{"damage":1.0,"enemies":"Cultist","floor":1.0,"turns":3.0},{"damage":7.0,"enemies":"Jaw Worm","floor":4.0,"turns":2.0},{"damage":2.0,"enemies":"2 Louse","floor":5.0,"turns":2.0},{"damage":8.0,"enemies":"3 Sentries","floor":7.0,"turns":6.0},{"damage":4.0,"enemies":"Red Slaver","floor":11.0,"turns":3.0},{"damage":0.0,"enemies":"Exordium Wildlife","floor":12.0,"turns":2.0},{"damage":14.0,"enemies":"Lagavulin","floor":13.0,"turns":6.0},{"damage":13.0,"enemies":"Blue Slaver","floor":14.0,"turns":2.0},{"damage":14.0,"enemies":"The Guardian","floor":16.0,"turns":13.0},{"damage":15.0,"enemies":"Spheric Guardian","floor":18.0,"turns":4.0},{"damage":0.0,"enemies":"Shell Parasite","floor":21.0,"turns":1.0},{"damage":42.0,"enemies":"Gremlin Leader","floor":24.0,"turns":7.0},{"damage":25.0,"enemies":"Cultist and Chosen","floor":25.0,"turns":6.0},{"damage":29,"enemies":"Chosen and Byrds","floor":28,"turns":7},{"damage":7,"enemies":"Centurion and Healer","floor":29,"turns":2}],"seed_played":"6994395987135514939","potions_obtained":[{"floor":0.0,"key":"Fruit Juice"},{"floor":0.0,"key":"SmokeBomb"},{"floor":0.0,"key":"PowerPotion"},{"floor":13.0,"key":"Strength Potion"},{"floor":18.0,"key":"FocusPotion"},{"floor":24.0,"key":"FearPotion"}],"is_trial":false,"path_per_floor":["M","T","?","M","M","R","E","R","T","$","M","M","E","M","R","B",null,"M","?","$","M","?","R","E","M","T","R","M"],"character_chosen":"DEFECT","items_purchased":["Pear"],"campfire_rested":1,"item_purchase_floors":[20],"current_hp_per_floor":[68,68,73,66,64,64,56,56,56,56,52,52,38,25,25,11,64,49,65,75,75,75,75,33,8,8,35,6,0],"gold":104,"neow_bonus":"THREE_SMALL_POTIONS","is_prod":false,"is_daily":false,"chose_seed":false,"campfire_upgraded":4,"win_rate":0,"timestamp":1535414908,"path_taken":["M","?","?","M","M","R","E","R","T","$","M","M","E","?","R","BOSS","M","?","$","M","?","R","E","M","T","R","M","M"],"build_version":"2018-08-23v2","purchased_purges":1,"victory":false,"max_hp_per_floor":[76,76,81,81,81,81,81,81,81,81,81,81,81,81,81,81,81,81,81,91,91,91,91,91,91,91,91,91,91],"card_choices":[{"not_picked":["Steam","Multi-Cast"],"picked":"Ball Lightning","floor":1.0},{"not_picked":["Go for the Eyes","Recycle"],"picked":"Cold Snap","floor":4.0},{"not_picked":["Cold Snap","Barrage"],"picked":"Leap","floor":5.0},{"not_picked":["Redo","Tempest"],"picked":"Rebound","floor":7.0},{"not_picked":["BootSequence","Cold Snap"],"picked":"Ball Lightning","floor":11.0},{"not_picked":["Skim","Steam"],"picked":"Hello World+1","floor":12.0},{"not_picked":["Auto Shields","Cold Snap"],"picked":"Go for the Eyes","floor":13.0},{"not_picked":["Hologram","Skim"],"picked":"Conserve Battery","floor":14.0},{"not_picked":["Reboot","Buffer+1"],"picked":"Core Surge","floor":16.0},{"not_picked":["Beam Cell","Sweeping Beam"],"picked":"Hologram","floor":18.0},{"not_picked":["Fusion","Gash"],"picked":"Ball Lightning","floor":24.0},{"not_picked":["Compile Driver","Thunder Strike"],"picked":"Cold Snap","floor":25.0},{"not_picked":["Go for the Eyes","Tempest+1"],"picked":"Ball Lightning","floor":27.0},{"not_picked":["Redo","Scrape"],"picked":"Core Surge","floor":28}],"player_experience":282883,"relics_obtained":[{"floor":2.0,"key":"Dodecahedron"},{"floor":7.0,"key":"Frozen Egg 2"},{"floor":9.0,"key":"Dream Catcher"},{"floor":13.0,"key":"Darkstone Periapt"},{"floor":24.0,"key":"Potion Belt"},{"floor":26.0,"key":"Art of War"}],"event_choices":[{"event_name":"Big Fish","player_choice":"Donut","floor":3.0,"damage_taken":0.0},{"event_name":"The Library","player_choice":"Heal","floor":19.0,"damage_taken":0.0},{"event_name":"Drug Dealer","player_choice":"Inject Mutagens","floor":22.0,"damage_taken":0.0}],"is_beta":false,"boss_relics":[{"not_picked":["Runic Pyramid","Sozu"],"picked":"Inserter"}],"items_purged_floors":[10],"is_endless":false,"potions_floor_spawned":[1,4,13,18,24],"killed_by":"Centurion and Healer","ascension_level":17}