{"gold_per_floor":[113,163,173,138,9,38,38,71,71,83,83,83,101,119,119,195,195,215,215,215,231,250,88,88],"floor_reached":24,"playtime":823,"items_purged":[],"score":412,"play_id":"1c058607-1f1b-4c75-a3f6-66a801ce50bf","local_time":"20181130142015","is_ascension_mode":true,"campfire_choices":[{"data":"Noxious Fumes","floor":7,"key":"SMITH"},{"data":"Sucker Punch","floor":12,"key":"SMITH"},{"floor":15,"key":"REST"}],"neow_cost":"NONE","seed_source_timestamp":72956784820581,"circlet_count":0,"master_deck":["AscendersBane","Defend_G+1","Defend_G+1","Defend_G+1","Defend_G+1","Defend_G+1","Strike_G+1","Strike_G+1","Strike_G+1","Strike_G+1","Strike_G+1","Survivor","Neutralize+1","Skewer","Deadly Poison","Noxious Fumes+1","Poisoned Stab","Leg Sweep","Sucker Punch+1","Heel Hook","PiercingWail","Predator","Die Die Die","Noxious Fumes","Backstab","Glass Knife"],"relics":["Ring of the Serpent","Snake Skull","Peace Pipe","Bottled Flame","FossilizedHelix"],"potions_floor_usage":[6,21],"damage_taken":[{"damage":3,"enemies":"Jaw Worm","floor":1,"turns":4},{"damage":5,"enemies":"Cultist","floor":3,"turns":6},{"damage":12,"enemies":"Gremlin Nob","floor":6,"turns":4},{"damage":17,"enemies":"3 Sentries","floor":8,"turns":7},{"damage":0,"enemies":"2 Louse","floor":10,"turns":2},{"damage":11,"enemies":"Exordium Thugs","floor":13,"turns":3},{"damage":1,"enemies":"Exordium Wildlife","floor":14,"turns":3},{"damage":48,"enemies":"Slime Boss","floor":16,"turns":10},{"damage":1,"enemies":"Chosen","floor":18,"turns":5},{"damage":1,"enemies":"Shell Parasite","floor":21,"turns":4},{"damage":0,"enemies":"Snecko","floor":22,"turns":5},{"damage":50,"enemies":"Slavers","floor":24,"turns":5}],"seed_played":"4065417228424605096","potions_obtained":[{"floor":1,"key":"SpeedPotion"},{"floor":14,"key":"FairyPotion"},{"floor":18,"key":"Block Potion"}],"is_trial":false,"path_per_floor":["M","?","M","?","$","E","R","E","T","M","?","R","M","M","R","B",null,"M","?","$","M","M","$","E"],"character_chosen":"THE_SILENT","items_purchased":["Noxious Fumes","Poisoned Stab","Glass Knife"],"campfire_rested":1,"item_purchase_floors":[5,5,23],"current_hp_per_floor":[56,56,51,66,66,54,54,37,37,37,37,37,26,25,44,6,51,50,50,50,49,49,49,0],"gold":88,"neow_bonus":"RANDOM_COMMON_RELIC","is_prod":false,"is_daily":false,"chose_seed":false,"campfire_upgraded":2,"win_rate":0,"timestamp":1543605615,"path_taken":["M","?","?","?","$","E","R","E","T","M","?","R","M","M","R","BOSS","M","?","$","M","M","$","E"],"build_version":"2018-11-15","purchased_purges":0,"victory":false,"max_hp_per_floor":[66,66,66,66,66,66,66,66,66,66,66,66,66,66,66,66,66,66,66,66,66,66,66,66],"card_choices":[{"not_picked":["Dagger Throw","Prepared"],"picked":"Skewer","floor":1},{"not_picked":["Bane","Underhanded Strike"],"picked":"Deadly Poison","floor":3},{"not_picked":["Flying Knee","Blur"],"picked":"Leg Sweep","floor":6},{"not_picked":["Venomology","Reflex"],"picked":"Sucker Punch","floor":8},{"not_picked":["Sucker Punch","Blur"],"picked":"Heel Hook","floor":10},{"not_picked":["Terror","Outmaneuver"],"picked":"PiercingWail","floor":13},{"not_picked":["Cloak And Dagger","Doppelganger"],"picked":"Predator","floor":14},{"not_picked":["Unload","Night Terror"],"picked":"Die Die Die","floor":16},{"not_picked":["Outmaneuver","Quick Slash"],"picked":"Noxious Fumes","floor":18},{"not_picked":["Dagger Throw","Bane"],"picked":"Backstab","floor":21},{"not_picked":["PiercingWail","Dagger Throw","Calculated Gamble"],"picked":"SKIP","floor":22}],"player_experience":467812,"relics_obtained":[{"floor":6,"key":"Peace Pipe"},{"floor":8,"key":"Bottled Flame"},{"floor":9,"key":"FossilizedHelix"}],"event_choices":[{"damage_healed":0,"gold_gain":50,"player_choice":"Pray","damage_taken":0,"max_hp_gain":0,"max_hp_loss":0,"event_name":"Golden Shrine","floor":2,"gold_loss":0},{"damage_healed":16,"gold_gain":0,"player_choice":"Healed","damage_taken":0,"max_hp_gain":0,"max_hp_loss":0,"event_name":"The Cleric","floor":4,"gold_loss":35},{"damage_healed":0,"gold_gain":0,"player_choice":"Upgraded","damage_taken":0,"max_hp_gain":0,"max_hp_loss":0,"event_name":"Upgrade Shrine","floor":11,"gold_loss":0,"cards_upgraded":["Neutralize"]},{"damage_healed":0,"gold_gain":0,"player_choice":"Simplicity","damage_taken":0,"max_hp_gain":0,"max_hp_loss":0,"event_name":"Back to Basics","floor":19,"gold_loss":0,"cards_upgraded":["Defend_G","Defend_G","Defend_G","Defend_G","Defend_G","Strike_G","Strike_G","Strike_G","Strike_G","Strike_G"]}],"is_beta":false,"boss_relics":[{"not_picked":["White Beast Statue","HoveringKite"],"picked":"Ring of the Serpent"}],"items_purged_floors":[],"is_endless":false,"potions_floor_spawned":[1,14,18],"killed_by":"Slavers","ascension_level":20}