{"gold_per_floor":[117,2,2,2,17,43,60,89,89,151,151],"floor_reached":11,"playtime":261,"items_purged":[],"score":232,"play_id":"8246edf5-9ba2-48e5-861f-7b019040064a","local_time":"20190610202147","is_ascension_mode":true,"campfire_choices":[],"neow_cost":"NONE","seed_source_timestamp":3830872256396572,"circlet_count":0,"master_deck":["AscendersBane","Defend_G","Defend_G","Defend_G","Defend_G","Defend_G","Strike_G","Strike_G","Strike_G","Strike_G","Strike_G","Survivor","Neutralize+1","Dagger Spray","Predator","Cloak And Dagger","Sucker Punch","Poisoned Stab","Predator","Glass Knife","Terror"],"special_seed":0,"relics":["Ring of the Snake","NeowsBlessing","Dream Catcher","Dodecahedron","Juzu Bracelet","Tiny Chest"],"potions_floor_usage":[8,10],"damage_taken":[{"damage":0.0,"enemies":"Small Slimes","floor":1.0,"turns":1.0},{"damage":0,"enemies":"Jaw Worm","floor":5,"turns":1},{"damage":0,"enemies":"Lagavulin","floor":6,"turns":1},{"damage":6,"enemies":"2 Louse","floor":7,"turns":2},{"damage":18,"enemies":"Gremlin Nob","floor":8,"turns":4},{"damage":10,"enemies":"3 Sentries","floor":10,"turns":6},{"damage":48,"enemies":"Gremlin Gang","floor":11,"turns":4}],"seed_played":"-5811066168189208997","potions_obtained":[{"floor":1.0,"key":"Ancient Potion"},{"floor":6,"key":"Energy Potion"},{"floor":10,"key":"FairyPotion"}],"is_trial":false,"path_per_floor":["M","$","?","$","M","E","M","E","T","E","M"],"character_chosen":"THE_SILENT","items_purchased":["Predator","Cloak And Dagger"],"campfire_rested":0,"item_purchase_floors":[2,2],"current_hp_per_floor":[59,59,59,59,59,59,53,35,35,25,0],"gold":151,"neow_bonus":"THREE_ENEMY_KILL","is_prod":false,"is_daily":false,"chose_seed":false,"campfire_upgraded":0,"win_rate":0,"timestamp":1560212507,"path_taken":["M","$","?","?","M","E","M","E","T","E","M"],"build_version":"2019-01-23","purchased_purges":0,"victory":false,"max_hp_per_floor":[66,66,66,66,66,66,66,66,66,66,66],"card_choices":[{"not_picked":["Terror","Blur"],"picked":"Dagger Spray","floor":1.0},{"not_picked":["Bane","Dagger Throw"],"picked":"Sucker Punch","floor":5},{"not_picked":["PiercingWail","Outmaneuver"],"picked":"Poisoned Stab","floor":6},{"not_picked":["Slice","Dagger Throw"],"picked":"Predator","floor":7},{"not_picked":["PiercingWail","Backflip"],"picked":"Glass Knife","floor":8},{"not_picked":["Skewer","Quick Slash"],"picked":"Terror","floor":10}],"player_experience":727234,"relics_obtained":[{"floor":6,"key":"Dream Catcher"},{"floor":8,"key":"Dodecahedron"},{"floor":9,"key":"Juzu Bracelet"},{"floor":10,"key":"Tiny Chest"}],"event_choices":[{"damage_healed":0,"gold_gain":0,"player_choice":"Grow","damage_taken":0,"max_hp_gain":0,"max_hp_loss":0,"event_name":"Living Wall","floor":3,"gold_loss":0,"cards_upgraded":["Neutralize"]}],"is_beta":false,"boss_relics":[],"items_purged_floors":[],"is_endless":false,"potions_floor_spawned":[1,6,10],"killed_by":"Gremlin Gang","ascension_level":20}