{"gold_per_floor":[118,22,42,42,53,82,82,115,115,115,42,55,55,68,68,170,170,183,193,205,233,247,247,247,213,213,57,257,269,283,315,315,315],"floor_reached":33,"playtime":1168,"items_purged":[],"score":316,"play_id":"6ee8d13a-1e2f-45b6-91c3-964cea5ae2bc","local_time":"20190710153455","is_ascension_mode":true,"campfire_choices":[{"floor":7.0,"key":"REST"},{"floor":10.0,"key":"REST"},{"floor":15.0,"key":"REST"},{"floor":23.0,"key":"REST"},{"floor":32.0,"key":"REST"}],"neow_cost":"NONE","seed_source_timestamp":6404148198158537,"circlet_count":0,"master_deck":["Defend_B","Defend_B","Defend_B","Defend_B","Zap","Dualcast+1","Loop","Flash of Steel+1","Gash","Cold Snap","Glacier","Machine Learning","Scrape","Electrodynamics","Defragment","Ball Lightning","Cold Snap","Capacitor","Streamline+1","Bite","Bite","Bite","Bite","Bite","Self Repair","Echo Form","Go for the Eyes+1","Barrage","Gash"],"special_seed":0,"relics":["Fusion Hammer"],"potions_floor_usage":[33],"damage_taken":[{"damage":1.0,"enemies":"Jaw Worm","floor":1.0,"turns":3.0},{"damage":1.0,"enemies":"2 Louse","floor":3.0,"turns":3.0},{"damage":0.0,"enemies":"Small Slimes","floor":5.0,"turns":4.0},{"damage":25.0,"enemies":"3 Sentries","floor":6.0,"turns":8.0},{"damage":16.0,"enemies":"Lagavulin","floor":8.0,"turns":7.0},{"damage":1.0,"enemies":"Exordium Wildlife","floor":12.0,"turns":2.0},{"damage":6.0,"enemies":"3 Louse","floor":14.0,"turns":3.0},{"damage":33.0,"enemies":"Hexaghost","floor":16.0,"turns":12.0},{"damage":10.0,"enemies":"Chosen","floor":18.0,"turns":5.0},{"damage":2.0,"enemies":"Spheric Guardian","floor":19.0,"turns":6.0},{"damage":3.0,"enemies":"Snecko","floor":20.0,"turns":6.0},{"damage":17.0,"enemies":"Masked Bandits","floor":21.0,"turns":5.0},{"damage":11.0,"enemies":"Sentry and Sphere","floor":22.0,"turns":7.0},{"damage":26.0,"enemies":"Cultist and Chosen","floor":29.0,"turns":9.0},{"damage":11.0,"enemies":"Centurion and Healer","floor":30.0,"turns":7.0},{"damage":26.0,"enemies":"Book of Stabbing","floor":31.0,"turns":7.0},{"damage":63,"enemies":"Collector","floor":33,"turns":5}],"seed_played":"1558398688515630519","potions_obtained":[{"floor":5.0,"key":"Weak Potion"},{"floor":8.0,"key":"Dexterity Potion"},{"floor":12.0,"key":"EssenceOfSteel"},{"floor":20.0,"key":"Energy Potion"},{"floor":21.0,"key":"Weak Potion"},{"floor":29.0,"key":"Block Potion"},{"floor":31.0,"key":"PowerPotion"}],"is_trial":false,"path_per_floor":["M","$","M","?","M","E","R","E","T","R","$","M","?","M","R","B",null,"M","M","M","?","M","R","?","$","T","$","?","M","M","E","R","B"],"character_chosen":"DEFECT","items_purchased":["Flash of Steel","Glacier","Self Repair","Echo Form"],"campfire_rested":5,"item_purchase_floors":[2,11,25,27],"current_hp_per_floor":[74,74,73,58,58,33,55,39,39,61,61,60,60,54,75,42,75,65,63,60,43,32,54,52,52,52,52,52,52,52,38,52,0],"gold":315,"neow_bonus":"BOSS_RELIC","is_prod":false,"is_daily":false,"chose_seed":false,"campfire_upgraded":0,"win_rate":0,"timestamp":1562787295,"path_taken":["M","$","M","?","M","E","R","E","T","R","$","M","?","M","R","BOSS","M","M","M","?","M","R","?","$","T","?","?","M","M","E","R","BOSS"],"build_version":"2019-07-05","purchased_purges":0,"victory":false,"max_hp_per_floor":[75,75,75,75,75,75,75,75,75,75,75,75,75,75,75,75,75,75,75,75,75,75,75,52,52,52,52,52,52,52,52,52,52],"card_choices":[{"not_picked":["Steam","Go for the Eyes"],"picked":"Loop","floor":1.0},{"not_picked":["Beam Cell","Steam Power","Chill"],"picked":"SKIP","floor":3.0},{"not_picked":["Cold Snap","Chaos"],"picked":"Gash","floor":5.0},{"not_picked":["Beam Cell","Darkness","Melter"],"picked":"SKIP","floor":6.0},{"not_picked":["Conserve Battery","Storm"],"picked":"Cold Snap","floor":8.0},{"not_picked":["Beam Cell","Static Discharge"],"picked":"Machine Learning","floor":12.0},{"not_picked":["Doom and Gloom","Beam Cell"],"picked":"Scrape","floor":14.0},{"not_picked":["Echo Form","Creative AI"],"picked":"Electrodynamics","floor":16.0},{"not_picked":["Coolheaded+1","Streamline"],"picked":"Defragment","floor":18.0},{"not_picked":["Redo","Compile Driver"],"picked":"Ball Lightning","floor":19.0},{"not_picked":["Machine Learning","Stack"],"picked":"Cold Snap","floor":20.0},{"not_picked":["Hologram","Stack+1"],"picked":"Capacitor","floor":21.0},{"not_picked":["Coolheaded","Steam"],"picked":"Streamline+1","floor":22.0},{"not_picked":["Steam+1","Auto Shields"],"picked":"Go for the Eyes+1","floor":29.0},{"not_picked":["Cold Snap","BootSequence"],"picked":"Barrage","floor":30.0},{"not_picked":["Streamline","Compile Driver"],"picked":"Gash","floor":31.0}],"player_experience":942772,"relics_obtained":[],"event_choices":[{"damage_healed":0.0,"max_hp_gain":0.0,"max_hp_loss":0.0,"gold_gain":0.0,"event_name":"Shining Light","player_choice":"Entered Light","floor":4.0,"gold_loss":0.0,"damage_taken":15.0,"cards_upgraded":["Flash of Steel","Dualcast"]},{"damage_healed":0.0,"max_hp_gain":0.0,"max_hp_loss":0.0,"gold_gain":0.0,"event_name":"Scrap Ooze","player_choice":"Fled","floor":13.0,"gold_loss":0.0,"damage_taken":0.0},{"damage_healed":0.0,"max_hp_gain":0.0,"max_hp_loss":0.0,"gold_gain":0.0,"event_name":"Masked Bandits","player_choice":"Fought Bandits","floor":21.0,"gold_loss":0.0,"damage_taken":0.0},{"damage_healed":0.0,"max_hp_gain":0.0,"max_hp_loss":23.0,"gold_gain":0.0,"event_name":"Vampires","player_choice":"Became a vampire","floor":24.0,"gold_loss":0.0,"damage_taken":0.0,"cards_obtained":["Bite","Bite","Bite","Bite","Bite"]},{"damage_healed":0.0,"max_hp_gain":0.0,"max_hp_loss":0.0,"gold_gain":250.0,"event_name":"The Joust","player_choice":"Bet on Owner","floor":28.0,"gold_loss":50.0,"damage_taken":0.0}],"is_beta":false,"boss_relics":[{"not_picked":["Empty Cage","Black Star","Nuclear Battery"]}],"items_purged_floors":[],"is_endless":false,"potions_floor_spawned":[5,8,12,14,20,21,29,31],"killed_by":"Collector","ascension_level":1}