{"gold_per_floor":[116,76,92,109,123,151,171,206,206,29,29,49,61,36,36,139,139,154,166,183,21,35,69,69,102,125,8,8,24,36,53,53,158,158,177,195,213,225,239,239,254,254,254,17,17,36,36,136,136,136],"floor_reached":51,"playtime":4002,"items_purged":["Strike_G","Strike_G"],"score":732,"play_id":"9749fea4-74a1-4754-9dbd-3c8e1f307a44","local_time":"20190711151007","is_ascension_mode":false,"campfire_choices":[{"floor":11.0,"key":"REST"},{"floor":15.0,"key":"REST"},{"data":"Bullet Time","floor":24.0,"key":"SMITH"},{"floor":28.0,"key":"REST"},{"floor":32.0,"key":"REST"},{"data":"After Image","floor":40.0,"key":"SMITH"},{"data":"Catalyst","floor":42,"key":"SMITH"},{"data":"Calculated Gamble","floor":45,"key":"SMITH"},{"data":"Catalyst","floor":47,"key":"SMITH"},{"floor":49,"key":"REST"}],"neow_cost":"NONE","seed_source_timestamp":0,"circlet_count":0,"master_deck":["Defend_G","Defend_G","Defend_G","Defend_G","Survivor","Neutralize","Bane","Poisoned Stab","Catalyst+1","Footwork","Bouncing Flask","Footwork","Quick Slash","Leg Sweep","Noxious Fumes","Poisoned Stab","Calculated Gamble+1","Catalyst+1","Deadly Poison","Dagger Throw","Acrobatics","Corpse Explosion","Bouncing Flask+1","Burst+1","Deflect+1","Backflip","Acrobatics+1","Bullet Time+1","Master of Strategy","Catalyst","Footwork+1","Blur","Deadly Poison","Well Laid Plans","Prepared","After Image+1","Bouncing Flask+1","Dodge and Roll+1","Bane+1","Deadly Poison+1","Bullet Time","Deadly Poison+1","Prepared"],"special_seed":0,"relics":["Ring of the Snake","Incense Burner","Dream Catcher","Paper Crane","Astrolabe","Anchor","Girya","Oddly Smooth Stone","Runic Pyramid","Tough Bandages","Ice Cream"],"potions_floor_usage":[48],"damage_taken":[{"damage":3.0,"enemies":"Jaw Worm","floor":1.0,"turns":3.0},{"damage":0.0,"enemies":"Cultist","floor":3.0,"turns":3.0},{"damage":5.0,"enemies":"Small Slimes","floor":4.0,"turns":4.0},{"damage":0.0,"enemies":"Blue Slaver","floor":5.0,"turns":4.0},{"damage":43.0,"enemies":"3 Sentries","floor":6.0,"turns":9.0},{"damage":8.0,"enemies":"Gremlin Gang","floor":7.0,"turns":4.0},{"damage":1.0,"enemies":"Lagavulin","floor":8.0,"turns":5.0},{"damage":18.0,"enemies":"Lots of Slimes","floor":12.0,"turns":5.0},{"damage":8.0,"enemies":"Large Slime","floor":13.0,"turns":6.0},{"damage":2.0,"enemies":"Hexaghost","floor":16.0,"turns":6.0},{"damage":6.0,"enemies":"Spheric Guardian","floor":18.0,"turns":3.0},{"damage":12.0,"enemies":"2 Thieves","floor":19.0,"turns":3.0},{"damage":4.0,"enemies":"Snake Plant","floor":20.0,"turns":5.0},{"damage":0.0,"enemies":"3 Cultists","floor":22.0,"turns":2.0},{"damage":50.0,"enemies":"Slavers","floor":23.0,"turns":5.0},{"damage":30.0,"enemies":"Book of Stabbing","floor":25.0,"turns":4.0},{"damage":2.0,"enemies":"Centurion and Healer","floor":29.0,"turns":6.0},{"damage":3.0,"enemies":"Snecko","floor":30.0,"turns":4.0},{"damage":4.0,"enemies":"Sentry and Sphere","floor":31.0,"turns":4.0},{"damage":27.0,"enemies":"Automaton","floor":33.0,"turns":10.0},{"damage":0.0,"enemies":"3 Shapes","floor":35.0,"turns":4.0},{"damage":1.0,"enemies":"Orb Walker","floor":36.0,"turns":3.0},{"damage":0.0,"enemies":"Maw","floor":37.0,"turns":4.0},{"damage":22.0,"enemies":"Spire Growth","floor":38.0,"turns":6.0},{"damage":0.0,"enemies":"4 Shapes","floor":39.0,"turns":3.0},{"damage":6,"enemies":"Writhing Mass","floor":41,"turns":5},{"damage":1,"enemies":"Maw","floor":46,"turns":4},{"damage":0,"enemies":"Mind Bloom Boss Battle","floor":48,"turns":7},{"damage":3,"enemies":"Time Eater","floor":50,"turns":6}],"seed_played":"7680226444528286506","potions_obtained":[{"floor":2.0,"key":"FearPotion"},{"floor":2.0,"key":"EntropicBrew"},{"floor":2.0,"key":"FairyPotion"},{"floor":6.0,"key":"Dexterity Potion"},{"floor":7.0,"key":"GamblersBrew"},{"floor":18.0,"key":"Regen Potion"},{"floor":23.0,"key":"SteroidPotion"},{"floor":33.0,"key":"EntropicBrew"},{"floor":37.0,"key":"Block Potion"},{"floor":39.0,"key":"SpeedPotion"},{"floor":41,"key":"Fire Potion"}],"is_trial":false,"path_per_floor":["M","?","M","M","M","E","M","E","T","$","R","M","M","$","R","B",null,"M","M","M","$","M","E","R","E","T","$","R","M","M","M","R","B",null,"M","M","M","M","M","R","M","R","T","$","R","M","R","?","R","B",null],"character_chosen":"THE_SILENT","items_purchased":["Noxious Fumes","Poisoned Stab","Dagger Throw","Master of Strategy","Blur","Swift Potion","Bullet Time"],"campfire_rested":5,"item_purchase_floors":[10,10,14,21,27,27,44],"current_hp_per_floor":[67,67,67,62,62,19,11,10,10,10,31,13,5,5,26,24,70,64,52,48,48,48,13,13,7,7,7,28,26,23,19,40,13,70,70,69,69,47,47,47,41,41,41,41,41,40,40,40,61,58],"gold":136,"neow_bonus":"TRANSFORM_CARD","is_prod":false,"is_daily":false,"chose_seed":false,"campfire_upgraded":5,"win_rate":0.0,"timestamp":1562825407,"path_taken":["M","?","M","M","?","E","M","E","T","$","R","M","M","?","R","BOSS","M","M","M","$","M","E","R","E","T","$","R","M","M","M","R","BOSS","M","M","M","M","M","R","M","R","T","$","R","M","R","?","R","BOSS"],"build_version":"2019-07-05","purchased_purges":2,"victory":true,"max_hp_per_floor":[70,70,70,70,70,70,70,70,70,70,70,70,70,70,70,70,70,70,70,70,70,70,70,70,70,70,70,70,70,70,70,70,70,70,70,70,70,70,70,70,70,70,70,70,70,70,70,70,70,70],"card_choices":[{"not_picked":["Dodge and Roll","Flying Knee"],"picked":"Poisoned Stab","floor":1.0},{"not_picked":["Bane","Dodge and Roll"],"picked":"Catalyst","floor":3.0},{"not_picked":["Flechettes","Infinite Blades"],"picked":"Footwork","floor":4.0},{"not_picked":["Sucker Punch","Dagger Throw"],"picked":"Bouncing Flask","floor":5.0},{"not_picked":["Corpse Explosion","Tactician"],"picked":"Footwork","floor":6.0},{"not_picked":["Outmaneuver","Predator"],"picked":"Quick Slash","floor":7.0},{"not_picked":["Outmaneuver","Crippling Poison"],"picked":"Leg Sweep","floor":8.0},{"not_picked":["PiercingWail","Caltrops"],"picked":"Calculated Gamble","floor":11.0},{"not_picked":["Flying Knee","Predator"],"picked":"Catalyst","floor":12.0},{"not_picked":["Poisoned Stab","PiercingWail"],"picked":"Deadly Poison","floor":13.0},{"not_picked":["Underhanded Strike","Flying Knee"],"picked":"Acrobatics","floor":15.0},{"not_picked":["Phantasmal Killer","Venomology"],"picked":"Corpse Explosion","floor":16.0},{"not_picked":["Poisoned Stab","Calculated Gamble"],"picked":"Backflip","floor":18.0},{"not_picked":["Dodge and Roll","Prepared"],"picked":"Acrobatics+1","floor":19.0},{"not_picked":["Backflip","Bouncing Flask"],"picked":"Bullet Time","floor":20.0},{"not_picked":["Deadly Poison","Sucker Punch"],"picked":"Catalyst","floor":22.0},{"not_picked":["Dodge and Roll","Acrobatics"],"picked":"Footwork+1","floor":23.0},{"not_picked":["Backstab","Flying Knee","Blade Dance"],"picked":"SKIP","floor":25.0},{"not_picked":["Quick Slash+1","Catalyst"],"picked":"Deadly Poison","floor":29.0},{"not_picked":["Underhanded Strike","Catalyst","Sucker Punch"],"picked":"SKIP","floor":30.0},{"not_picked":["Corpse Explosion","Quick Slash"],"picked":"Well Laid Plans","floor":31.0},{"not_picked":["Acrobatics","All Out Attack+1"],"picked":"Prepared","floor":32.0},{"not_picked":["Phantasmal Killer","Tools of the Trade"],"picked":"After Image","floor":33.0},{"not_picked":["Quick Slash+1","Blur"],"picked":"Bouncing Flask+1","floor":35.0},{"not_picked":["Underhanded Strike","Dash"],"picked":"Dodge and Roll+1","floor":36.0},{"not_picked":["Finisher","Poisoned Stab","Masterful Stab+1"],"picked":"SKIP","floor":37.0},{"not_picked":["Backstab","Quick Slash","Predator"],"picked":"SKIP","floor":38.0},{"not_picked":["Underhanded Strike","Footwork"],"picked":"Bane+1","floor":39.0},{"not_picked":["Choke+1","Reflex"],"picked":"Deadly Poison+1","floor":41},{"not_picked":["Expertise","Blade Dance+1"],"picked":"Deadly Poison+1","floor":46},{"not_picked":["Dagger Throw+1","Outmaneuver"],"picked":"Prepared","floor":48}],"player_experience":31553,"relics_obtained":[{"floor":6.0,"key":"Incense Burner"},{"floor":8.0,"key":"Dream Catcher"},{"floor":9.0,"key":"Paper Crane"},{"floor":23.0,"key":"Anchor"},{"floor":25.0,"key":"Girya"},{"floor":26.0,"key":"Oddly Smooth Stone"},{"floor":43,"key":"Tough Bandages"},{"floor":48,"key":"Ice Cream"}],"event_choices":[{"damage_healed":0.0,"max_hp_gain":0.0,"max_hp_loss":0.0,"gold_gain":0.0,"event_name":"The Woman in Blue","player_choice":"Bought 3 Potions","floor":2.0,"gold_loss":0.0,"damage_taken":0.0},{"damage_healed":0,"gold_gain":0,"player_choice":"Fight","damage_taken":0,"max_hp_gain":0,"max_hp_loss":0,"event_name":"MindBloom","floor":48,"gold_loss":0}],"is_beta":false,"boss_relics":[{"not_picked":["Coffee Dripper","Ectoplasm"],"picked":"Astrolabe"},{"not_picked":["Tiny House","HoveringKite"],"picked":"Runic Pyramid"}],"items_purged_floors":[10,44],"is_endless":false,"potions_floor_spawned":[3,6,7,8,13,18,20,23,33,37,39,41],"ascension_level":0}