{"gold_per_floor":[109,259,102,115,128,128,85,85,111,111,111,22,116,116,116,116],"floor_reached":16,"playtime":379,"items_purged":["Doubt"],"score":176,"play_id":"b99c4143-6b46-4e01-b3d3-cc2ced8a3b18","local_time":"20181005200251","is_ascension_mode":true,"campfire_choices":[{"data":"Defragment","floor":6.0,"key":"SMITH"},{"data":"Zap","floor":8.0,"key":"SMITH"},{"data":"Hologram","floor":10.0,"key":"SMITH"},{"floor":15.0,"key":"REST"}],"neow_cost":"NONE","seed_source_timestamp":766510373833919,"circlet_count":0,"master_deck":["Strike_B","Strike_B","Strike_B","Strike_B","Defend_B","Defend_B","Defend_B","Defend_B","Zap+1","Dualcast","AscendersBane","Defragment+1","Hologram+1","Steam","Conserve Battery","Self Repair","Creative AI"],"special_seed":0,"relics":["Cracked Core","Juzu Bracelet","Tiny Chest","Smiling Mask"],"potions_floor_usage":[16,16],"damage_taken":[{"damage":0.0,"enemies":"2 Louse","floor":1.0,"turns":2.0},{"damage":15.0,"enemies":"Small Slimes","floor":4.0,"turns":6.0},{"damage":4.0,"enemies":"Cultist","floor":5.0,"turns":4.0},{"damage":17.0,"enemies":"Exordium Thugs","floor":7.0,"turns":5.0},{"damage":33.0,"enemies":"Lagavulin Event","floor":13.0,"turns":5.0},{"damage":40,"enemies":"Slime Boss","floor":16,"turns":8}],"seed_played":"-3396698149500768569","potions_obtained":[{"floor":0.0,"key":"Regen Potion"},{"floor":0.0,"key":"FocusPotion"},{"floor":4.0,"key":"FearPotion"},{"floor":13.0,"key":"SkillPotion"}],"is_trial":false,"path_per_floor":["M","?","$","M","M","R","M","R","T","R","?","$","?","?","R"],"character_chosen":"DEFECT","items_purchased":["Defragment","Self Repair"],"campfire_rested":1,"item_purchase_floors":[3,12],"current_hp_per_floor":[64,64,64,64,60,60,43,43,43,43,43,43,17,12,33,0],"gold":116,"neow_bonus":"THREE_SMALL_POTIONS","is_prod":false,"is_daily":false,"chose_seed":false,"campfire_upgraded":3,"win_rate":0,"timestamp":1538784171,"path_taken":["M","?","$","M","M","R","?","R","T","R","?","$","?","?","R","BOSS"],"build_version":"2018-10-04","purchased_purges":1,"victory":false,"max_hp_per_floor":[71,71,71,71,71,71,71,71,71,71,71,71,71,71,71,71],"card_choices":[{"not_picked":["Beam Cell","Capacitor","Steam Power"],"picked":"SKIP","floor":1.0},{"not_picked":["Stack","Rebound"],"picked":"Hologram","floor":4.0},{"not_picked":["Turbo","Streamline"],"picked":"Steam","floor":5.0},{"not_picked":["Steam","Coolheaded"],"picked":"Conserve Battery","floor":7.0},{"not_picked":["Compile Driver","Hologram"],"picked":"Creative AI","floor":13.0}],"player_experience":360392,"relics_obtained":[{"floor":9.0,"key":"Juzu Bracelet"},{"floor":13.0,"key":"Tiny Chest"}],"event_choices":[{"event_name":"Liars Game","player_choice":"agreed","floor":2.0,"damage_taken":0.0},{"event_name":"Golden Idol","player_choice":"Ignored","floor":11.0,"damage_taken":0.0},{"event_name":"Dead Adventurer","player_choice":"Searched \u00271\u0027 times","floor":13.0,"damage_taken":0.0},{"event_name":"Scrap Ooze","player_choice":"success","floor":14.0,"damage_taken":5.0}],"is_beta":false,"boss_relics":[],"items_purged_floors":[3],"is_endless":false,"potions_floor_spawned":[4,7,13],"killed_by":"Slime Boss","ascension_level":20}