{"gold_per_floor":[111,122,122,136,146,174,174,200,252,252,56,115,141,156,156,230,230,241,257,182,199,199,199,219,219,245,245,245,261,293,308,308,387,387,400,235,249,268,280,280,280,280,305,305,305,405,418,432,432,432],"floor_reached":50,"playtime":2777,"items_purged":["Strike_B"],"score":1018,"play_id":"4198a413-940d-4da3-b2e6-7ca7070ecc20","local_time":"20190704204740","is_ascension_mode":true,"campfire_choices":[{"data":"Zap","floor":7.0,"key":"SMITH"},{"floor":10.0,"key":"REST"},{"data":"Loop","floor":15.0,"key":"SMITH"},{"floor":23.0,"key":"REST"},{"data":"Biased Cognition","floor":25.0,"key":"SMITH"},{"data":"Sweeping Beam","floor":28.0,"key":"SMITH"},{"data":"Streamline","floor":32.0,"key":"SMITH"},{"data":"Hologram","floor":40.0,"key":"SMITH"},{"data":"Enlightenment","floor":42.0,"key":"SMITH"},{"floor":49,"key":"RECALL"}],"neow_cost":"TEN_PERCENT_HP_LOSS","seed_source_timestamp":0,"circlet_count":0,"master_deck":["AscendersBane","Strike_B","Strike_B","Strike_B","Defend_B","Defend_B","Defend_B","Defend_B","Zap+1","Dualcast","Ball Lightning","Cold Snap","Undo","Steam","Genetic Algorithm","Loop+1","Self Repair","Coolheaded","Biased Cognition+1","Conserve Battery","Machine Learning","BootSequence","Coolheaded","Sunder+1","Conserve Battery+1","Sweeping Beam+1","Streamline+1","Turbo","Hologram+1","Enlightenment+1","Defragment"],"special_seed":0,"relics":["Cracked Core","StoneCalendar","Bag of Preparation","Ornamental Fan","Regal Pillow","Bronze Scales","DataDisk","Sundial","Velvet Choker","Nilry\u0027s Codex","Oddly Smooth Stone","Nunchaku","Coffee Dripper","PreservedInsect","Pocketwatch"],"potions_floor_usage":[],"damage_taken":[{"damage":2.0,"enemies":"Jaw Worm","floor":1.0,"turns":3.0},{"damage":5.0,"enemies":"2 Louse","floor":2.0,"turns":2.0},{"damage":2.0,"enemies":"Small Slimes","floor":4.0,"turns":3.0},{"damage":5.0,"enemies":"Exordium Thugs","floor":5.0,"turns":7.0},{"damage":15.0,"enemies":"Lagavulin","floor":6.0,"turns":7.0},{"damage":20.0,"enemies":"3 Sentries","floor":8.0,"turns":7.0},{"damage":26.0,"enemies":"Gremlin Nob","floor":12.0,"turns":4.0},{"damage":29.0,"enemies":"Gremlin Nob","floor":13.0,"turns":4.0},{"damage":0.0,"enemies":"2 Fungi Beasts","floor":14.0,"turns":3.0},{"damage":3.0,"enemies":"Hexaghost","floor":16.0,"turns":8.0},{"damage":12.0,"enemies":"Shell Parasite","floor":18.0,"turns":5.0},{"damage":0.0,"enemies":"3 Byrds","floor":19.0,"turns":3.0},{"damage":15.0,"enemies":"3 Cultists","floor":21.0,"turns":6.0},{"damage":0.0,"enemies":"Snecko","floor":24.0,"turns":5.0},{"damage":10.0,"enemies":"Centurion and Healer","floor":29.0,"turns":7.0},{"damage":8.0,"enemies":"Slavers","floor":30.0,"turns":4.0},{"damage":1.0,"enemies":"Sentry and Sphere","floor":31.0,"turns":5.0},{"damage":15.0,"enemies":"Champ","floor":33.0,"turns":20.0},{"damage":0.0,"enemies":"3 Shapes","floor":35.0,"turns":7.0},{"damage":2.0,"enemies":"Orb Walker","floor":37.0,"turns":3.0},{"damage":0.0,"enemies":"4 Shapes","floor":38.0,"turns":6.0},{"damage":4.0,"enemies":"Writhing Mass","floor":39.0,"turns":7.0},{"damage":1,"enemies":"Mind Bloom Boss Battle","floor":46,"turns":7},{"damage":31,"enemies":"Spire Growth","floor":47,"turns":6},{"damage":0,"enemies":"Sphere and 2 Shapes","floor":48,"turns":7},{"damage":65,"enemies":"Donu and Deca","floor":50,"turns":9}],"seed_played":"-8143889909257143869","potions_obtained":[{"floor":2.0,"key":"Block Potion"},{"floor":4.0,"key":"PowerPotion"},{"floor":8.0,"key":"Swift Potion"},{"floor":16.0,"key":"Swift Potion"},{"floor":19.0,"key":"GamblersBrew"},{"floor":30.0,"key":"Poison Potion"},{"floor":39.0,"key":"LiquidBronze"}],"is_trial":false,"path_per_floor":["M","M","?","M","M","E","R","E","T","R","$","?","E","M","R","B",null,"M","M","$","M","?","R","M","R","T","?","R","M","E","M","R","B",null,"M","$","M","M","M","R","?","R","T","?","?","?","M","M","R","B"],"character_chosen":"DEFECT","items_purchased":["Self Repair","Bronze Scales","PreservedInsect"],"campfire_rested":2,"item_purchase_floors":[11,11,36],"current_hp_per_floor":[62,57,62,60,55,40,40,20,20,55,55,36,14,21,21,25,58,53,60,60,52,31,66,69,69,69,69,69,66,65,69,69,61,67,69,69,69,69,69,69,69,69,69,69,69,69,45,52,52,0],"gold":432,"neow_bonus":"ONE_RARE_RELIC","is_prod":false,"is_daily":false,"chose_seed":false,"campfire_upgraded":7,"win_rate":0,"timestamp":1562287660,"path_taken":["M","M","?","M","M","E","R","E","T","R","$","?","E","M","R","BOSS","M","M","$","M","?","R","M","R","T","?","R","?","E","M","R","BOSS","M","$","M","M","M","R","?","R","T","?","?","?","M","?","R","BOSS"],"build_version":"2019-07-01","purchased_purges":1,"victory":false,"max_hp_per_floor":[64,64,69,69,69,69,69,69,69,69,69,69,69,69,69,69,69,69,69,69,69,69,69,69,69,69,69,69,69,69,69,69,69,69,69,69,69,69,69,69,69,69,69,69,69,69,69,69,69,69],"card_choices":[{"not_picked":["Gash","Leap"],"picked":"Ball Lightning","floor":1.0},{"not_picked":["Go for the Eyes","Skim"],"picked":"Cold Snap","floor":2.0},{"not_picked":["Force Field","Rip and Tear"],"picked":"Undo","floor":4.0},{"not_picked":["Redo","Skim"],"picked":"Steam","floor":5.0},{"not_picked":["Turbo","Auto Shields"],"picked":"Genetic Algorithm","floor":6.0},{"not_picked":["Thunder Strike","Rebound"],"picked":"Loop","floor":8.0},{"not_picked":["Redo","Reinforced Body"],"picked":"Coolheaded","floor":12.0},{"not_picked":["Redo","Aggregate"],"picked":"Biased Cognition","floor":13.0},{"not_picked":["Beam Cell","Scrape"],"picked":"Conserve Battery","floor":14.0},{"not_picked":["Rainbow","Creative AI"],"picked":"Machine Learning","floor":16.0},{"not_picked":["Redo","Aggregate"],"picked":"BootSequence","floor":18.0},{"not_picked":["Gash+1","Stack"],"picked":"Coolheaded","floor":19.0},{"not_picked":["Chill","Storm"],"picked":"Sunder+1","floor":21.0},{"not_picked":["Steam Power","Hologram"],"picked":"Conserve Battery+1","floor":24.0},{"not_picked":["Streamline","Beam Cell+1","Aggregate"],"picked":"SKIP","floor":29.0},{"not_picked":["Barrage","Conserve Battery","Rebound"],"picked":"SKIP","floor":30.0},{"not_picked":["Compile Driver","Stack"],"picked":"Streamline","floor":31.0},{"not_picked":["Leap","Sweeping Beam"],"picked":"Turbo","floor":35.0},{"not_picked":["Aggregate","Steam"],"picked":"Hologram","floor":37.0},{"not_picked":["Streamline","Chill","Steam"],"picked":"SKIP","floor":38.0},{"not_picked":["Barrage","Genetic Algorithm","Go for the Eyes"],"picked":"SKIP","floor":39.0},{"not_picked":["Madness","Sadistic Nature"],"picked":"Enlightenment","floor":41.0},{"not_picked":["Ball Lightning","Gash"],"picked":"Defragment","floor":46},{"not_picked":["Rebound+1","Beam Cell","Conserve Battery+1"],"picked":"SKIP","floor":47},{"not_picked":["Conserve Battery","Sweeping Beam","Auto Shields+1"],"picked":"SKIP","floor":48}],"player_experience":864846,"relics_obtained":[{"floor":6.0,"key":"Bag of Preparation"},{"floor":8.0,"key":"Ornamental Fan"},{"floor":9.0,"key":"Regal Pillow"},{"floor":13.0,"key":"Sundial"},{"floor":22.0,"key":"Nilry\u0027s Codex"},{"floor":26.0,"key":"Oddly Smooth Stone"},{"floor":30.0,"key":"Nunchaku"},{"floor":46,"key":"Pocketwatch"}],"event_choices":[{"damage_healed":0.0,"max_hp_gain":5.0,"max_hp_loss":0.0,"gold_gain":0.0,"event_name":"Big Fish","player_choice":"Donut","floor":3.0,"gold_loss":0.0,"damage_taken":0.0},{"damage_healed":0.0,"max_hp_gain":0.0,"max_hp_loss":0.0,"gold_gain":0.0,"event_name":"Dead Adventurer","player_choice":"Searched \u00273\u0027 times","floor":12.0,"gold_loss":0.0,"damage_taken":0.0,"relics_obtained":["DataDisk"]},{"damage_healed":0.0,"max_hp_gain":0.0,"max_hp_loss":0.0,"gold_gain":0.0,"event_name":"Cursed Tome","player_choice":"Obtained Book","floor":22.0,"gold_loss":0.0,"damage_taken":21.0},{"damage_healed":0.0,"max_hp_gain":0.0,"max_hp_loss":0.0,"gold_gain":0.0,"event_name":"The Library","player_choice":"Read","floor":27.0,"gold_loss":0.0,"damage_taken":0.0,"cards_obtained":["Sweeping Beam"]},{"damage_healed":0.0,"max_hp_gain":0.0,"max_hp_loss":0.0,"gold_gain":0.0,"event_name":"SensoryStone","player_choice":"Memory 1","floor":41.0,"gold_loss":0.0,"damage_taken":0.0},{"damage_healed":0,"gold_gain":0,"player_choice":"Ignored","damage_taken":0,"max_hp_gain":0,"max_hp_loss":0,"event_name":"Mysterious Sphere","floor":44,"gold_loss":0},{"damage_healed":0,"gold_gain":0,"player_choice":"Ignored","damage_taken":0,"max_hp_gain":0,"max_hp_loss":0,"event_name":"Tomb of Lord Red Mask","floor":45,"gold_loss":0},{"damage_healed":0,"gold_gain":0,"player_choice":"Fight","damage_taken":0,"max_hp_gain":0,"max_hp_loss":0,"event_name":"MindBloom","floor":46,"gold_loss":0}],"is_beta":false,"boss_relics":[{"not_picked":["Black Star","Runic Dome"],"picked":"Velvet Choker"},{"not_picked":["Calling Bell","Empty Cage"],"picked":"Coffee Dripper"}],"items_purged_floors":[20],"is_endless":false,"potions_floor_spawned":[2,4,8,16,19,24,29,30,38,39],"killed_by":"Donu and Deca","ascension_level":20}