{"gold_per_floor":[114,128,139,139,158,158,183,148,148,164,179,25,45,102,102,197,197,213,228,31,31,31,31,31,59,85,99,128,138,157,173,173,173],"floor_reached":33,"playtime":1663,"items_purged":[],"score":447,"play_id":"4067fd6b-3e98-45af-a792-2d2cd2cba704","local_time":"20180903175156","is_ascension_mode":true,"campfire_choices":[{"data":"Neutralize","floor":6.0,"key":"SMITH"},{"data":"Noxious Fumes","floor":15.0,"key":"SMITH"},{"data":"Noxious Fumes","floor":24.0,"key":"SMITH"},{"floor":32.0,"key":"REST"}],"neow_cost":"NONE","seed_source_timestamp":0,"circlet_count":0,"master_deck":["Defend_G+1","Defend_G+1","Defend_G+1","Defend_G+1","Defend_G+1","Strike_G+1","Strike_G+1","Strike_G+1","Strike_G+1","Strike_G+1","Survivor","Neutralize+1","Predator","Infinite Blades","Cloak And Dagger","Backflip","Noxious Fumes+1","Backstab","Blade Dance","Malaise","Dagger Throw+1","Blade Dance","Noxious Fumes+1","Blur","Backstab+1","Blade Dance","Blade Dance+1","Dodge and Roll"],"special_seed":0,"relics":["Ring of the Snake","Pen Nib","Tough Bandages","Ornamental Fan","Snake Skull","Black Star","Lee\u0027s Waffle","Omamori","Vajra","Juzu Bracelet","Art of War","Regal Pillow"],"potions_floor_usage":[],"damage_taken":[{"damage":3.0,"enemies":"Jaw Worm","floor":1.0,"turns":5.0},{"damage":0.0,"enemies":"Small Slimes","floor":2.0,"turns":3.0},{"damage":0.0,"enemies":"2 Louse","floor":3.0,"turns":2.0},{"damage":16.0,"enemies":"Lots of Slimes","floor":5.0,"turns":5.0},{"damage":11.0,"enemies":"3 Sentries","floor":7.0,"turns":11.0},{"damage":0.0,"enemies":"2 Fungi Beasts","floor":10.0,"turns":4.0},{"damage":0.0,"enemies":"3 Louse","floor":11.0,"turns":3.0},{"damage":5.0,"enemies":"Lots of Slimes","floor":13.0,"turns":3.0},{"damage":22.0,"enemies":"The Guardian","floor":16.0,"turns":10.0},{"damage":4.0,"enemies":"Chosen","floor":18.0,"turns":6.0},{"damage":0.0,"enemies":"3 Byrds","floor":19.0,"turns":5.0},{"damage":37.0,"enemies":"Book of Stabbing","floor":25.0,"turns":8.0},{"damage":12.0,"enemies":"3 Cultists","floor":27.0,"turns":5.0},{"damage":4.0,"enemies":"Gremlin Leader","floor":28.0,"turns":5.0},{"damage":6.0,"enemies":"Sentry and Sphere","floor":29.0,"turns":6.0},{"damage":0.0,"enemies":"Snake Plant","floor":30.0,"turns":6.0},{"damage":0.0,"enemies":"Chosen and Byrds","floor":31.0,"turns":4.0},{"damage":49,"enemies":"Automaton","floor":33,"turns":6}],"seed_played":"-9175629677715122821","potions_obtained":[{"floor":0.0,"key":"Swift Potion"},{"floor":0.0,"key":"Fire Potion"},{"floor":0.0,"key":"FearPotion"},{"floor":3.0,"key":"GamblersBrew"},{"floor":25.0,"key":"AttackPotion"},{"floor":29.0,"key":"Explosive Potion"},{"floor":30.0,"key":"PowerPotion"}],"is_trial":false,"path_per_floor":["M","M","M","?","M","R","E","?","T","M","M","$","M","?","R","B",null,"M","M","$","?","?","?","R","E","T","M","E","M","M","M","R"],"character_chosen":"THE_SILENT","items_purchased":["Snake Skull","Lee\u0027s Waffle"],"campfire_rested":1,"item_purchase_floors":[12,20],"current_hp_per_floor":[60,60,60,53,37,37,26,43,43,43,43,43,38,38,38,16,57,53,53,77,63,63,63,63,26,26,14,10,4,4,4,43,0],"gold":173,"neow_bonus":"THREE_SMALL_POTIONS","is_prod":false,"is_daily":false,"chose_seed":false,"campfire_upgraded":3,"win_rate":0,"timestamp":1536011516,"path_taken":["M","M","M","?","?","R","E","?","T","?","M","$","?","?","R","BOSS","M","?","$","?","?","?","R","E","T","M","E","M","M","M","R","BOSS"],"build_version":"2018-08-30","purchased_purges":0,"victory":false,"max_hp_per_floor":[70,70,70,70,70,70,70,70,70,70,70,70,70,70,70,70,70,70,70,77,82,82,82,82,82,82,82,82,82,82,82,82,82],"card_choices":[{"not_picked":["Quick Slash","Tactician"],"picked":"Predator","floor":1.0},{"not_picked":["Endless Agony","Flying Knee"],"picked":"Infinite Blades","floor":2.0},{"not_picked":["Accuracy","Flying Knee"],"picked":"Cloak And Dagger","floor":3.0},{"not_picked":["Outmaneuver","PiercingWail"],"picked":"Backflip","floor":5.0},{"not_picked":["Endless Agony","Well Laid Plans"],"picked":"Noxious Fumes","floor":7.0},{"not_picked":["Slice","Escape Plan"],"picked":"Backstab","floor":10.0},{"not_picked":["Slice","Flechettes"],"picked":"Blade Dance","floor":11.0},{"not_picked":["Underhanded Strike","Acrobatics","Bane"],"picked":"SKIP","floor":13.0},{"not_picked":["Burst","Unload"],"picked":"Malaise","floor":16.0},{"not_picked":["Quick Slash","Slice+1"],"picked":"Dagger Throw+1","floor":18.0},{"not_picked":["Bouncing Flask+1","Flying Knee"],"picked":"Blade Dance","floor":19.0},{"not_picked":["Dagger Spray+1","Night Terror"],"picked":"Blur","floor":25.0},{"not_picked":["Deadly Poison","Finisher"],"picked":"Backstab+1","floor":27.0},{"not_picked":["All Out Attack","Acrobatics","Endless Agony+1"],"picked":"SKIP","floor":28.0},{"not_picked":["All Out Attack","Dodge and Roll"],"picked":"Blade Dance","floor":29.0},{"not_picked":["Choke","Flying Knee+1"],"picked":"Blade Dance+1","floor":30.0},{"not_picked":["Underhanded Strike+1","Die Die Die"],"picked":"Dodge and Roll","floor":31.0}],"player_experience":310780,"relics_obtained":[{"floor":7.0,"key":"Tough Bandages"},{"floor":9.0,"key":"Ornamental Fan"},{"floor":25.0,"key":"Omamori"},{"floor":25.0,"key":"Vajra"},{"floor":26.0,"key":"Juzu Bracelet"},{"floor":28.0,"key":"Art of War"},{"floor":28.0,"key":"Regal Pillow"}],"event_choices":[{"event_name":"Scrap Ooze","player_choice":"success","floor":4.0,"damage_taken":7.0},{"event_name":"The Cleric","player_choice":"Healed","floor":8.0,"damage_taken":0.0},{"event_name":"Golden Wing","player_choice":"Gained Gold","floor":14.0,"damage_taken":0.0},{"event_name":"Forgotten Altar","player_choice":"Shed Blood","floor":21.0,"damage_taken":0.0},{"event_name":"The Library","player_choice":"Read","floor":22.0,"damage_taken":0.0},{"event_name":"Back to Basics","player_choice":"Simplicity","floor":23.0,"damage_taken":0.0}],"is_beta":false,"boss_relics":[{"not_picked":["Fusion Hammer","Calling Bell"],"picked":"Black Star"}],"items_purged_floors":[],"is_endless":false,"potions_floor_spawned":[3,10,11,16,18,25,29,30],"killed_by":"Automaton","ascension_level":9}