{"gold_per_floor":[112,22,41,116,133,133,164,164,164,222,233,265,277,297,297,373,373,391,404,404,404,418,418,418],"floor_reached":24,"playtime":851,"items_purged":[],"score":416,"play_id":"9e55122c-0157-4c8c-acab-f163567f87e2","local_time":"20190421181123","is_ascension_mode":true,"campfire_choices":[{"data":"Noxious Fumes","floor":6.0,"key":"SMITH"},{"floor":8.0,"key":"REST"},{"floor":15.0,"key":"REST"},{"floor":23,"key":"REST"}],"neow_cost":"CURSE","seed_source_timestamp":0,"circlet_count":0,"master_deck":["AscendersBane","Defend_G","Defend_G","Defend_G","Defend_G","Defend_G","Strike_G","Strike_G","Strike_G","Strike_G","Strike_G","Survivor","Neutralize","Shame","Sucker Punch","Noxious Fumes+1","Bouncing Flask","Dagger Spray","PiercingWail","Dagger Spray","PiercingWail","Cloak And Dagger","Catalyst","Flying Knee","Burst","Caltrops","Dodge and Roll","Poisoned Stab+1"],"special_seed":0,"relics":["Ring of the Serpent","Unceasing Top","Potion Belt","Pear","Lantern","Centennial Puzzle","MutagenicStrength"],"potions_floor_usage":[20,24],"damage_taken":[{"damage":3.0,"enemies":"2 Louse","floor":1.0,"turns":3.0},{"damage":7.0,"enemies":"Small Slimes","floor":3.0,"turns":4.0},{"damage":0.0,"enemies":"Jaw Worm","floor":5.0,"turns":4.0},{"damage":16.0,"enemies":"Lagavulin","floor":7.0,"turns":8.0},{"damage":22.0,"enemies":"Gremlin Nob","floor":10.0,"turns":4.0},{"damage":5.0,"enemies":"3 Louse","floor":11.0,"turns":3.0},{"damage":19.0,"enemies":"3 Sentries","floor":12.0,"turns":6.0},{"damage":0.0,"enemies":"2 Fungi Beasts","floor":13.0,"turns":2.0},{"damage":0.0,"enemies":"Blue Slaver","floor":14.0,"turns":4.0},{"damage":12.0,"enemies":"Hexaghost","floor":16.0,"turns":8.0},{"damage":5,"enemies":"Chosen","floor":18,"turns":5},{"damage":17,"enemies":"Spheric Guardian","floor":19,"turns":6},{"damage":12,"enemies":"Colosseum Slavers","floor":20,"turns":6},{"damage":15,"enemies":"Snake Plant","floor":22,"turns":6},{"damage":40,"enemies":"Cultist and Chosen","floor":24,"turns":4}],"seed_played":"-832310121914628879","potions_obtained":[{"floor":1.0,"key":"Energy Potion"},{"floor":3.0,"key":"Ancient Potion"},{"floor":14.0,"key":"Poison Potion"},{"floor":16.0,"key":"SkillPotion"},{"floor":18,"key":"SkillPotion"},{"floor":19,"key":"Fire Potion"}],"is_trial":false,"path_per_floor":["M","$","M","?","M","R","E","R","T","?","M","E","M","M","R","B",null,"M","M","?","?","M","R","M"],"character_chosen":"THE_SILENT","items_purchased":["Noxious Fumes"],"campfire_rested":3,"item_purchase_floors":[2],"current_hp_per_floor":[56,56,49,38,38,38,22,41,51,29,24,5,5,5,27,15,61,56,39,27,27,12,34,0],"gold":418,"neow_bonus":"ONE_RARE_RELIC","is_prod":false,"is_daily":false,"chose_seed":false,"campfire_upgraded":1,"win_rate":0,"timestamp":1555884683,"path_taken":["M","$","M","?","M","R","E","R","T","?","M","E","M","?","R","BOSS","M","M","?","?","M","R","M"],"build_version":"2019-01-23","purchased_purges":0,"victory":false,"max_hp_per_floor":[66,66,66,66,66,66,66,66,76,76,76,76,76,76,76,76,76,76,76,76,76,76,76,76],"card_choices":[{"not_picked":["Blur","Dagger Throw"],"picked":"Sucker Punch","floor":1.0},{"not_picked":["Eviscerate","Choke"],"picked":"Bouncing Flask","floor":3.0},{"not_picked":["Expertise","Cloak And Dagger"],"picked":"Dagger Spray","floor":5.0},{"not_picked":["Dodge and Roll","Storm of Steel"],"picked":"PiercingWail","floor":7.0},{"not_picked":["Deflect","Deadly Poison"],"picked":"Dagger Spray","floor":10.0},{"not_picked":["Dodge and Roll","Slice"],"picked":"PiercingWail","floor":11.0},{"not_picked":["Quick Slash","Flying Knee"],"picked":"Cloak And Dagger","floor":12.0},{"not_picked":["Sucker Punch","All Out Attack"],"picked":"Catalyst","floor":13.0},{"not_picked":["Endless Agony","Outmaneuver"],"picked":"Flying Knee","floor":14.0},{"not_picked":["Bullet Time","A Thousand Cuts"],"picked":"Burst","floor":16.0},{"not_picked":["PiercingWail","Sucker Punch"],"picked":"Caltrops","floor":18},{"not_picked":["Backflip","Dagger Spray"],"picked":"Dodge and Roll","floor":19},{"not_picked":["Dagger Throw","Bane"],"picked":"Poisoned Stab+1","floor":22}],"player_experience":651084,"relics_obtained":[{"floor":7.0,"key":"Potion Belt"},{"floor":9.0,"key":"Pear"},{"floor":10.0,"key":"Lantern"},{"floor":12.0,"key":"Centennial Puzzle"}],"event_choices":[{"damage_healed":0.0,"max_hp_gain":0.0,"max_hp_loss":0.0,"gold_gain":75.0,"event_name":"World of Goop","player_choice":"Gather Gold","floor":4.0,"gold_loss":0.0,"damage_taken":11.0},{"damage_healed":0.0,"max_hp_gain":0.0,"max_hp_loss":0.0,"gold_gain":0.0,"event_name":"Dead Adventurer","player_choice":"Searched \u00272\u0027 times","floor":10.0,"gold_loss":0.0,"damage_taken":0.0},{"damage_healed":0,"gold_gain":0,"player_choice":"Fight","damage_taken":0,"max_hp_gain":0,"max_hp_loss":0,"event_name":"Colosseum","floor":20,"gold_loss":0},{"damage_healed":0,"gold_gain":0,"player_choice":"Fled From Nobs","damage_taken":0,"max_hp_gain":0,"max_hp_loss":0,"event_name":"Colosseum","floor":20,"gold_loss":0},{"damage_healed":0,"gold_gain":0,"player_choice":"Inject Mutagens","damage_taken":0,"relics_obtained":["MutagenicStrength"],"max_hp_gain":0,"max_hp_loss":0,"event_name":"Drug Dealer","floor":21,"gold_loss":0}],"is_beta":false,"boss_relics":[{"not_picked":["Pandora\u0027s Box","Orrery"],"picked":"Ring of the Serpent"}],"items_purged_floors":[],"is_endless":false,"potions_floor_spawned":[1,3,14,16,18,19],"killed_by":"Cultist and Chosen","ascension_level":20}