{"gold_per_floor":[114,189,114,114,0,0,26,43,115,127,154,173,73,86,86,86],"floor_reached":16,"playtime":319,"items_purged":["Strike_B","Strike_B"],"score":270,"play_id":"8bf7f797-aa9e-4a22-b129-a07e9eb0f61d","local_time":"20190317003557","is_ascension_mode":true,"campfire_choices":[{"data":"Defragment","floor":6,"key":"SMITH"},{"data":"White Noise","floor":15,"key":"SMITH"}],"neow_cost":"NONE","seed_source_timestamp":7381926130690155,"circlet_count":0,"master_deck":["AscendersBane","Strike_B","Defend_B","Defend_B","Defend_B","Defend_B","Zap","Dualcast","Steam","Defragment+1","Go for the Eyes","Conserve Battery","White Noise+1","Doom and Gloom"],"special_seed":0,"relics":["Cracked Core","NeowsBlessing","Ice Cream","Sundial","Letter Opener"],"potions_floor_usage":[11],"damage_taken":[{"damage":0,"enemies":"Small Slimes","floor":1,"turns":1},{"damage":0,"enemies":"Lagavulin","floor":7,"turns":1},{"damage":0,"enemies":"2 Louse","floor":8,"turns":1},{"damage":1,"enemies":"Jaw Worm","floor":10,"turns":4},{"damage":17,"enemies":"3 Sentries","floor":11,"turns":5},{"damage":10,"enemies":"Exordium Thugs","floor":12,"turns":5},{"damage":4,"enemies":"Blue Slaver","floor":14,"turns":3},{"damage":21,"enemies":"The Guardian","floor":16,"turns":5}],"seed_played":"-2226797233931690280","potions_obtained":[{"floor":1,"key":"PowerPotion"},{"floor":8,"key":"Dexterity Potion"}],"is_trial":false,"path_per_floor":["M","?","?","?","$","R","E","M","T","M","E","M","$","M","R","B"],"character_chosen":"DEFECT","items_purchased":["Defragment"],"campfire_rested":0,"item_purchase_floors":[5],"current_hp_per_floor":[64,53,53,53,53,53,53,53,53,52,35,25,25,21,21,0],"gold":86,"neow_bonus":"THREE_ENEMY_KILL","is_prod":false,"is_daily":false,"chose_seed":false,"campfire_upgraded":2,"win_rate":0,"timestamp":1552797357,"path_taken":["M","?","?","?","?","R","E","M","T","M","E","M","$","?","R","BOSS"],"build_version":"2019-01-23","purchased_purges":2,"victory":false,"max_hp_per_floor":[71,71,71,71,71,71,71,71,71,71,71,71,71,71,71,71],"card_choices":[{"not_picked":["Sweeping Beam","Fusion"],"picked":"Steam","floor":1},{"not_picked":["Redo","Leap"],"picked":"Go for the Eyes","floor":7},{"not_picked":["Rip and Tear","Rebound"],"picked":"Conserve Battery","floor":8},{"not_picked":["Coolheaded","Redo"],"picked":"White Noise","floor":10},{"not_picked":["Rainbow","Streamline","Tempest"],"picked":"SKIP","floor":11},{"not_picked":["Barrage","Beam Cell"],"picked":"Doom and Gloom","floor":12},{"not_picked":["Darkness","Force Field","Turbo"],"picked":"SKIP","floor":14}],"player_experience":589456,"relics_obtained":[{"floor":7,"key":"Ice Cream"},{"floor":9,"key":"Sundial"},{"floor":11,"key":"Letter Opener"}],"event_choices":[{"damage_healed":0,"gold_gain":75,"player_choice":"Gather Gold","damage_taken":11,"max_hp_gain":0,"max_hp_loss":0,"event_name":"World of Goop","floor":2,"gold_loss":0},{"cards_removed":["Strike_B"],"damage_healed":0,"gold_gain":0,"player_choice":"Card Removal","damage_taken":0,"max_hp_gain":0,"max_hp_loss":0,"event_name":"The Cleric","floor":3,"gold_loss":75},{"damage_healed":0,"gold_gain":0,"player_choice":"Ignored","damage_taken":0,"max_hp_gain":0,"max_hp_loss":0,"event_name":"Liars Game","floor":4,"gold_loss":0}],"is_beta":false,"boss_relics":[],"items_purged_floors":[5,13],"is_endless":false,"potions_floor_spawned":[1,8,10],"killed_by":"The Guardian","ascension_level":20}