{"path_per_floor":["M","M","?","M","$","R","E","R","T","R","E","M","M","?","R","B",null,"M","?","$","M","T","R","M","E","T","M","?","T","R","M","R","B",null,"M","?","M","T","M"],"character_chosen":"THE_SILENT","items_purchased":["Noxious Fumes","Quick Slash","Flash of Steel"],"gold_per_floor":[113,131,131,142,24,24,54,54,80,80,114,131,143,143,143,242,242,259,259,88,101,101,101,114,141,166,177,77,101,101,119,119,224,224,236,236,249,327,343],"floor_reached":40,"campfire_rested":4,"playtime":4596,"current_hp_per_floor":[61,57,57,57,57,57,8,29,29,50,32,32,20,20,41,17,70,70,70,70,50,64,64,47,19,19,19,19,19,61,52,52,35,91,88,101,74,74,24],"items_purged":["Strike_G"],"gold":343,"play_id":"4a6ff66f-b81f-4ceb-9d5e-f0001dbc2b0a","is_prod":false,"is_daily":false,"campfire_rituals":0,"campfire_upgraded":1,"is_hardmode":false,"path_taken":["M","M","?","M","?","R","E","R","T","R","E","M","?","?","R","BOSS","M","?","$","M","?","R","M","E","T","M","?","?","R","M","R","BOSS","M","?","?","?","M","E"],"build_version":"2018-01-11-PROD2","purchased_purges":1,"victory":false,"master_deck":["Defend_G","Defend_G","Defend_G","Defend_G","Defend_G","Strike_G","Survivor","Neutralize","Escape Plan","Dagger Spray","Prepared","Noxious Fumes","Quick Slash","Dagger Throw","Backflip","Prepared","Outmaneuver","Adrenaline","Prepared","Burst","Bane","Backflip","Flash of Steel","Backflip","Tools of the Trade","Sucker Punch","J.A.X.","Deadly Poison","Well Laid Plans","Blade Dance","Leg Sweep","Escape Plan","Sucker Punch","Finisher"],"max_hp_per_floor":[70,70,70,70,70,70,70,70,70,70,70,70,70,70,70,70,70,70,70,70,70,84,84,84,91,91,91,91,91,91,91,91,91,91,91,101,101,101,101],"relics":["The Specimen","Mercury Hourglass","Dream Catcher","Girya","Sozu","Mango","Strawberry","Oddly Smooth Stone","Regal Pillow","Astrolabe","Bottled Flame"],"campfire_meditates":0,"card_choices":[{"not_picked":["Deflect","Infinite Blades"],"picked":"Escape Plan"},{"not_picked":["Dodge and Roll","PiercingWail"],"picked":"Dagger Spray"},{"not_picked":["Leg Sweep","Endless Agony"],"picked":"Prepared"},{"not_picked":["Flying Knee","Deflect"],"picked":"Dagger Throw"},{"not_picked":["Venomology","Acrobatics"],"picked":"Backflip"},{"not_picked":["Quick Slash","Deflect"],"picked":"Prepared"},{"not_picked":["Flying Knee","Endless Agony"],"picked":"Outmaneuver"},{"not_picked":["Outmaneuver","Distraction"],"picked":"Adrenaline"},{"not_picked":["Quick Slash","Bane"],"picked":"Prepared"},{"not_picked":["Envenom","Glass Knife"],"picked":"Burst"},{"not_picked":["Infinite Blades","Riddle With Holes"],"picked":"Bane"},{"not_picked":["Endless Agony","Calculated Gamble"],"picked":"Backflip"},{"not_picked":["Riddle With Holes","Blur"],"picked":"Tools of the Trade"},{"not_picked":["Flying Knee","Blade Dance"],"picked":"Sucker Punch"},{"not_picked":["Backstab","Masterful Stab"],"picked":"Deadly Poison"},{"not_picked":["Slice","Distraction"],"picked":"Well Laid Plans"},{"not_picked":["Wraith Form","A Thousand Cuts"],"picked":"Doppelganger"},{"not_picked":["Well Laid Plans","Prepared"],"picked":"Sucker Punch"},{"not_picked":["PiercingWail","All Out Attack"],"picked":"Finisher"}],"player_experience":126564,"potions_floor_usage":[2,16,16],"damage_taken":[{"damage":9,"enemies":"Cultist","floor":1,"turns":4},{"damage":4,"enemies":"Blue Slaver","floor":2,"turns":3},{"damage":0,"enemies":"Small Slimes","floor":4,"turns":2},{"damage":49,"enemies":"Gremlin Nob","floor":7,"turns":6},{"damage":18,"enemies":"Lagavulin","floor":11,"turns":7},{"damage":0,"enemies":"Exordium Thugs","floor":12,"turns":4},{"damage":12,"enemies":"Large Slime","floor":13,"turns":5},{"damage":24,"enemies":"Hexaghost","floor":16,"turns":8},{"damage":0,"enemies":"3 Byrds","floor":18,"turns":4},{"damage":20,"enemies":"2 Thieves","floor":21,"turns":4},{"damage":17,"enemies":"Snecko","floor":24,"turns":6},{"damage":35,"enemies":"Book of Stabbing","floor":25,"turns":6},{"damage":0,"enemies":"Sentry and Sphere","floor":27,"turns":5},{"damage":9,"enemies":"Centurion and Healer","floor":31,"turns":6},{"damage":17,"enemies":"Champ","floor":33,"turns":10},{"damage":3,"enemies":"Orb Walker","floor":35,"turns":3},{"damage":27,"enemies":"3 Darklings","floor":37,"turns":5},{"damage":50,"enemies":"4 Shapes","floor":39,"turns":5},{"damage":40,"enemies":"2 Orb Walkers","floor":40,"turns":4}],"event_choices":[{"event_name":"Upgrade Shrine","player_choice":"Upgraded","floor":3,"damage_taken":0},{"event_name":"The Lab","player_choice":"Got Potions","floor":14,"damage_taken":0},{"event_name":"The Library","player_choice":"Read","floor":19,"damage_taken":0},{"event_name":"Drug Dealer","player_choice":"Got JAXXED","floor":28,"damage_taken":0},{"event_name":"Bonfire Elementals","player_choice":"RARE","floor":36,"damage_taken":0}],"boss_relics":[{"not_picked":["Cursed Key","Runic Dome"],"picked":"Sozu"},{"not_picked":["Black Star","Lizard Tail"],"picked":"Astrolabe"}],"potions_floor_spawned":[1,7,11,16,18,21,24],"seed_played":"-8079994162123193993","killed_by":"2 Orb Walkers","is_trial":false}