{"gold_per_floor":[114,114,79,91,91,126,137,137,137,169,169,187,187,212,212,212],"floor_reached":16,"playtime":768,"items_purged":[],"score":159,"play_id":"3436f21c-dba8-4b7e-a0b1-6c51a97a6a62","local_time":"20190308131120","is_ascension_mode":true,"campfire_choices":[{"floor":8,"key":"DIG"},{"floor":11,"key":"REST"},{"floor":13,"key":"REST"},{"floor":15,"key":"DIG"}],"neow_cost":"NONE","seed_source_timestamp":78769835713128,"circlet_count":0,"master_deck":["Strike_B","Strike_B","Strike_B","Strike_B","Defend_B+1","Defend_B","Defend_B","Defend_B","Zap+1","Dualcast","Conserve Battery","White Noise","Auto Shields","Seek","Coolheaded","Self Repair"],"relics":["Cracked Core","Happy Flower","Shovel","PreservedInsect","Ornamental Fan","Pen Nib","Prayer Wheel","War Paint"],"potions_floor_usage":[10,12,14,16,16],"damage_taken":[{"damage":0,"enemies":"Cultist","floor":1,"turns":3},{"damage":0,"enemies":"2 Louse","floor":4,"turns":3},{"damage":35,"enemies":"Gremlin Nob","floor":6,"turns":4},{"damage":10,"enemies":"Jaw Worm","floor":7,"turns":6},{"damage":25,"enemies":"Lagavulin","floor":10,"turns":8},{"damage":0,"enemies":"2 Fungi Beasts","floor":12,"turns":5},{"damage":9,"enemies":"Gremlin Nob","floor":14,"turns":3},{"damage":40,"enemies":"Slime Boss","floor":16,"turns":13}],"seed_played":"1409642633144318645","potions_obtained":[{"floor":6,"key":"EssenceOfSteel"},{"floor":10,"key":"EntropicBrew"},{"floor":12,"key":"PowerPotion"}],"is_trial":false,"path_per_floor":["M","$","?","M","?","E","M","R","T","E","R","M","R","E","R","B"],"character_chosen":"DEFECT","items_purchased":[],"campfire_rested":2,"item_purchase_floors":[],"current_hp_per_floor":[68,68,75,75,75,40,30,30,30,5,27,27,49,40,40,0],"gold":212,"neow_bonus":"RANDOM_COMMON_RELIC","is_prod":false,"is_daily":false,"chose_seed":false,"campfire_upgraded":0,"win_rate":0,"timestamp":1552072280,"path_taken":["M","$","?","M","?","E","M","R","T","E","R","M","R","E","R","BOSS"],"build_version":"2019-01-23","purchased_purges":0,"victory":false,"max_hp_per_floor":[75,75,75,75,75,75,75,75,75,75,75,75,75,75,75,75],"card_choices":[{"not_picked":["Turbo","Storm"],"picked":"Conserve Battery","floor":1},{"not_picked":["Go for the Eyes","Turbo"],"picked":"White Noise","floor":4},{"not_picked":["Turbo","Leap"],"picked":"Auto Shields","floor":6},{"not_picked":["Fusion","Heatsinks","Turbo"],"picked":"SKIP","floor":7},{"not_picked":["Cold Snap","Darkness"],"picked":"Seek","floor":10},{"not_picked":["Rip and Tear","Streamline"],"picked":"Coolheaded","floor":12},{"not_picked":["Leap","FTL"],"picked":"Self Repair","floor":14}],"player_experience":300591,"relics_obtained":[{"floor":6,"key":"Shovel"},{"floor":8,"key":"PreservedInsect"},{"floor":9,"key":"Ornamental Fan"},{"floor":10,"key":"Pen Nib"},{"floor":14,"key":"Prayer Wheel"},{"floor":15,"key":"War Paint"}],"event_choices":[{"damage_healed":18,"gold_gain":0,"player_choice":"Healed","damage_taken":0,"max_hp_gain":0,"max_hp_loss":0,"event_name":"The Cleric","floor":3,"gold_loss":35},{"damage_healed":0,"gold_gain":0,"player_choice":"Ignored","damage_taken":0,"max_hp_gain":0,"max_hp_loss":0,"event_name":"Liars Game","floor":5,"gold_loss":0}],"is_beta":false,"boss_relics":[],"items_purged_floors":[],"is_endless":false,"potions_floor_spawned":[6,10,12],"killed_by":"Slime Boss","ascension_level":7}