{"path_per_floor":["M","?","?","$","M","E","?","M","T","M","E","?","$","M","R"],"character_chosen":"IRONCLAD","items_purchased":["True Grit"],"gold_per_floor":[115,85,85,31,47,79,79,89,89,109,141,141,66,77,77],"floor_reached":16,"campfire_rested":0,"playtime":1593,"current_hp_per_floor":[80,80,80,80,80,80,80,80,80,80,46,46,46,33,33],"items_purged":["Strike_R"],"gold":77,"play_id":"73e0a14f-baba-4a48-9e8c-c14e490c8e12","is_prod":false,"is_daily":false,"campfire_rituals":0,"campfire_upgraded":1,"is_hardmode":false,"path_taken":["M","?","?","$","M","E","?","?","T","M","E","?","?","M","R","BOSS"],"build_version":"2018-01-11-PROD2","purchased_purges":1,"victory":false,"master_deck":["Strike_R","Strike_R","Strike_R","Defend_R","Defend_R","Defend_R","Defend_R","Bash","Feel No Pain","True Grit","Warcry","Power Through","Bash","Finesse","Flex","Burning Pact","Berserk","Battle Trance"],"max_hp_per_floor":[80,80,80,80,80,80,80,80,80,80,80,80,80,80,80],"relics":["Burning Blood","NeowsBlessing","Blue Candle","Girya","Mercury Hourglass"],"campfire_meditates":0,"card_choices":[{"not_picked":["Dual Wield","Reckless Charge"],"picked":"Feel No Pain"},{"not_picked":["Ghostly Armor","Feel No Pain"],"picked":"Warcry"},{"not_picked":["Carnage","Feel No Pain"],"picked":"Power Through"},{"not_picked":["Sword Boomerang","Twin Strike"],"picked":"Flex"},{"not_picked":["True Grit","Heavy Blade"],"picked":"Burning Pact"},{"not_picked":["Dual Wield","Offering"],"picked":"Berserk"},{"not_picked":["Shockwave","Twin Strike"],"picked":"Battle Trance"}],"player_experience":253573,"potions_floor_usage":[11,16,16,16],"damage_taken":[{"damage":0,"enemies":"2 Louse","floor":1,"turns":1},{"damage":0,"enemies":"Blue Slaver","floor":5,"turns":1},{"damage":0,"enemies":"Gremlin Nob","floor":6,"turns":1},{"damage":0,"enemies":"Small Slimes","floor":8,"turns":4},{"damage":6,"enemies":"3 Louse","floor":10,"turns":6},{"damage":40,"enemies":"3 Sentries","floor":11,"turns":9},{"damage":19,"enemies":"Gremlin Gang","floor":14,"turns":4},{"damage":55,"enemies":"Hexaghost","floor":16,"turns":16}],"event_choices":[{"event_name":"The Woman in Blue","player_choice":"Bought 2 Potions","floor":2,"damage_taken":0},{"event_name":"Bonfire Elementals","player_choice":"BASIC","floor":3,"damage_taken":0},{"event_name":"Match and Keep!","player_choice":"2 cards matched","floor":7,"damage_taken":0},{"event_name":"The Lab","player_choice":"Got Potions","floor":12,"damage_taken":0}],"boss_relics":[],"potions_floor_spawned":[1,11,14],"seed_played":"-3651495375128334430","killed_by":"Hexaghost","is_trial":false}