{"gold_per_floor":[119,132,132,151,0,28,41,54,54,54],"floor_reached":10,"playtime":443,"items_purged":["Defend_B"],"score":70,"play_id":"38bb7349-a494-4024-84e5-944ffa4a3a46","local_time":"20180716232708","is_ascension_mode":false,"campfire_choices":[],"neow_cost":"NONE","seed_source_timestamp":359951613139404,"circlet_count":0,"master_deck":["Strike_B","Strike_B","Strike_B","Strike_B","Defend_B","Defend_B","Zap","Dualcast","Melter","Redo","Static Discharge","Static Discharge","FTL","Loop","Static Discharge","Storm","Stack"],"relics":["Cracked Core","Prayer Wheel","Matryoshka","Anchor","Mango"],"potions_floor_usage":[8,10],"damage_taken":[{"damage":8,"enemies":"2 Louse","floor":1,"turns":2},{"damage":6,"enemies":"Jaw Worm","floor":2,"turns":2},{"damage":0,"enemies":"Cultist","floor":4,"turns":2},{"damage":26,"enemies":"Lagavulin","floor":6,"turns":6},{"damage":16,"enemies":"Exordium Thugs","floor":7,"turns":3},{"damage":10,"enemies":"Looter","floor":8,"turns":2},{"damage":16,"enemies":"3 Sentries","floor":10,"turns":3}],"seed_played":"7242048418673467887","potions_obtained":[{"floor":1,"key":"Strength Potion"},{"floor":7,"key":"Fire Potion"}],"is_trial":false,"path_per_floor":["M","M","?","M","$","E","M","M","T"],"character_chosen":"DEFECT","items_purchased":["Static Discharge"],"campfire_rested":0,"item_purchase_floors":[5],"current_hp_per_floor":[67,61,54,54,54,28,12,2,16,0],"gold":54,"neow_bonus":"REMOVE_CARD","is_prod":false,"is_daily":false,"chose_seed":false,"campfire_upgraded":0,"win_rate":0,"timestamp":1531772828,"path_taken":["M","M","?","M","$","E","M","M","T","E"],"build_version":"2018-07-12","purchased_purges":1,"victory":false,"max_hp_per_floor":[75,75,75,75,75,75,75,75,89,89],"card_choices":[{"not_picked":["Aggregate","Chill"],"picked":"Melter","floor":1},{"not_picked":["Aggregate","Scrape"],"picked":"Redo","floor":2},{"not_picked":["Steam","Ball Lightning"],"picked":"Static Discharge","floor":4},{"not_picked":["Barrage","Steam","Coolheaded"],"picked":"SKIP","floor":4},{"not_picked":["Reinforced Body","Glacier"],"picked":"FTL","floor":6},{"not_picked":["Hello World","Auto Shields"],"picked":"Loop","floor":7},{"not_picked":["Fusion","Conserve Battery"],"picked":"Static Discharge","floor":7},{"not_picked":["Chaos","Undo"],"picked":"Storm","floor":8},{"not_picked":["Cold Snap","Turbo"],"picked":"Stack","floor":8}],"player_experience":111557,"relics_obtained":[{"floor":6,"key":"Matryoshka"},{"floor":9,"key":"Anchor"},{"floor":9,"key":"Mango"}],"event_choices":[{"event_name":"Scrap Ooze","player_choice":"success","floor":3,"damage_taken":7}],"boss_relics":[],"items_purged_floors":[5],"is_endless":false,"potions_floor_spawned":[1,7],"killed_by":"3 Sentries","ascension_level":0}