{"gold_per_floor":[117,117,192,206,227,267,267,307,307,6,6,31,65,65,65,195,195,218,133,133,133,151,191,203,251,290,302],"floor_reached":27,"playtime":2476,"items_purged":[],"score":359,"play_id":"dcb14620-cf77-4053-b91f-4b1d8957cc8e","local_time":"20190205170935","is_ascension_mode":true,"campfire_choices":[{"floor":7,"key":"REST"},{"floor":11,"key":"REST"},{"data":"Malaise","floor":15,"key":"SMITH"},{"data":"Corpse Explosion","floor":24,"key":"SMITH"}],"neow_cost":"NONE","seed_source_timestamp":1169139188320248,"circlet_count":0,"master_deck":["Defend_G","Defend_G","Defend_G","Defend_G","Defend_G","Survivor","Neutralize","Malaise+1","Sucker Punch","Poisoned Stab","Deadly Poison","Dagger Throw","Dash","Cloak And Dagger","Poisoned Stab","PiercingWail","Flying Knee","Corpse Explosion+1","Well Laid Plans+1","Bite","Bite","Bite","Bite","Bite","Infinite Blades","Deflect","Envenom"],"relics":["Ring of the Snake","Golden Idol","Bottled Flame","PreservedInsect","Ornamental Fan","Chemical X","Dream Catcher","Singing Bowl","Eternal Feather","FossilizedHelix","MawBank","Tingsha","Art of War"],"potions_floor_usage":[6,25,25],"damage_taken":[{"damage":0,"enemies":"2 Louse","floor":1,"turns":3},{"damage":1,"enemies":"Small Slimes","floor":4,"turns":4},{"damage":0,"enemies":"Cultist","floor":5,"turns":3},{"damage":21,"enemies":"3 Sentries","floor":6,"turns":11},{"damage":17,"enemies":"Gremlin Nob","floor":8,"turns":4},{"damage":3,"enemies":"Lots of Slimes","floor":12,"turns":5},{"damage":3,"enemies":"3 Sentries","floor":13,"turns":8},{"damage":24,"enemies":"The Guardian","floor":16,"turns":11},{"damage":25,"enemies":"2 Thieves","floor":18,"turns":3},{"damage":6,"enemies":"3 Byrds","floor":22,"turns":3},{"damage":22,"enemies":"Gremlin Leader","floor":23,"turns":10},{"damage":24,"enemies":"Slavers","floor":25,"turns":6},{"damage":20,"enemies":"Shelled Parasite and Fungi","floor":27,"turns":3}],"seed_played":"56949444745807891","potions_obtained":[{"floor":5,"key":"Dexterity Potion"},{"floor":16,"key":"Explosive Potion"},{"floor":23,"key":"SteroidPotion"}],"is_trial":false,"path_per_floor":["M","?","?","M","M","E","R","E","T","$","R","M","E","?","R","B",null,"M","?","?","?","M","E","R","E","T","M"],"character_chosen":"THE_SILENT","items_purchased":["Chemical X","Cloak And Dagger","Poisoned Stab"],"campfire_rested":2,"item_purchase_floors":[10,10,10],"current_hp_per_floor":[70,53,42,41,41,20,41,24,24,24,45,42,39,36,36,12,56,31,31,31,25,19,7,22,6,6,0],"gold":302,"neow_bonus":"ONE_RANDOM_RARE_CARD","is_prod":false,"is_daily":false,"chose_seed":false,"campfire_upgraded":2,"win_rate":0,"timestamp":1549404575,"path_taken":["M","?","?","M","M","E","R","E","T","$","R","M","E","?","R","BOSS","M","?","?","?","M","E","R","E","T","M"],"build_version":"2019-01-23","purchased_purges":0,"victory":false,"max_hp_per_floor":[70,70,70,70,70,70,70,70,70,70,70,70,70,70,70,70,70,70,70,49,49,49,49,49,49,49,49],"card_choices":[{"not_picked":["Outmaneuver","Acrobatics"],"picked":"Sucker Punch","floor":1},{"not_picked":["Dagger Throw","Terror"],"picked":"Poisoned Stab","floor":4},{"not_picked":["Reflex","Bane"],"picked":"Deadly Poison","floor":5},{"not_picked":["Phantasmal Killer","Outmaneuver"],"picked":"Dagger Throw","floor":6},{"not_picked":["Blade Dance","Outmaneuver"],"picked":"Dash","floor":8},{"not_picked":["Quick Slash","Prepared"],"picked":"PiercingWail","floor":12},{"not_picked":["Dagger Throw","Prepared"],"picked":"Flying Knee","floor":13},{"not_picked":["Die Die Die","After Image"],"picked":"Corpse Explosion","floor":16},{"not_picked":["Blade Dance","Backflip"],"picked":"Well Laid Plans+1","floor":18},{"not_picked":["Dagger Spray","PiercingWail"],"picked":"Infinite Blades","floor":22},{"not_picked":["Deadly Poison","Escape Plan"],"picked":"Deflect","floor":23},{"not_picked":["Poisoned Stab","Acrobatics"],"picked":"Envenom","floor":25}],"player_experience":1478435,"relics_obtained":[{"floor":6,"key":"Bottled Flame"},{"floor":8,"key":"PreservedInsect"},{"floor":9,"key":"Ornamental Fan"},{"floor":13,"key":"Dream Catcher"},{"floor":23,"key":"MawBank"},{"floor":25,"key":"Tingsha"},{"floor":26,"key":"Art of War"}],"event_choices":[{"damage_healed":0,"gold_gain":0,"player_choice":"Take Damage","damage_taken":17,"relics_obtained":["Golden Idol"],"max_hp_gain":0,"max_hp_loss":0,"event_name":"Golden Idol","floor":2,"gold_loss":0},{"damage_healed":0,"gold_gain":75,"player_choice":"Gather Gold","damage_taken":11,"max_hp_gain":0,"max_hp_loss":0,"event_name":"World of Goop","floor":3,"gold_loss":0},{"damage_healed":0,"gold_gain":0,"player_choice":"Success","damage_taken":3,"relics_obtained":["Singing Bowl"],"max_hp_gain":0,"max_hp_loss":0,"event_name":"Scrap Ooze","floor":14,"gold_loss":0},{"damage_healed":0,"gold_gain":0,"player_choice":"Obtained Relic","damage_taken":0,"relics_obtained":["FossilizedHelix"],"max_hp_gain":0,"max_hp_loss":0,"event_name":"Addict","floor":19,"gold_loss":85},{"damage_healed":0,"gold_gain":0,"player_choice":"Became a vampire","damage_taken":0,"max_hp_gain":0,"max_hp_loss":21,"event_name":"Vampires","floor":20,"gold_loss":0,"cards_obtained":["Bite","Bite","Bite","Bite","Bite"]},{"damage_healed":0,"gold_gain":0,"player_choice":"","damage_taken":6,"max_hp_gain":0,"max_hp_loss":0,"event_name":"Knowing Skull","floor":21,"potions_obtained":[],"gold_loss":0,"cards_obtained":[]}],"is_beta":false,"boss_relics":[{"not_picked":["Ring of the Serpent","Empty Cage"],"picked":"Eternal Feather"}],"items_purged_floors":[],"is_endless":false,"potions_floor_spawned":[5,16,23],"killed_by":"Shelled Parasite and Fungi","ascension_level":5}