{"gold_per_floor":[19,19,31,41,51,77,77,97,122,149,149,174,174,123,123,222,222,239,82,82,82,99,127,127,139,164,196,196,196,210,222,222,326,326,342,342,342,359,359,359,387,387,469,469,485,485],"floor_reached":46,"playtime":4168,"items_purged":[],"score":814,"play_id":"ad6f508a-2a49-4d8d-9a7f-5a133d7669ed","local_time":"20190204113527","is_ascension_mode":true,"campfire_choices":[{"data":"Deadly Poison","floor":7,"key":"SMITH"},{"data":"PiercingWail","floor":15,"key":"SMITH"},{"data":"Deadly Poison","floor":24,"key":"SMITH"},{"data":"Neutralize","floor":28,"key":"SMITH"},{"floor":32,"key":"REST"},{"data":"Bouncing Flask","floor":40,"key":"SMITH"},{"floor":42,"key":"REST"},{"data":"Calculated Gamble","floor":44,"key":"SMITH"}],"neow_cost":"NO_GOLD","seed_source_timestamp":1061005009129742,"circlet_count":0,"master_deck":["Defend_G","Defend_G","Defend_G","Strike_G","Strike_G","Strike_G+1","Survivor","Neutralize+1","Expertise+1","Crippling Poison+1","Slice","Slice","Concentrate+1","Flying Knee","Deadly Poison+1","Backstab","Slice","Blur","PiercingWail+1","Adrenaline+1","Dodge and Roll+1","Caltrops","Deadly Poison+1","Deflect","Footwork+1","Setup","Skewer+1","Bouncing Flask+1","Die Die Die","Deadly Poison+1","Madness","Madness","PiercingWail","Crippling Poison+1","Footwork","Calculated Gamble+1","Envenom"],"relics":["Ring of the Snake","Bag of Preparation","War Paint","Snake Skull","Dream Catcher","Runic Pyramid","Enchiridion","Gremlin Horn","Bronze Scales","Dodecahedron","White Beast Statue","Omamori"],"potions_floor_usage":[5,12,16,16,23,27,33,38],"damage_taken":[{"damage":0,"enemies":"Cultist","floor":1,"turns":4},{"damage":0,"enemies":"Small Slimes","floor":3,"turns":2},{"damage":1,"enemies":"2 Louse","floor":4,"turns":2},{"damage":0,"enemies":"Looter","floor":5,"turns":4},{"damage":6,"enemies":"Gremlin Nob","floor":6,"turns":3},{"damage":5,"enemies":"Gremlin Gang","floor":8,"turns":3},{"damage":12,"enemies":"3 Sentries","floor":10,"turns":9},{"damage":0,"enemies":"Gremlin Nob","floor":12,"turns":2},{"damage":17,"enemies":"The Guardian","floor":16,"turns":7},{"damage":5,"enemies":"Shell Parasite","floor":18,"turns":4},{"damage":0,"enemies":"Chosen","floor":22,"turns":4},{"damage":0,"enemies":"Book of Stabbing","floor":23,"turns":5},{"damage":0,"enemies":"Snecko","floor":25,"turns":4},{"damage":0,"enemies":"Gremlin Leader","floor":27,"turns":5},{"damage":9,"enemies":"Snake Plant","floor":30,"turns":3},{"damage":0,"enemies":"3 Cultists","floor":31,"turns":5},{"damage":0,"enemies":"Collector","floor":33,"turns":8},{"damage":0,"enemies":"3 Shapes","floor":35,"turns":4},{"damage":3,"enemies":"Orb Walker","floor":38,"turns":4},{"damage":18,"enemies":"Reptomancer","floor":41,"turns":5},{"damage":54,"enemies":"Transient","floor":45,"turns":5},{"damage":48,"enemies":"Giant Head","floor":46,"turns":6}],"seed_played":"9147969572120708337","potions_obtained":[{"floor":3,"key":"Block Potion"},{"floor":4,"key":"Ancient Potion"},{"floor":5,"key":"Energy Potion"},{"floor":6,"key":"Weak Potion"},{"floor":12,"key":"SteroidPotion"},{"floor":23,"key":"Fruit Juice"},{"floor":25,"key":"SpeedPotion"},{"floor":31,"key":"FairyPotion"},{"floor":33,"key":"FearPotion"},{"floor":35,"key":"Strength Potion"},{"floor":38,"key":"Explosive Potion"},{"floor":41,"key":"LiquidBronze"}],"is_trial":false,"path_per_floor":["M","?","M","M","M","E","R","M","T","E","?","E","?","$","R","B",null,"M","$","?","?","M","E","R","M","T","E","R","?","M","M","R","B",null,"M","?","?","M","?","R","E","R","T","R","M","E"],"character_chosen":"THE_SILENT","items_purchased":["PiercingWail","GhostInAJar","Caltrops"],"campfire_rested":2,"item_purchase_floors":[14,19,19],"current_hp_per_floor":[70,70,70,69,69,63,63,58,58,46,51,51,36,36,36,19,61,56,56,40,40,40,40,40,40,40,45,45,45,36,36,60,60,75,75,65,65,62,62,62,44,68,68,68,14,0],"gold":485,"neow_bonus":"TRANSFORM_TWO_CARDS","is_prod":false,"is_daily":false,"chose_seed":false,"campfire_upgraded":6,"win_rate":0,"timestamp":1549298127,"path_taken":["M","?","M","M","M","E","R","M","T","E","?","E","?","$","R","BOSS","M","$","?","?","M","E","R","?","T","E","R","?","M","M","R","BOSS","M","?","?","M","?","R","E","R","T","R","?","E"],"build_version":"2019-01-23","purchased_purges":0,"victory":false,"max_hp_per_floor":[70,70,70,70,70,70,70,70,70,70,75,75,75,75,75,75,75,75,75,75,75,75,75,75,75,75,80,80,80,80,80,80,80,80,80,80,80,80,80,80,80,80,80,80,80,80],"card_choices":[{"not_picked":["Deflect","Outmaneuver"],"picked":"Slice","floor":1},{"not_picked":["Blur","Outmaneuver"],"picked":"Slice","floor":3},{"not_picked":["Deflect","Accuracy"],"picked":"Concentrate","floor":4},{"not_picked":["Prepared","Dodge and Roll"],"picked":"Flying Knee","floor":5},{"not_picked":["Flying Knee","Prepared"],"picked":"Deadly Poison","floor":6},{"not_picked":["Cloak And Dagger","Concentrate"],"picked":"Backstab","floor":8},{"not_picked":["Backflip","Expertise"],"picked":"Slice","floor":10},{"not_picked":["Dagger Throw","Reflex"],"picked":"Blur","floor":12},{"not_picked":["Burst","Tools of the Trade"],"picked":"Adrenaline","floor":16},{"not_picked":["Terror","Infinite Blades"],"picked":"Dodge and Roll+1","floor":18},{"not_picked":["Slice","Cloak And Dagger","Dagger Throw+1"],"picked":"SKIP","floor":22},{"not_picked":["Grand Finale","Escape Plan"],"picked":"Deadly Poison","floor":23},{"not_picked":["Expertise","Underhanded Strike"],"picked":"Deflect","floor":25},{"not_picked":["Choke","Tools of the Trade"],"picked":"Footwork+1","floor":27},{"not_picked":["Expertise","Underhanded Strike+1"],"picked":"Skewer+1","floor":30},{"not_picked":["Flying Knee","Underhanded Strike"],"picked":"Bouncing Flask","floor":31},{"not_picked":["Unload","Burst"],"picked":"Die Die Die","floor":33},{"not_picked":["Dagger Throw","Sucker Punch"],"picked":"Deadly Poison+1","floor":35},{"not_picked":["Outmaneuver+1","Dagger Throw+1"],"picked":"PiercingWail","floor":38},{"not_picked":["Flying Knee+1","Bane"],"picked":"Footwork","floor":41},{"not_picked":["Backflip+1","Cloak And Dagger"],"picked":"Calculated Gamble","floor":42},{"not_picked":["Dodge and Roll+1","Calculated Gamble"],"picked":"Envenom","floor":45}],"player_experience":1469351,"relics_obtained":[{"floor":6,"key":"Bag of Preparation"},{"floor":9,"key":"War Paint"},{"floor":10,"key":"Snake Skull"},{"floor":12,"key":"Dream Catcher"},{"floor":20,"key":"Enchiridion"},{"floor":23,"key":"Gremlin Horn"},{"floor":26,"key":"Bronze Scales"},{"floor":27,"key":"Dodecahedron"},{"floor":41,"key":"Omamori"}],"event_choices":[{"damage_healed":0,"gold_gain":0,"player_choice":"Grow","damage_taken":0,"max_hp_gain":0,"max_hp_loss":0,"event_name":"Living Wall","floor":2,"gold_loss":0,"cards_upgraded":["Crippling Poison"]},{"damage_healed":0,"gold_gain":0,"player_choice":"Donut","damage_taken":0,"max_hp_gain":5,"max_hp_loss":0,"event_name":"Big Fish","floor":11,"gold_loss":0},{"damage_healed":0,"gold_gain":0,"player_choice":"Entered Light","damage_taken":15,"max_hp_gain":0,"max_hp_loss":0,"event_name":"Shining Light","floor":13,"gold_loss":0,"cards_upgraded":["Strike_G","Strike_G"]},{"damage_healed":0,"gold_gain":0,"player_choice":"Obtained Book","damage_taken":16,"max_hp_gain":0,"max_hp_loss":0,"event_name":"Cursed Tome","floor":20,"gold_loss":0},{"damage_healed":0,"gold_gain":0,"player_choice":"Upgraded","damage_taken":0,"max_hp_gain":0,"max_hp_loss":0,"event_name":"Upgrade Shrine","floor":21,"gold_loss":0,"cards_upgraded":["Adrenaline"]},{"damage_healed":0,"gold_gain":0,"cards_transformed":["Strike_G"],"player_choice":"Transformed","damage_taken":0,"max_hp_gain":0,"max_hp_loss":0,"event_name":"Transmorgrifier","floor":29,"gold_loss":0,"cards_obtained":["Setup"]},{"damage_healed":0,"gold_gain":0,"player_choice":"Embrace Madness","damage_taken":10,"max_hp_gain":0,"max_hp_loss":0,"event_name":"Winding Halls","floor":36,"gold_loss":0,"cards_obtained":["Madness","Madness"]},{"cards_removed":["Strike_G"],"damage_healed":0,"gold_gain":0,"player_choice":"Removed Attack","damage_taken":0,"max_hp_gain":0,"max_hp_loss":0,"event_name":"Falling","floor":37,"gold_loss":0},{"damage_healed":0,"gold_gain":0,"player_choice":"Copied","damage_taken":0,"max_hp_gain":0,"max_hp_loss":0,"event_name":"Duplicator","floor":39,"gold_loss":0,"cards_obtained":["Crippling Poison"]}],"is_beta":false,"boss_relics":[{"not_picked":["WristBlade","Empty Cage"],"picked":"Runic Pyramid"},{"not_picked":["Calling Bell","Coffee Dripper"],"picked":"White Beast Statue"}],"items_purged_floors":[],"is_endless":false,"potions_floor_spawned":[3,4,5,6,12,23,25,31,33,35,38,41,45],"killed_by":"Giant Head","ascension_level":5}