{"gold_per_floor":[118,118,118,137,162,203,203,89,89,89,105,130,166,180,180,311,311,334,349,152,171,195,226,326,347,347,347,367,367],"floor_reached":29,"playtime":3220,"items_purged":["Strike_G"],"score":259,"play_id":"6b24402b-6354-40ef-bb27-1539778ecd39","local_time":"20190130213100","is_ascension_mode":false,"campfire_choices":[{"data":"Defend_G","floor":7,"key":"SMITH"},{"floor":10,"key":"REST"},{"floor":15,"key":"REST"},{"data":"Well Laid Plans","floor":27,"key":"SMITH"}],"neow_cost":"NONE","seed_source_timestamp":1506446582764245,"circlet_count":0,"master_deck":["Defend_G","Defend_G+1","Defend_G","Defend_G","Defend_G","Strike_G","Strike_G","Strike_G","Strike_G","Survivor+1","Neutralize","Sucker Punch+1","Injury","Flying Knee","Masterful Stab","Prepared","Dash","Footwork","Blade Dance","Corpse Explosion","Slice","Noxious Fumes","Malaise","Flying Knee","Reflex+1","Well Laid Plans+1","Deflect","Heel Hook","Bouncing Flask","Finisher","Acrobatics","Crippling Poison+1"],"relics":["Ring of the Serpent","Golden Idol","Orichalcum","Kunai","Centennial Puzzle","Bottled Tornado","Toxic Egg 2"],"potions_floor_usage":[6,13,14,22,25,29],"damage_taken":[{"damage":0,"enemies":"Small Slimes","floor":1,"turns":4},{"damage":0,"enemies":"Jaw Worm","floor":4,"turns":4},{"damage":4,"enemies":"Cultist","floor":5,"turns":3},{"damage":38,"enemies":"Lagavulin","floor":6,"turns":10},{"damage":0,"enemies":"Gremlin Gang","floor":11,"turns":4},{"damage":2,"enemies":"Blue Slaver","floor":12,"turns":4},{"damage":17,"enemies":"Gremlin Nob","floor":13,"turns":5},{"damage":0,"enemies":"Lots of Slimes","floor":14,"turns":2},{"damage":9,"enemies":"The Guardian","floor":16,"turns":11},{"damage":5,"enemies":"Chosen","floor":18,"turns":5},{"damage":6,"enemies":"Spheric Guardian","floor":19,"turns":5},{"damage":9,"enemies":"Snake Plant","floor":21,"turns":5},{"damage":5,"enemies":"Shelled Parasite and Fungi","floor":22,"turns":8},{"damage":4,"enemies":"Book of Stabbing","floor":23,"turns":8},{"damage":6,"enemies":"Centurion and Healer","floor":25,"turns":6},{"damage":0,"enemies":"Snecko","floor":28,"turns":5},{"damage":35,"enemies":"Gremlin Leader","floor":29,"turns":5}],"seed_played":"-4997887232291325217","potions_obtained":[{"floor":5,"key":"Energy Potion"},{"floor":6,"key":"Fire Potion"},{"floor":12,"key":"Swift Potion"},{"floor":13,"key":"Explosive Potion"},{"floor":19,"key":"AttackPotion"},{"floor":22,"key":"FearPotion"},{"floor":25,"key":"Energy Potion"}],"is_trial":false,"path_per_floor":["M","?","?","M","M","E","R","$","T","R","M","M","E","M","R","B",null,"M","M","$","M","M","E","?","M","T","R","M","E"],"character_chosen":"THE_SILENT","items_purchased":["Dash","Footwork","Well Laid Plans","Deflect"],"campfire_rested":2,"item_purchase_floors":[8,8,20,20],"current_hp_per_floor":[70,70,70,70,66,28,28,28,28,49,49,47,30,30,51,42,70,65,59,59,50,45,41,41,35,35,35,35,0],"gold":367,"neow_bonus":"UPGRADE_CARD","is_prod":false,"is_daily":false,"chose_seed":false,"campfire_upgraded":2,"win_rate":0,"timestamp":1548880260,"path_taken":["M","?","?","M","?","E","R","$","T","R","?","M","E","M","R","BOSS","M","M","$","M","M","E","?","M","T","R","M","E"],"build_version":"2019-01-23","purchased_purges":1,"victory":false,"max_hp_per_floor":[70,70,70,70,70,70,70,70,70,70,70,70,70,70,70,70,70,70,70,70,70,70,70,70,70,70,70,70,70],"card_choices":[{"not_picked":["Slice","Distraction"],"picked":"Sucker Punch","floor":1},{"not_picked":["Acrobatics","Blade Dance"],"picked":"Flying Knee","floor":4},{"not_picked":["Outmaneuver","Skewer"],"picked":"Masterful Stab","floor":5},{"not_picked":["Flechettes","Bouncing Flask"],"picked":"Prepared","floor":6},{"not_picked":["Reflex","Underhanded Strike"],"picked":"Blade Dance","floor":11},{"not_picked":["Acrobatics","Riddle With Holes"],"picked":"Corpse Explosion","floor":12},{"not_picked":["Outmaneuver","Leg Sweep"],"picked":"Slice","floor":13},{"not_picked":["Dagger Spray","Deadly Poison"],"picked":"Noxious Fumes","floor":14},{"not_picked":["A Thousand Cuts","Phantasmal Killer"],"picked":"Malaise","floor":16},{"not_picked":["Slice","Underhanded Strike"],"picked":"Flying Knee","floor":18},{"not_picked":["PiercingWail+1","Noxious Fumes"],"picked":"Reflex+1","floor":19},{"not_picked":["Flying Knee","Crippling Poison+1"],"picked":"Heel Hook","floor":21},{"not_picked":["Slice","Dagger Throw"],"picked":"Bouncing Flask","floor":22},{"not_picked":["Corpse Explosion","Sucker Punch"],"picked":"Finisher","floor":23},{"not_picked":["Reflex","Sucker Punch"],"picked":"Acrobatics","floor":25},{"not_picked":["Sucker Punch","Endless Agony"],"picked":"Crippling Poison+1","floor":28}],"player_experience":99908,"relics_obtained":[{"floor":6,"key":"Orichalcum"},{"floor":9,"key":"Kunai"},{"floor":13,"key":"Centennial Puzzle"},{"floor":23,"key":"Bottled Tornado"},{"floor":26,"key":"Toxic Egg 2"}],"event_choices":[{"damage_healed":0,"gold_gain":0,"player_choice":"Take Wound","damage_taken":0,"relics_obtained":["Golden Idol"],"max_hp_gain":0,"max_hp_loss":0,"event_name":"Golden Idol","floor":2,"gold_loss":0,"cards_obtained":["Injury"]},{"damage_healed":0,"gold_gain":0,"player_choice":"Upgraded","damage_taken":0,"max_hp_gain":0,"max_hp_loss":0,"event_name":"Upgrade Shrine","floor":3,"gold_loss":0,"cards_upgraded":["Sucker Punch"]},{"damage_healed":0,"gold_gain":100,"player_choice":"Pray","damage_taken":0,"max_hp_gain":0,"max_hp_loss":0,"event_name":"Golden Shrine","floor":24,"gold_loss":0}],"is_beta":false,"boss_relics":[{"not_picked":["Lizard Tail","Busted Crown"],"picked":"Ring of the Serpent"}],"items_purged_floors":[20],"is_endless":false,"potions_floor_spawned":[5,6,12,13,19,22,25],"killed_by":"Gremlin Leader","ascension_level":0}