{"gold_per_floor":[115,127,146,221,146,146,173,173,173,173,173,189,209,235,235,309,309,321,170,170,182,82,82,112,112,160,178,228,262,282,282,282,361,361,379,379,13,13,23,23,42,42,42,55,15,25,25],"floor_reached":47,"playtime":2120,"items_purged":["Strike_B","Strike_B","Strike_B"],"score":946,"play_id":"651d6896-3e12-44b4-b887-113c81da2237","local_time":"20190310013713","is_ascension_mode":true,"campfire_choices":[{"data":"Zap","floor":6.0,"key":"SMITH"},{"data":"Self Repair","floor":8.0,"key":"SMITH"},{"data":"Dualcast","floor":10.0,"key":"SMITH"},{"data":"Redo","floor":15.0,"key":"SMITH"},{"data":"Defragment","floor":23.0,"key":"SMITH"},{"data":"Hologram","floor":25.0,"key":"SMITH"},{"data":"Biased Cognition","floor":32.0,"key":"SMITH"},{"data":"Rainbow","floor":40,"key":"SMITH"},{"data":"Madness","floor":42,"key":"SMITH"}],"neow_cost":"NONE","seed_source_timestamp":158962542980649,"circlet_count":0,"master_deck":["AscendersBane","Defend_B","Defend_B","Defend_B","Defend_B","Zap+1","Dualcast+1","Leap","Self Repair+1","Hello World","Biased Cognition+1","Redo+1","Cold Snap","Reboot","Seek","Defragment+1","Hologram+1","Steam","Rainbow+1","Madness","Madness+1","Stack+1","Loop"],"special_seed":0,"relics":["Cracked Core","Symbiotic Virus","Kunai","Darkstone Periapt","Runic Pyramid","Meat on the Bone","PreservedInsect","Pen Nib","Velvet Choker","Membership Card","Lantern","Ornamental Fan"],"potions_floor_usage":[],"damage_taken":[{"damage":4.0,"enemies":"Jaw Worm","floor":1.0,"turns":4.0},{"damage":0.0,"enemies":"Small Slimes","floor":2.0,"turns":3.0},{"damage":1.0,"enemies":"Cultist","floor":3.0,"turns":4.0},{"damage":3.0,"enemies":"Lagavulin","floor":7.0,"turns":6.0},{"damage":14.0,"enemies":"Red Slaver","floor":12.0,"turns":2.0},{"damage":16.0,"enemies":"Exordium Wildlife","floor":13.0,"turns":4.0},{"damage":14.0,"enemies":"3 Sentries","floor":14.0,"turns":6.0},{"damage":13.0,"enemies":"Hexaghost","floor":16.0,"turns":10.0},{"damage":24.0,"enemies":"2 Thieves","floor":18.0,"turns":4.0},{"damage":6.0,"enemies":"Spheric Guardian","floor":21.0,"turns":4.0},{"damage":36.0,"enemies":"Gremlin Leader","floor":24.0,"turns":8.0},{"damage":15.0,"enemies":"Chosen and Byrds","floor":27.0,"turns":7.0},{"damage":10.0,"enemies":"Book of Stabbing","floor":29.0,"turns":4.0},{"damage":17.0,"enemies":"Snecko","floor":30.0,"turns":5.0},{"damage":47.0,"enemies":"Automaton","floor":33.0,"turns":11.0},{"damage":8.0,"enemies":"3 Shapes","floor":35.0,"turns":5.0},{"damage":0,"enemies":"Orb Walker","floor":39,"turns":3},{"damage":8,"enemies":"Spire Growth","floor":41,"turns":6},{"damage":24,"enemies":"4 Shapes","floor":44,"turns":9},{"damage":38,"enemies":"Writhing Mass","floor":46,"turns":6},{"damage":32,"enemies":"Transient","floor":47,"turns":5}],"seed_played":"6056669725813859664","potions_obtained":[{"floor":2.0,"key":"Weak Potion"},{"floor":3.0,"key":"EssenceOfSteel"},{"floor":12.0,"key":"Dexterity Potion"},{"floor":27.0,"key":"Swift Potion"},{"floor":33.0,"key":"SpeedPotion"},{"floor":39,"key":"Dexterity Potion"}],"is_trial":false,"path_per_floor":["M","M","M","?","?","R","E","R","T","R","?","M","M","E","R","B",null,"M","$","?","M","$","R","E","R","T","M","?","E","M","?","R","B",null,"M","?","$","?","M","R","M","R","T","M","$","M","M"],"character_chosen":"DEFECT","items_purchased":["Defragment","Membership Card","Lantern","Loop"],"campfire_rested":0,"item_purchase_floors":[19,37,37,45],"current_hp_per_floor":[67,67,73,62,62,62,66,66,66,66,66,52,46,42,42,39,68,54,54,54,58,58,58,32,32,32,39,39,51,56,56,56,31,66,68,68,68,54,54,54,56,56,56,54,54,38,6],"gold":25,"neow_bonus":"TEN_PERCENT_HP_BONUS","is_prod":false,"is_daily":false,"chose_seed":false,"campfire_upgraded":9,"win_rate":0,"timestamp":1552149433,"path_taken":["M","M","M","?","?","R","E","R","T","R","?","M","M","E","R","BOSS","M","$","?","?","$","R","E","R","T","M","?","E","?","?","R","BOSS","M","?","$","?","M","R","M","R","T","M","$","M","M"],"build_version":"2019-01-23","purchased_purges":3,"victory":false,"max_hp_per_floor":[78,78,78,78,78,78,78,78,78,78,78,78,78,78,78,78,78,78,78,78,78,78,78,78,78,78,78,78,78,78,78,78,78,78,78,78,78,78,78,78,78,78,78,78,78,78,78],"card_choices":[{"not_picked":["Steam","Tempest"],"picked":"Leap","floor":1.0},{"not_picked":["Coolheaded","Force Field"],"picked":"Self Repair","floor":2.0},{"not_picked":["Heatsinks","Sweeping Beam"],"picked":"Hello World","floor":3.0},{"not_picked":["Skim","Go for the Eyes","Barrage"],"picked":"SKIP","floor":7.0},{"not_picked":["Chill","Streamline"],"picked":"Cold Snap","floor":12.0},{"not_picked":["Gash","Stack"],"picked":"Reboot","floor":13.0},{"not_picked":["Ball Lightning","Reboot","Gash"],"picked":"SKIP","floor":14.0},{"not_picked":["Thunder Strike","Reboot"],"picked":"Seek","floor":16.0},{"not_picked":["Tempest","Genetic Algorithm"],"picked":"Cold Snap","floor":18.0},{"not_picked":["Beam Cell","Steam","Go for the Eyes"],"picked":"SKIP","floor":21.0},{"not_picked":["Beam Cell","Compile Driver"],"picked":"Hologram","floor":24.0},{"not_picked":["Melter","Reinforced Body"],"picked":"Steam","floor":27.0},{"not_picked":["Static Discharge","Turbo","Stack"],"picked":"SKIP","floor":29.0},{"not_picked":["Heatsinks","Go for the Eyes","Compile Driver+1"],"picked":"SKIP","floor":30.0},{"not_picked":["Fission","Creative AI"],"picked":"Rainbow","floor":33.0},{"not_picked":["Streamline","Sweeping Beam","Consume"],"picked":"SKIP","floor":35.0},{"not_picked":["Streamline","Gash"],"picked":"Stack+1","floor":39},{"not_picked":["Rebound","Streamline","Sweeping Beam"],"picked":"SKIP","floor":41},{"not_picked":["Ball Lightning","Rip and Tear","Melter"],"picked":"SKIP","floor":44},{"not_picked":["Turbo","Beam Cell","Static Discharge+1"],"picked":"SKIP","floor":46}],"player_experience":825128,"relics_obtained":[{"floor":7.0,"key":"Symbiotic Virus"},{"floor":9.0,"key":"Kunai"},{"floor":14.0,"key":"Darkstone Periapt"},{"floor":24.0,"key":"Meat on the Bone"},{"floor":26.0,"key":"PreservedInsect"},{"floor":29.0,"key":"Pen Nib"},{"floor":43,"key":"Ornamental Fan"}],"event_choices":[{"damage_healed":0.0,"max_hp_gain":0.0,"max_hp_loss":0.0,"gold_gain":75.0,"event_name":"World of Goop","player_choice":"Gather Gold","floor":4.0,"gold_loss":0.0,"damage_taken":11.0},{"cards_removed":["Strike_B"],"damage_healed":0.0,"max_hp_gain":0.0,"max_hp_loss":0.0,"gold_gain":0.0,"event_name":"The Cleric","player_choice":"Card Removal","floor":5.0,"gold_loss":75.0,"damage_taken":0.0},{"damage_healed":0.0,"max_hp_gain":0.0,"max_hp_loss":0.0,"gold_gain":0.0,"event_name":"Match and Keep!","player_choice":"2 cards matched","floor":11.0,"gold_loss":0.0,"damage_taken":0.0,"cards_obtained":["Biased Cognition","Redo"]},{"damage_healed":0.0,"max_hp_gain":0.0,"max_hp_loss":0.0,"gold_gain":0.0,"event_name":"Match and Keep!","player_choice":"0 cards matched","floor":20.0,"gold_loss":0.0,"damage_taken":0.0,"cards_obtained":[]},{"damage_healed":0.0,"max_hp_gain":0.0,"max_hp_loss":0.0,"gold_gain":100.0,"event_name":"The Joust","player_choice":"Bet on Murderer","floor":28.0,"gold_loss":50.0,"damage_taken":0.0},{"damage_healed":0.0,"max_hp_gain":0.0,"max_hp_loss":0.0,"gold_gain":0.0,"event_name":"Ghosts","player_choice":"Ignored","floor":31.0,"gold_loss":0.0,"damage_taken":0.0},{"cards_removed":["Cold Snap"],"damage_healed":0.0,"max_hp_gain":0.0,"max_hp_loss":0.0,"gold_gain":0.0,"event_name":"Falling","player_choice":"Removed Attack","floor":36.0,"gold_loss":0.0,"damage_taken":0.0},{"damage_healed":0.0,"max_hp_gain":0.0,"max_hp_loss":0.0,"gold_gain":0.0,"event_name":"Winding Halls","player_choice":"Embrace Madness","floor":38.0,"gold_loss":0.0,"damage_taken":14.0,"cards_obtained":["Madness","Madness"]}],"is_beta":false,"boss_relics":[{"not_picked":["Fusion Hammer","Ectoplasm"],"picked":"Runic Pyramid"},{"not_picked":["FrozenCore","Eternal Feather"],"picked":"Velvet Choker"}],"items_purged_floors":[19,22,37],"is_endless":false,"potions_floor_spawned":[2,3,12,13,14,27,33,39,41,44],"killed_by":"Transient","ascension_level":20}