{"gold_per_floor":[110,110,125,125,26,26,51,51,51,64,84,84,84,109,109,211,211,231,250,269,289,303,303,303],"floor_reached":24,"playtime":3577,"items_purged":["Regret"],"score":198,"play_id":"c294c582-49c4-4385-9a2d-556a28740dc1","local_time":"20190214202752","is_ascension_mode":false,"campfire_choices":[{"data":"1","floor":6,"key":"LIFT"},{"floor":13,"key":"RECALL"},{"floor":15,"key":"REST"},{"floor":23,"key":"REST"}],"neow_cost":"CURSE","seed_source_timestamp":93173188458938,"circlet_count":0,"master_deck":["Strike_R","Strike_R","Strike_R","Strike_R","Defend_R","Defend_R","Defend_R","Armaments","Entrench","Headbutt","Body Slam","Entrench","Reaper","Anger","Disarm","Feed","Shockwave","Shockwave","Flex+1","Clash+1","Disarm"],"relics":["Burning Blood","Gambling Chip","Girya","StoneCalendar","Self Forming Clay","Empty Cage"],"potions_floor_usage":[7,11,21,22,24],"damage_taken":[{"damage":3,"enemies":"Cultist","floor":1,"turns":4},{"damage":0,"enemies":"Jaw Worm","floor":3,"turns":3},{"damage":30,"enemies":"3 Sentries","floor":7,"turns":8},{"damage":3,"enemies":"Small Slimes","floor":10,"turns":2},{"damage":10,"enemies":"Exordium Thugs","floor":11,"turns":4},{"damage":45,"enemies":"The Guardian","floor":16,"turns":12},{"damage":37,"enemies":"Chosen","floor":18,"turns":7},{"damage":13,"enemies":"3 Byrds","floor":19,"turns":7},{"damage":22,"enemies":"Shelled Parasite and Fungi","floor":20,"turns":8},{"damage":19,"enemies":"Snake Plant","floor":21,"turns":5},{"damage":14,"enemies":"Chosen and Byrds","floor":22,"turns":6},{"damage":70,"enemies":"Gremlin Leader","floor":24,"turns":6}],"seed_played":"3311752973317174085","potions_obtained":[{"floor":3,"key":"PowerPotion"},{"floor":7,"key":"GamblersBrew"},{"floor":16,"key":"SteroidPotion"},{"floor":20,"key":"Fire Potion"},{"floor":21,"key":"Energy Potion"}],"is_trial":false,"path_per_floor":["M","?","M","?","$","R","E","?","T","M","M","?","R","T","R","B",null,"M","M","M","M","M","R","E"],"character_chosen":"IRONCLAD","items_purchased":["Headbutt"],"campfire_rested":2,"item_purchase_floors":[5],"current_hp_per_floor":[80,80,80,80,80,80,56,56,56,59,55,48,48,48,72,38,80,53,52,39,30,25,52,0],"gold":303,"neow_bonus":"ONE_RARE_RELIC","is_prod":false,"is_daily":false,"chose_seed":false,"campfire_upgraded":0,"win_rate":0,"timestamp":1550204872,"path_taken":["M","?","M","?","$","R","E","?","T","?","M","?","R","?","R","BOSS","M","M","M","M","M","R","E"],"build_version":"2019-01-23","purchased_purges":1,"victory":false,"max_hp_per_floor":[80,80,80,80,80,80,80,80,80,80,80,80,80,80,80,80,80,80,80,83,87,90,90,90],"card_choices":[{"not_picked":["Hemokinesis","Perfected Strike"],"picked":"Armaments","floor":1},{"not_picked":["Bloodletting","Iron Wave"],"picked":"Entrench","floor":3},{"not_picked":["Twin Strike","Sword Boomerang"],"picked":"Body Slam","floor":7},{"not_picked":["Warcry","Entrench"],"picked":"Anger","floor":10},{"not_picked":["Wild Strike","Iron Wave"],"picked":"Disarm","floor":11},{"not_picked":["Immolate","Exhume"],"picked":"Feed","floor":16},{"not_picked":["Fire Breathing","Clash"],"picked":"Shockwave","floor":18},{"not_picked":["Searing Blow","Headbutt"],"picked":"Shockwave","floor":19},{"not_picked":["Heavy Blade","Fire Breathing"],"picked":"Flex+1","floor":20},{"not_picked":["Rage","Heavy Blade"],"picked":"Clash+1","floor":21},{"not_picked":["Searing Blow","Iron Wave"],"picked":"Disarm","floor":22}],"player_experience":163568,"relics_obtained":[{"floor":7,"key":"StoneCalendar"},{"floor":9,"key":"Self Forming Clay"}],"event_choices":[{"cards_removed":["Decay"],"damage_healed":0,"gold_gain":0,"player_choice":"Forget","damage_taken":0,"max_hp_gain":0,"max_hp_loss":0,"event_name":"Living Wall","floor":2,"gold_loss":0},{"damage_healed":0,"gold_gain":0,"player_choice":"Box","damage_taken":0,"relics_obtained":["Girya"],"max_hp_gain":0,"max_hp_loss":0,"event_name":"Big Fish","floor":4,"gold_loss":0,"cards_obtained":["Regret"]},{"damage_healed":0,"gold_gain":0,"player_choice":"2 cards matched","damage_taken":0,"max_hp_gain":0,"max_hp_loss":0,"event_name":"Match and Keep!","floor":8,"gold_loss":0,"cards_obtained":["Entrench","Reaper"]},{"cards_removed":["Bash"],"damage_healed":0,"gold_gain":0,"player_choice":"Card Removal","damage_taken":7,"max_hp_gain":0,"max_hp_loss":0,"event_name":"Golden Wing","floor":12,"gold_loss":0}],"is_beta":false,"boss_relics":[{"not_picked":["Orrery","Runic Pyramid"],"picked":"Empty Cage"}],"items_purged_floors":[5],"is_endless":false,"potions_floor_spawned":[3,7,16,20,21],"killed_by":"Gremlin Leader","ascension_level":0}