{"gold_per_floor":[368,368,380,35,110,110,130,1,49,68,80,80,80,114,114,216,216,228,239,239,239,239,239,271,271,295,39,58,58,84,103,103,201,201,217,235,248,248,267,267,301,314,314,314,334,334,334,348,348,348],"floor_reached":51,"playtime":2587,"items_purged":["Strike_R","Strike_R"],"score":1079,"play_id":"3f1a3f81-c23d-4092-834f-3f57a2606677","local_time":"20180923191332","is_ascension_mode":true,"campfire_choices":[{"data":"Blood for Blood","floor":6,"key":"SMITH"},{"data":"Uppercut","floor":12,"key":"SMITH"},{"data":"Inflame","floor":15,"key":"SMITH"},{"data":"True Grit","floor":23,"key":"SMITH"},{"data":"Flame Barrier","floor":25,"key":"SMITH"},{"data":"Limit Break","floor":32,"key":"SMITH"},{"floor":40,"key":"REST"},{"data":"Heavy Blade","floor":44,"key":"SMITH"},{"floor":49,"key":"REST"}],"neow_cost":"TEN_PERCENT_HP_LOSS","seed_source_timestamp":2381858199759,"circlet_count":0,"master_deck":["Strike_R","Strike_R+1","Strike_R","Defend_R","Defend_R","Defend_R","Defend_R","Bash+1","Blood for Blood+1","Reaper","Battle Trance","Inflame+1","Whirlwind","Shrug It Off","Uppercut+1","Flame Barrier+1","Rupture","Limit Break+1","Heavy Blade+1","True Grit+1","Bloodletting+1","Sword Boomerang+1","Doubt","Shrug It Off+1","Berserk","Offering+1","Shockwave+1","Brutality","Injury","Doubt","Twin Strike+1"],"relics":["Burning Blood","Oddly Smooth Stone","Art of War","Blue Candle","Cursed Key","Toxic Egg 2","Ginger","Vajra","Bag of Preparation","Meat on the Bone","Lizard Tail","Girya","Blood Vial","The Courier","Bottled Flame"],"potions_floor_usage":[14,16,21,37,50,50,50],"damage_taken":[{"damage":13,"enemies":"Jaw Worm","floor":1,"turns":4},{"damage":8,"enemies":"Small Slimes","floor":3,"turns":4},{"damage":0,"enemies":"Cultist","floor":7,"turns":2},{"damage":8,"enemies":"Looter","floor":10,"turns":3},{"damage":6,"enemies":"Exordium Wildlife","floor":11,"turns":3},{"damage":0,"enemies":"Lagavulin","floor":14,"turns":8},{"damage":19,"enemies":"Slime Boss","floor":16,"turns":7},{"damage":13,"enemies":"Spheric Guardian","floor":18,"turns":4},{"damage":0,"enemies":"3 Byrds","floor":19,"turns":3},{"damage":21,"enemies":"Colosseum Slavers","floor":21,"turns":5},{"damage":21,"enemies":"Book of Stabbing","floor":24,"turns":4},{"damage":23,"enemies":"Sentry and Sphere","floor":28,"turns":4},{"damage":16,"enemies":"Gremlin Leader","floor":30,"turns":5},{"damage":21,"enemies":"Cultist and Chosen","floor":31,"turns":6},{"damage":36,"enemies":"Champ","floor":33,"turns":6},{"damage":33,"enemies":"3 Shapes","floor":35,"turns":3},{"damage":26,"enemies":"3 Darklings","floor":36,"turns":5},{"damage":21,"enemies":"4 Shapes","floor":37,"turns":5},{"damage":13,"enemies":"Mind Bloom Boss Battle","floor":38,"turns":5},{"damage":35,"enemies":"Spire Growth","floor":39,"turns":4},{"damage":14,"enemies":"Giant Head","floor":41,"turns":5},{"damage":9,"enemies":"Maw","floor":42,"turns":4},{"damage":17,"enemies":"3 Darklings","floor":45,"turns":5},{"damage":29,"enemies":"Reptomancer","floor":48,"turns":5},{"damage":97,"enemies":"Awakened One","floor":50,"turns":9}],"seed_played":"-8449086768771416059","potions_obtained":[{"floor":3,"key":"Dexterity Potion"},{"floor":10,"key":"Strength Potion"},{"floor":11,"key":"PowerPotion"},{"floor":16,"key":"GamblersBrew"},{"floor":18,"key":"LiquidBronze"},{"floor":33,"key":"GamblersBrew"},{"floor":36,"key":"PowerPotion"},{"floor":38,"key":"Regen Potion"},{"floor":39,"key":"Swift Potion"}],"is_trial":false,"path_per_floor":["M","?","M","$","?","R","M","$","T","M","M","R","$","E","R","B",null,"M","M","?","?","?","R","E","R","T","$","M","?","E","M","R","B",null,"M","M","M","?","M","R","E","M","T","R","M","T","?","M","R","B"],"character_chosen":"IRONCLAD","items_purchased":["Oddly Smooth Stone","Battle Trance","Inflame","Shrug It Off","Uppercut","Bag of Preparation"],"campfire_rested":2,"item_purchase_floors":[4,4,4,8,8,27],"current_hp_per_floor":[65,51,49,49,38,38,44,44,44,42,42,42,42,55,55,57,68,61,67,67,56,56,56,60,60,60,60,43,43,43,48,48,30,62,47,54,63,56,39,60,69,72,72,72,72,72,72,49,70,54],"gold":348,"neow_bonus":"TWO_FIFTY_GOLD","is_prod":false,"is_daily":false,"chose_seed":false,"campfire_upgraded":7,"win_rate":0,"timestamp":1537744412,"path_taken":["M","?","M","$","?","R","M","?","T","M","?","R","$","E","R","BOSS","M","M","?","?","?","R","E","R","T","$","M","?","E","M","R","BOSS","M","M","M","?","?","R","E","M","T","R","?","?","?","M","R","BOSS"],"build_version":"2018-09-20","purchased_purges":2,"victory":true,"max_hp_per_floor":[72,72,72,72,72,72,72,72,72,72,72,72,72,72,72,72,72,72,72,72,72,72,72,72,72,72,72,72,72,72,72,72,72,72,72,72,72,72,72,72,72,72,72,72,72,72,72,72,72,72],"card_choices":[{"not_picked":["Flex","Clash"],"picked":"Blood for Blood","floor":1},{"not_picked":["Clash","Hemokinesis"],"picked":"Reaper","floor":3},{"not_picked":["Infernal Blade","Clash"],"picked":"Whirlwind","floor":7},{"not_picked":["Iron Wave","Intimidate","Corruption"],"picked":"SKIP","floor":10},{"not_picked":["Havoc","Bloodletting"],"picked":"Flame Barrier","floor":11},{"not_picked":["Sword Boomerang","Power Through"],"picked":"Rupture","floor":14},{"not_picked":["Exhume","Bludgeon"],"picked":"Limit Break","floor":16},{"not_picked":["Anger","Perfected Strike"],"picked":"Heavy Blade","floor":18},{"not_picked":["Armaments","Power Through"],"picked":"True Grit","floor":19},{"not_picked":["Perfected Strike","Headbutt"],"picked":"Sword Boomerang+1","floor":24},{"not_picked":["Pommel Strike+1","True Grit+1"],"picked":"Shrug It Off+1","floor":28},{"not_picked":["Heavy Blade+1","True Grit+1"],"picked":"Berserk","floor":30},{"not_picked":["Perfected Strike","Infernal Blade+1","True Grit+1"],"picked":"SKIP","floor":31},{"not_picked":["Immolate","Juggernaut"],"picked":"Offering+1","floor":33},{"not_picked":["Sword Boomerang","Cleave","Perfected Strike+1"],"picked":"SKIP","floor":35},{"not_picked":["Entrench+1","Hemokinesis","True Grit+1"],"picked":"SKIP","floor":36},{"not_picked":["Havoc+1","True Grit+1","Thunderclap+1"],"picked":"SKIP","floor":37},{"not_picked":["Battle Trance+1","Corruption"],"picked":"Shockwave+1","floor":38},{"not_picked":["Metallicize","Flex+1","Sword Boomerang+1"],"picked":"SKIP","floor":39},{"not_picked":["Metallicize","Flex+1","Sword Boomerang+1"],"picked":"SKIP","floor":39},{"not_picked":["Metallicize","Flex+1","Sword Boomerang+1"],"picked":"SKIP","floor":39},{"not_picked":["Bludgeon","Heavy Blade+1"],"picked":"Brutality","floor":41},{"not_picked":["Entrench+1","Fire Breathing","Hemokinesis+1"],"picked":"SKIP","floor":42},{"not_picked":["Warcry+1","Sword Boomerang","Havoc+1"],"picked":"SKIP","floor":45},{"not_picked":["Carnage+1","Armaments+1"],"picked":"Twin Strike+1","floor":48}],"player_experience":583384,"relics_obtained":[{"floor":9,"key":"Art of War"},{"floor":14,"key":"Blue Candle"},{"floor":24,"key":"Ginger"},{"floor":26,"key":"Vajra"},{"floor":30,"key":"Meat on the Bone"},{"floor":38,"key":"Girya"},{"floor":41,"key":"Blood Vial"},{"floor":43,"key":"The Courier"},{"floor":46,"key":"Bottled Flame"}],"event_choices":[{"event_name":"Shining Light","player_choice":"Entered Light","floor":2,"damage_taken":0},{"event_name":"World of Goop","player_choice":"Gather Gold","floor":5,"damage_taken":0},{"event_name":"The Mausoleum","player_choice":"Yes","floor":20,"damage_taken":0},{"event_name":"Colosseum","player_choice":"Fight","floor":21,"damage_taken":0},{"event_name":"Colosseum","player_choice":"Fled From Nobs","floor":21,"damage_taken":0},{"event_name":"The Library","player_choice":"Read","floor":22,"damage_taken":0},{"event_name":"Vampires","player_choice":"Ignored","floor":29,"damage_taken":0},{"event_name":"MindBloom","player_choice":"Fight","floor":38,"damage_taken":0},{"event_name":"Mysterious Sphere","player_choice":"Ignore","floor":47,"damage_taken":0}],"is_beta":false,"boss_relics":[{"not_picked":["White Beast Statue","Black Blood"],"picked":"Cursed Key"},{"not_picked":["Velvet Choker","Philosopher\u0027s Stone"],"picked":"Lizard Tail"}],"items_purged_floors":[4,27],"is_endless":false,"potions_floor_spawned":[3,10,11,16,18,21,33,36,38,39,45,48],"ascension_level":8}