{"gold_per_floor":[114,189,189,209,224,224,244,263,287,4,48,48,48,68,68,68],"floor_reached":16,"playtime":527,"items_purged":["Injury"],"score":138,"play_id":"4aa4df7c-1297-490a-8409-6315b11c18e0","local_time":"20190308135544","is_ascension_mode":true,"campfire_choices":[{"floor":6,"key":"REST"},{"floor":12,"key":"REST"},{"floor":15,"key":"REST"}],"neow_cost":"NONE","seed_source_timestamp":81679748995033,"circlet_count":0,"master_deck":["Defend_G","Defend_G","Defend_G","Defend_G","Defend_G","Strike_G","Strike_G","Strike_G","Strike_G","Strike_G","Survivor","Neutralize+1","Corpse Explosion","Dodge and Roll","Dodge and Roll"],"relics":["Ring of the Snake","Golden Idol","Anchor","Happy Flower","Lantern"],"potions_floor_usage":[8,11,11,11],"damage_taken":[{"damage":3,"enemies":"Small Slimes","floor":1,"turns":5},{"damage":1,"enemies":"Jaw Worm","floor":4,"turns":6},{"damage":12,"enemies":"2 Louse","floor":5,"turns":2},{"damage":24,"enemies":"Exordium Thugs","floor":7,"turns":5},{"damage":1,"enemies":"Red Slaver","floor":8,"turns":5},{"damage":25,"enemies":"Gremlin Nob","floor":11,"turns":4},{"damage":0,"enemies":"Lots of Slimes","floor":14,"turns":1},{"damage":20,"enemies":"Slime Boss","floor":16,"turns":8}],"seed_played":"4937055944465216298","potions_obtained":[{"floor":1,"key":"Strength Potion"},{"floor":5,"key":"Swift Potion"},{"floor":7,"key":"Strength Potion"}],"is_trial":false,"path_per_floor":["M","?","?","M","M","R","M","M","T","$","E","R","?","M","R","B"],"character_chosen":"THE_SILENT","items_purchased":["Happy Flower","AttackPotion"],"campfire_rested":3,"item_purchase_floors":[10,10],"current_hp_per_floor":[60,49,49,48,36,57,33,32,32,32,7,28,28,28,49,29],"gold":68,"neow_bonus":"ONE_RANDOM_RARE_CARD","is_prod":false,"is_daily":false,"chose_seed":false,"campfire_upgraded":0,"win_rate":0,"timestamp":1552074944,"path_taken":["M","?","?","M","M","R","M","M","T","$","E","R","?","M","R","BOSS"],"build_version":"2019-01-23","purchased_purges":1,"victory":false,"max_hp_per_floor":[70,70,70,70,70,70,70,70,70,70,70,70,70,70,70,70],"card_choices":[{"not_picked":["Dagger Spray","Quick Slash"],"picked":"Dodge and Roll","floor":1},{"not_picked":["Bouncing Flask","Predator","Choke"],"picked":"SKIP","floor":4},{"not_picked":["Sucker Punch","Slice","Bane"],"picked":"SKIP","floor":5},{"not_picked":["Bane","Envenom","Acrobatics"],"picked":"SKIP","floor":7},{"not_picked":["Flechettes","Flying Knee","All Out Attack"],"picked":"SKIP","floor":8},{"not_picked":["Predator","PiercingWail"],"picked":"Dodge and Roll","floor":11},{"not_picked":["Endless Agony","Tactician","Poisoned Stab"],"picked":"SKIP","floor":14}],"player_experience":303463,"relics_obtained":[{"floor":9,"key":"Anchor"},{"floor":11,"key":"Lantern"}],"event_choices":[{"damage_healed":0,"gold_gain":75,"player_choice":"Gather Gold","damage_taken":11,"max_hp_gain":0,"max_hp_loss":0,"event_name":"World of Goop","floor":2,"gold_loss":0},{"damage_healed":0,"gold_gain":0,"player_choice":"Take Wound","damage_taken":0,"relics_obtained":["Golden Idol"],"max_hp_gain":0,"max_hp_loss":0,"event_name":"Golden Idol","floor":3,"gold_loss":0,"cards_obtained":["Injury"]},{"damage_healed":0,"gold_gain":0,"player_choice":"Grow","damage_taken":0,"max_hp_gain":0,"max_hp_loss":0,"event_name":"Living Wall","floor":13,"gold_loss":0,"cards_upgraded":["Neutralize"]}],"is_beta":false,"boss_relics":[],"items_purged_floors":[10],"is_endless":false,"potions_floor_spawned":[1,5,7],"killed_by":"Slime Boss","ascension_level":7}