{"gold_per_floor":[117,117,127,139,139,139,164,181,181,181,201,211,221,93,93,165,165,183,183,199,8,27,27,27],"floor_reached":24,"playtime":1186,"items_purged":["Strike_R"],"score":400,"play_id":"289d7124-ba58-4b55-96a1-6266732547bd","local_time":"20190307215235","is_ascension_mode":true,"campfire_choices":[{"data":"Feed","floor":6,"key":"SMITH"},{"data":"Immolate","floor":10,"key":"SMITH"},{"data":"Perfected Strike","floor":15,"key":"SMITH"},{"floor":23,"key":"REST"}],"neow_cost":"NONE","seed_source_timestamp":23231417664308,"circlet_count":0,"master_deck":["AscendersBane","Strike_R","Strike_R","Defend_R","Defend_R","Defend_R","Defend_R","Bash","Feed+1","Cleave","Immolate+1","Perfected Strike+1","Perfected Strike","Shrug It Off","Battle Trance","Shrug It Off","Demon Form","True Grit+1"],"relics":["Burning Blood","NlothsMask","Paper Frog","Empty Cage","Lee\u0027s Waffle"],"potions_floor_usage":[13,13,16,24],"damage_taken":[{"damage":12,"enemies":"Jaw Worm","floor":1,"turns":3},{"damage":6,"enemies":"Cultist","floor":3,"turns":4},{"damage":0,"enemies":"Small Slimes","floor":4,"turns":1},{"damage":15,"enemies":"3 Sentries","floor":7,"turns":4},{"damage":14,"enemies":"3 Louse","floor":8,"turns":4},{"damage":0,"enemies":"Large Slime","floor":11,"turns":6},{"damage":5,"enemies":"Blue Slaver","floor":12,"turns":2},{"damage":6,"enemies":"3 Louse","floor":13,"turns":3},{"damage":48,"enemies":"Slime Boss","floor":16,"turns":8},{"damage":34,"enemies":"Spheric Guardian","floor":18,"turns":6},{"damage":30,"enemies":"Chosen","floor":20,"turns":5},{"damage":84,"enemies":"Sentry and Sphere","floor":22,"turns":8},{"damage":73,"enemies":"Book of Stabbing","floor":24,"turns":5}],"seed_played":"471369434885555857","potions_obtained":[{"floor":1,"key":"SneckoOil"},{"floor":11,"key":"Energy Potion"},{"floor":13,"key":"LiquidBronze"},{"floor":18,"key":"FearPotion"}],"is_trial":false,"path_per_floor":["M","?","M","M","?","R","E","M","T","R","M","M","M","$","R","B",null,"M","?","M","$","M","R","E"],"character_chosen":"IRONCLAD","items_purchased":["Shrug It Off","Lee\u0027s Waffle"],"campfire_rested":1,"item_purchase_floors":[14,21],"current_hp_per_floor":[65,65,68,77,77,77,72,68,68,68,78,83,87,87,87,45,89,61,61,37,111,37,71,0],"gold":27,"neow_bonus":"ONE_RANDOM_RARE_CARD","is_prod":false,"is_daily":false,"chose_seed":false,"campfire_upgraded":3,"win_rate":0,"timestamp":1552017155,"path_taken":["M","?","M","?","?","R","E","M","T","R","M","?","M","$","R","BOSS","M","?","M","$","M","R","E"],"build_version":"2019-01-23","purchased_purges":1,"victory":false,"max_hp_per_floor":[78,78,81,84,84,84,88,92,92,92,96,100,104,104,104,104,104,104,104,104,111,115,115,115],"card_choices":[{"not_picked":["Wild Strike","Warcry"],"picked":"Cleave","floor":1},{"not_picked":["Seeing Red","Sword Boomerang"],"picked":"Immolate","floor":3},{"not_picked":["Heavy Blade","Intimidate"],"picked":"Perfected Strike","floor":4},{"not_picked":["Sentinel","Pommel Strike"],"picked":"Perfected Strike","floor":7},{"not_picked":["Corruption","Wild Strike"],"picked":"Shrug It Off","floor":8},{"not_picked":["Power Through","Armaments","Wild Strike"],"picked":"SKIP","floor":11},{"not_picked":["Heavy Blade","Carnage","Iron Wave"],"picked":"SKIP","floor":12},{"not_picked":["Juggernaut","Iron Wave"],"picked":"Battle Trance","floor":13},{"not_picked":["Reaper","Dark Embrace"],"picked":"Demon Form","floor":16},{"not_picked":["Sentinel","Clash","Anger+1"],"picked":"SKIP","floor":18},{"not_picked":["Warcry","Reckless Charge+1","Hemokinesis"],"picked":"SKIP","floor":20},{"not_picked":["Cleave","Sword Boomerang"],"picked":"True Grit+1","floor":22}],"player_experience":278193,"relics_obtained":[{"floor":7,"key":"Paper Frog"}],"event_choices":[{"damage_healed":0,"gold_gain":0,"player_choice":"0 cards matched","damage_taken":0,"max_hp_gain":0,"max_hp_loss":0,"event_name":"Match and Keep!","floor":2,"gold_loss":0,"cards_obtained":[]},{"damage_healed":0,"gold_gain":0,"player_choice":"Trade","damage_taken":0,"relics_obtained":["NlothsMask"],"max_hp_gain":0,"max_hp_loss":0,"event_name":"FaceTrader","floor":5,"gold_loss":0},{"damage_healed":0,"gold_gain":0,"player_choice":"Ignored","damage_taken":0,"max_hp_gain":0,"max_hp_loss":0,"event_name":"Beggar","floor":19,"gold_loss":0}],"is_beta":false,"boss_relics":[{"not_picked":["Orrery","Coffee Dripper"],"picked":"Empty Cage"}],"items_purged_floors":[14],"is_endless":false,"potions_floor_spawned":[1,11,12,13,18],"killed_by":"Book of Stabbing","ascension_level":15}