{"gold_per_floor":[112,125,135,151,163,163,181,195,195,195,195,228,228,255,255,333,333,345,345,345,345,362,362,382,395,447,161,161,190,190,223,223,223],"floor_reached":33,"playtime":1512,"items_purged":["Decay"],"score":598,"play_id":"f00e8146-0c68-44f3-bb0d-4619e3e915a9","local_time":"20190308161739","is_ascension_mode":true,"campfire_choices":[{"data":"Hyperbeam","floor":6,"key":"SMITH"},{"floor":11,"key":"REST"},{"data":"Go for the Eyes","floor":13,"key":"SMITH"},{"data":"Defragment","floor":15,"key":"SMITH"},{"floor":23,"key":"REST"},{"data":"Zap","floor":28,"key":"SMITH"},{"floor":32,"key":"REST"}],"neow_cost":"PERCENT_DAMAGE","seed_source_timestamp":403763031681185,"circlet_count":0,"master_deck":["AscendersBane","Strike_B","Strike_B","Strike_B","Strike_B","Defend_B","Defend_B","Defend_B","Defend_B","Zap+1","Dualcast","Go for the Eyes+1","Streamline","Conserve Battery","Hyperbeam+1","Steam","Defragment+1","Self Repair","Hello World","All For One","Coolheaded+1","Coolheaded+1","Leap+1","Hologram+1"],"relics":["Cracked Core","Pen Nib","The Courier","Bronze Scales","Busted Crown","Nilry\u0027s Codex","Juzu Bracelet","Bottled Tornado","Toxic Egg 2","Darkstone Periapt"],"potions_floor_usage":[10,25,33],"damage_taken":[{"damage":2,"enemies":"Jaw Worm","floor":1,"turns":3},{"damage":2,"enemies":"Small Slimes","floor":2,"turns":3},{"damage":0,"enemies":"2 Louse","floor":3,"turns":2},{"damage":10,"enemies":"Red Slaver","floor":4,"turns":2},{"damage":18,"enemies":"Exordium Thugs","floor":5,"turns":5},{"damage":0,"enemies":"Looter","floor":7,"turns":2},{"damage":3,"enemies":"Blue Slaver","floor":8,"turns":2},{"damage":0,"enemies":"Lagavulin","floor":10,"turns":2},{"damage":9,"enemies":"3 Sentries","floor":12,"turns":5},{"damage":20,"enemies":"Lagavulin","floor":14,"turns":6},{"damage":15,"enemies":"Hexaghost","floor":16,"turns":9},{"damage":36,"enemies":"2 Thieves","floor":18,"turns":3},{"damage":8,"enemies":"Shell Parasite","floor":22,"turns":4},{"damage":3,"enemies":"3 Cultists","floor":24,"turns":4},{"damage":13,"enemies":"Snecko","floor":25,"turns":7},{"damage":0,"enemies":"Slavers","floor":29,"turns":1},{"damage":24,"enemies":"Gremlin Leader","floor":31,"turns":6},{"damage":76,"enemies":"Automaton","floor":33,"turns":12}],"seed_played":"4280237903382487606","potions_obtained":[{"floor":1,"key":"SteroidPotion"},{"floor":5,"key":"Ancient Potion"},{"floor":8,"key":"SmokeBomb"},{"floor":12,"key":"Ancient Potion"},{"floor":25,"key":"EssenceOfSteel"}],"is_trial":false,"path_per_floor":["M","M","M","M","M","R","M","M","T","E","R","E","R","E","R","B",null,"M","?","?","?","M","R","M","M","T","$","R","E","?","E","R","B"],"character_chosen":"DEFECT","items_purchased":["Bottled Tornado"],"campfire_rested":3,"item_purchase_floors":[27],"current_hp_per_floor":[58,56,56,46,28,28,28,25,25,25,50,41,41,28,28,20,69,40,19,19,19,18,43,47,41,41,41,41,41,41,17,42,0],"gold":223,"neow_bonus":"TWENTY_PERCENT_HP_BONUS","is_prod":false,"is_daily":false,"chose_seed":false,"campfire_upgraded":4,"win_rate":0,"timestamp":1552079859,"path_taken":["M","M","M","M","M","R","M","M","T","E","R","E","R","E","R","BOSS","M","?","?","?","M","R","M","M","T","$","R","E","?","E","R","BOSS"],"build_version":"2019-01-23","purchased_purges":1,"victory":false,"max_hp_per_floor":[85,85,85,85,85,85,85,85,85,85,85,85,85,85,85,85,85,85,85,85,85,85,85,85,85,85,85,85,85,85,85,85,85],"card_choices":[{"not_picked":["Barrage","Ball Lightning"],"picked":"Go for the Eyes","floor":1},{"not_picked":["Gash","Stack"],"picked":"Streamline","floor":2},{"not_picked":["Rebound","Redo","Stack"],"picked":"SKIP","floor":3},{"not_picked":["Chaos","Gash"],"picked":"Conserve Battery","floor":4},{"not_picked":["Compile Driver","Go for the Eyes"],"picked":"Hyperbeam","floor":5},{"not_picked":["Reinforced Body","Tempest"],"picked":"Steam","floor":7},{"not_picked":["Redo","Gash"],"picked":"Defragment","floor":8},{"not_picked":["Barrage","Capacitor"],"picked":"Self Repair","floor":12},{"not_picked":["Stack","Barrage"],"picked":"Hello World","floor":14},{"not_picked":["Buffer","Amplify"],"picked":"All For One","floor":16},{"not_picked":[],"picked":"Coolheaded+1","floor":18},{"not_picked":[],"picked":"Coolheaded+1","floor":22},{"not_picked":["Ball Lightning"],"picked":"SKIP","floor":24},{"not_picked":["Sweeping Beam"],"picked":"SKIP","floor":25},{"not_picked":[],"picked":"Leap+1","floor":29},{"not_picked":["Rebound+1"],"picked":"SKIP","floor":31}],"player_experience":862633,"relics_obtained":[{"floor":9,"key":"Pen Nib"},{"floor":12,"key":"The Courier"},{"floor":14,"key":"Bronze Scales"},{"floor":19,"key":"Nilry\u0027s Codex"},{"floor":26,"key":"Juzu Bracelet"},{"floor":29,"key":"Toxic Egg 2"},{"floor":31,"key":"Darkstone Periapt"}],"event_choices":[{"damage_healed":0,"gold_gain":0,"player_choice":"Obtained Book","damage_taken":21,"max_hp_gain":0,"max_hp_loss":0,"event_name":"Cursed Tome","floor":19,"gold_loss":0},{"damage_healed":0,"gold_gain":0,"player_choice":"Ignored","damage_taken":0,"max_hp_gain":0,"max_hp_loss":0,"event_name":"Ghosts","floor":20,"gold_loss":0},{"damage_healed":0,"gold_gain":0,"player_choice":"Cursed","damage_taken":0,"max_hp_gain":0,"max_hp_loss":0,"event_name":"Wheel of Change","floor":21,"gold_loss":0,"cards_obtained":["Decay"]},{"damage_healed":0,"gold_gain":0,"player_choice":"Read","damage_taken":0,"max_hp_gain":0,"max_hp_loss":0,"event_name":"The Library","floor":30,"gold_loss":0,"cards_obtained":["Hologram"]}],"is_beta":false,"boss_relics":[{"not_picked":["White Beast Statue","Nuclear Battery"],"picked":"Busted Crown"}],"items_purged_floors":[27],"is_endless":false,"potions_floor_spawned":[1,5,8,12,14,24,25],"killed_by":"Automaton","ascension_level":16}