{"gold_per_floor":[14,27,27,43,58,58,85,85,135,169,232,232,249,283,283,383,383,403,414,414,414,116,148,148,165,221,234,268,283,382,382,382,382],"floor_reached":33,"playtime":1558,"items_purged":["Defend_R"],"score":473,"play_id":"3c8da847-a299-4edd-8db0-588e4756b470","local_time":"20181104182511","is_ascension_mode":true,"campfire_choices":[{"data":"Inflame","floor":6,"key":"SMITH"},{"data":"Searing Blow","floor":8,"key":"SMITH"},{"data":"Sword Boomerang","floor":12,"key":"SMITH"},{"data":"Heavy Blade","floor":15,"key":"SMITH"},{"floor":24,"key":"REST"},{"data":"Whirlwind","floor":32,"key":"SMITH"}],"neow_cost":"NO_GOLD","seed_source_timestamp":1391155767543914,"circlet_count":0,"master_deck":["Strike_R","Strike_R","Strike_R","Strike_R","Defend_R","Bash","Inflame+1","Headbutt","Pain","Searing Blow+1","Sword Boomerang+1","Thunderclap","Whirlwind+1","Sword Boomerang","Heavy Blade+1","Impervious+1","Headbutt+1","Whirlwind+1","Blood for Blood+1","Fire Breathing+1","Flex+1","Pummel","Demon Form+1","Flex+1","Armaments+1"],"relics":["Burning Blood","Ginger","WarpedTongs","Frozen Egg 2","Red Skull","Bronze Scales","Toxic Egg 2","Blood Vial","Astrolabe","Mercury Hourglass","Anchor","Singing Bowl","Tiny Chest","Nunchaku"],"potions_floor_usage":[7,7,14,14,33],"damage_taken":[{"damage":8,"enemies":"2 Louse","floor":1,"turns":4},{"damage":1,"enemies":"Cultist","floor":2,"turns":3},{"damage":12,"enemies":"Jaw Worm","floor":4,"turns":4},{"damage":16,"enemies":"3 Louse","floor":5,"turns":4},{"damage":2,"enemies":"Gremlin Nob","floor":7,"turns":2},{"damage":28,"enemies":"3 Sentries","floor":10,"turns":5},{"damage":25,"enemies":"3 Sentries","floor":11,"turns":4},{"damage":0,"enemies":"Looter","floor":13,"turns":1},{"damage":0,"enemies":"Lagavulin","floor":14,"turns":2},{"damage":3,"enemies":"Slime Boss","floor":16,"turns":5},{"damage":36,"enemies":"2 Thieves","floor":18,"turns":3},{"damage":15,"enemies":"Spheric Guardian","floor":19,"turns":3},{"damage":24,"enemies":"Slavers","floor":23,"turns":2},{"damage":2,"enemies":"Chosen and Byrds","floor":25,"turns":2},{"damage":6,"enemies":"3 Cultists","floor":27,"turns":3},{"damage":3,"enemies":"Gremlin Leader","floor":28,"turns":5},{"damage":35,"enemies":"Sentry and Sphere","floor":29,"turns":3},{"damage":42,"enemies":"Champ","floor":33,"turns":3}],"seed_played":"4336675707145052133","potions_obtained":[{"floor":4,"key":"Fire Potion"},{"floor":5,"key":"SteroidPotion"},{"floor":7,"key":"FearPotion"},{"floor":11,"key":"Ancient Potion"},{"floor":13,"key":"AttackPotion"},{"floor":16,"key":"SpeedPotion"},{"floor":27,"key":"Fire Potion"}],"is_trial":false,"path_per_floor":["M","M","?","M","M","R","E","R","T","E","?","R","M","E","R","B",null,"M","M","?","?","$","E","R","M","T","M","E","M","?","?","R","B"],"character_chosen":"IRONCLAD","items_purchased":["Anchor","Pummel"],"campfire_rested":1,"item_purchase_floors":[22,22],"current_hp_per_floor":[78,80,80,74,64,64,68,68,68,46,27,27,33,39,39,44,80,50,43,43,28,28,12,37,45,45,47,54,27,27,27,27,0],"gold":382,"neow_bonus":"ONE_RARE_RELIC","is_prod":false,"is_daily":false,"chose_seed":false,"campfire_upgraded":5,"win_rate":0,"timestamp":1541373911,"path_taken":["M","M","?","?","M","R","E","R","T","E","?","R","M","E","R","BOSS","M","M","?","?","$","E","R","M","T","M","E","M","?","?","R","BOSS"],"build_version":"2018-11-01","purchased_purges":1,"victory":false,"max_hp_per_floor":[80,80,80,80,80,80,80,80,80,80,80,80,80,80,80,80,80,80,80,80,85,85,85,85,87,87,87,89,89,89,89,89,89],"card_choices":[{"not_picked":["Havoc","Seeing Red"],"picked":"Inflame","floor":1},{"not_picked":["True Grit","Shockwave"],"picked":"Headbutt","floor":2},{"not_picked":["Uppercut","Blood for Blood"],"picked":"Searing Blow","floor":4},{"not_picked":["Second Wind","Power Through"],"picked":"Sword Boomerang","floor":5},{"not_picked":["Exhume","Seeing Red"],"picked":"Thunderclap","floor":7},{"not_picked":["Headbutt","Juggernaut+1"],"picked":"Whirlwind","floor":10},{"not_picked":["Perfected Strike","Havoc"],"picked":"Sword Boomerang","floor":11},{"not_picked":["Rampage","Heavy Blade","Clash"],"picked":"SKIP","floor":13},{"not_picked":["Combust+1","Shrug It Off+1"],"picked":"Heavy Blade","floor":14},{"not_picked":["Exhume+1","Bludgeon"],"picked":"Impervious+1","floor":16},{"not_picked":["Whirlwind+1","Heavy Blade"],"picked":"Fire Breathing+1","floor":18},{"not_picked":["Sword Boomerang","Havoc+1"],"picked":"Flex+1","floor":19},{"not_picked":["Body Slam+1","Hemokinesis"],"picked":"Demon Form+1","floor":23},{"not_picked":["Clash","Perfected Strike","Pummel"],"picked":"Singing Bowl","floor":25},{"not_picked":["Evolve+1","Warcry+1"],"picked":"Flex+1","floor":27},{"not_picked":["Disarm+1","Rage+1","Reckless Charge+1"],"picked":"Singing Bowl","floor":28},{"not_picked":["Flame Barrier+1","Cleave"],"picked":"Armaments+1","floor":29}],"player_experience":1024747,"relics_obtained":[{"floor":7,"key":"Frozen Egg 2"},{"floor":9,"key":"Red Skull"},{"floor":10,"key":"Bronze Scales"},{"floor":11,"key":"Toxic Egg 2"},{"floor":14,"key":"Blood Vial"},{"floor":23,"key":"Singing Bowl"},{"floor":26,"key":"Tiny Chest"},{"floor":28,"key":"Nunchaku"}],"event_choices":[{"damage_healed":0,"gold_gain":0,"player_choice":"Rummage","damage_taken":0,"relics_obtained":["WarpedTongs"],"max_hp_gain":0,"max_hp_loss":0,"event_name":"Accursed Blacksmith","floor":3,"gold_loss":0,"cards_obtained":["Pain"]},{"damage_healed":0,"gold_gain":0,"player_choice":"Searched \u00272\u0027 times","damage_taken":0,"max_hp_gain":0,"max_hp_loss":0,"event_name":"Dead Adventurer","floor":11,"gold_loss":0},{"damage_healed":0,"gold_gain":0,"player_choice":"Opened","damage_taken":0,"relics_obtained":["Mercury Hourglass"],"max_hp_gain":0,"max_hp_loss":0,"event_name":"The Mausoleum","floor":20,"gold_loss":0},{"damage_healed":0,"gold_gain":0,"player_choice":"Shed Blood","damage_taken":20,"max_hp_gain":5,"max_hp_loss":0,"event_name":"Forgotten Altar","floor":21,"gold_loss":0},{"damage_healed":0,"gold_gain":99,"player_choice":"Stole From Cult","damage_taken":0,"max_hp_gain":0,"max_hp_loss":0,"event_name":"Nest","floor":30,"gold_loss":0},{"damage_healed":0,"gold_gain":0,"player_choice":"Ignored","damage_taken":0,"max_hp_gain":0,"max_hp_loss":0,"event_name":"Cursed Tome","floor":31,"gold_loss":0}],"is_beta":false,"boss_relics":[{"not_picked":["Lizard Tail","Eternal Feather"],"picked":"Astrolabe"}],"items_purged_floors":[22],"is_endless":false,"potions_floor_spawned":[4,5,7,11,13,16,27,29],"killed_by":"Champ","ascension_level":2}