{"path_per_floor":["M","M","M","?","M","R","E","R","T","M","M","R","?","?","R","B",null,"M","M","$","M"],"character_chosen":"THE_SILENT","items_purchased":["Bottled Lightning","Flash of Steel"],"gold_per_floor":[112,122,135,135,151,151,176,176,249,268,285,285,385,385,385,485,485,502,518,86,103,103],"floor_reached":22,"campfire_rested":2,"playtime":1180,"current_hp_per_floor":[70,70,70,56,56,56,36,57,57,30,28,28,28,28,49,29,60,58,58,58,34,18],"items_purged":["Strike_G"],"gold":103,"score":235,"play_id":"a6e309ae-07a7-413c-acf3-712ca7aaf56a","local_time":"20180412194017","is_prod":false,"is_daily":false,"is_ascension_mode":true,"campfire_upgraded":2,"timestamp":1523554817,"path_taken":["M","M","M","?","M","R","E","R","T","M","M","R","?","?","R","BOSS","M","M","$","M","?"],"build_version":"2018-04-05v2","purchased_purges":1,"victory":false,"master_deck":["Defend_G","Defend_G","Defend_G+1","Defend_G","Strike_G+1","Strike_G","Survivor","Neutralize+1","Blade Dance+1","Crippling Poison+1","Bouncing Flask+1","Dagger Spray","Noxious Fumes+1","Bane","Backflip","Escape Plan","Dagger Throw","Die Die Die","Flying Knee","Cloak And Dagger","Flash of Steel"],"max_hp_per_floor":[70,70,70,70,70,70,70,70,70,70,70,70,70,70,70,70,70,70,70,70,70,70],"relics":["Astrolabe","Toolbox","Shuriken","Runic Pyramid","Bottled Lightning"],"card_choices":[{"not_picked":["Caltrops","Prepared"],"picked":"Dagger Spray","floor":1},{"not_picked":["Expertise","Cloak And Dagger"],"picked":"Noxious Fumes","floor":2},{"not_picked":["Dagger Spray","Concentrate"],"picked":"Bane","floor":3},{"not_picked":["Sucker Punch","Bouncing Flask"],"picked":"Backflip","floor":5},{"not_picked":["All Out Attack","Prepared"],"picked":"Escape Plan","floor":7},{"not_picked":["Bane","Dagger Spray"],"picked":"Dagger Throw","floor":10},{"not_picked":["Grand Finale","Bullet Time"],"picked":"Die Die Die","floor":16},{"not_picked":["Dagger Throw","Bouncing Flask"],"picked":"Flying Knee","floor":18},{"not_picked":["Outmaneuver","Quick Slash"],"picked":"Cloak And Dagger","floor":19}],"player_experience":220390,"potions_floor_usage":[10],"damage_taken":[{"damage":0,"enemies":"Cultist","floor":1,"turns":3},{"damage":0,"enemies":"2 Louse","floor":2,"turns":3},{"damage":0,"enemies":"Small Slimes","floor":3,"turns":2},{"damage":0,"enemies":"3 Louse","floor":5,"turns":3},{"damage":20,"enemies":"Lagavulin","floor":7,"turns":7},{"damage":27,"enemies":"Gremlin Gang","floor":10,"turns":4},{"damage":2,"enemies":"2 Fungi Beasts","floor":11,"turns":3},{"damage":20,"enemies":"Hexaghost","floor":16,"turns":8},{"damage":2,"enemies":"3 Byrds","floor":18,"turns":4},{"damage":0,"enemies":"Spheric Guardian","floor":19,"turns":3},{"damage":24,"enemies":"3 Cultists","floor":21,"turns":5}],"event_choices":[{"event_name":"Shining Light","player_choice":"Entered Light","floor":4,"damage_taken":0},{"event_name":"Golden Shrine","player_choice":"Pray","floor":13,"damage_taken":0},{"event_name":"Golden Idol","player_choice":"Ignored","floor":14,"damage_taken":0},{"event_name":"Cursed Tome","player_choice":"Obtained Book","floor":22,"damage_taken":0}],"boss_relics":[{"not_picked":["Runic Dome","Calling Bell"],"picked":"Runic Pyramid"}],"potions_floor_spawned":[2,3,16,18],"seed_played":"-1430375884457156269","ascension_level":5,"is_trial":false}