{"gold_per_floor":[119,119,129,144,9,38,38,38,91,91,1,1,11,24,24,101,101,77,2,2,0,0,31,31,46,94,94,94,94,109,109,109,109],"floor_reached":33,"playtime":987,"items_purged":["Strike_G"],"score":509,"play_id":"ebdaa3e4-3e6a-4c62-8654-d364512dd03e","local_time":"20190304231604","is_ascension_mode":true,"campfire_choices":[{"data":"Skewer","floor":8,"key":"SMITH"},{"data":"Leg Sweep","floor":12,"key":"SMITH"},{"data":"Terror","floor":15,"key":"SMITH"},{"floor":24,"key":"REST"},{"floor":27,"key":"REST"},{"data":"Well Laid Plans","floor":29,"key":"SMITH"},{"floor":32,"key":"REST"}],"neow_cost":"NONE","seed_source_timestamp":495288813549660,"circlet_count":0,"master_deck":["AscendersBane","Defend_G","Defend_G+1","Defend_G","Defend_G+1","Defend_G","Strike_G","Strike_G","Strike_G","Strike_G","Survivor","Neutralize","Skewer+1","Terror+1","Prepared","Crippling Poison+1","Leg Sweep+1","Deadly Poison","Unload","Adrenaline","Backflip+1","Dagger Spray+1","Well Laid Plans+1","PiercingWail","Noxious Fumes"],"relics":["Ring of the Snake","NeowsBlessing","Strawberry","War Paint","Philosopher\u0027s Stone","Bronze Scales","Dream Catcher"],"potions_floor_usage":[6,7,14,16,20,23,33],"damage_taken":[{"damage":0,"enemies":"Jaw Worm","floor":1,"turns":1},{"damage":0,"enemies":"Cultist","floor":3,"turns":1},{"damage":0,"enemies":"Small Slimes","floor":4,"turns":1},{"damage":42,"enemies":"Gremlin Nob","floor":6,"turns":5},{"damage":0,"enemies":"The Mushroom Lair","floor":7,"turns":1},{"damage":0,"enemies":"Blue Slaver","floor":13,"turns":4},{"damage":0,"enemies":"3 Louse","floor":14,"turns":1},{"damage":29,"enemies":"Slime Boss","floor":16,"turns":10},{"damage":13,"enemies":"2 Thieves","floor":18,"turns":4},{"damage":16,"enemies":"Colosseum Slavers","floor":20,"turns":4},{"damage":26,"enemies":"Book of Stabbing","floor":23,"turns":5},{"damage":7,"enemies":"Shell Parasite","floor":25,"turns":4},{"damage":8,"enemies":"Chosen and Byrds","floor":30,"turns":4},{"damage":72,"enemies":"Champ","floor":33,"turns":14}],"seed_played":"4369501983909063286","potions_obtained":[{"floor":2,"key":"FairyPotion"},{"floor":2,"key":"SkillPotion"},{"floor":6,"key":"SmokeBomb"},{"floor":13,"key":"Explosive Potion"},{"floor":16,"key":"LiquidBronze"},{"floor":18,"key":"Strength Potion"},{"floor":23,"key":"Weak Potion"},{"floor":25,"key":"Dexterity Potion"}],"is_trial":false,"path_per_floor":["M","?","M","M","$","E","?","R","T","?","$","R","M","M","R","B",null,"M","$","?","?","?","E","R","M","T","R","?","R","M","?","R","B"],"character_chosen":"THE_SILENT","items_purchased":["Crippling Poison","SkillPotion","Leg Sweep"],"campfire_rested":3,"item_purchase_floors":[5,5,11],"current_hp_per_floor":[59,59,59,59,59,24,24,24,24,48,48,48,48,48,48,19,60,47,47,31,31,31,5,26,19,19,40,55,55,47,26,49,0],"gold":109,"neow_bonus":"THREE_ENEMY_KILL","is_prod":false,"is_daily":false,"chose_seed":false,"campfire_upgraded":4,"win_rate":0,"timestamp":1551708964,"path_taken":["M","?","?","M","?","E","?","R","T","?","$","R","?","M","R","BOSS","M","$","?","?","?","E","R","?","T","R","?","R","M","?","R","BOSS"],"build_version":"2019-01-23","purchased_purges":1,"victory":false,"max_hp_per_floor":[66,66,66,66,66,73,73,73,73,73,73,73,73,73,73,73,73,73,73,73,73,73,73,73,73,73,73,73,73,73,78,78,78],"card_choices":[{"not_picked":["Dagger Spray","Backflip"],"picked":"Skewer","floor":1},{"not_picked":["Quick Slash","Caltrops"],"picked":"Terror","floor":3},{"not_picked":["Slice","Outmaneuver"],"picked":"Prepared","floor":4},{"not_picked":["Sucker Punch","Quick Slash","Underhanded Strike"],"picked":"SKIP","floor":6},{"not_picked":["Blade Dance","Deflect"],"picked":"Deadly Poison","floor":13},{"not_picked":["Backflip","Prepared"],"picked":"Unload","floor":14},{"not_picked":["Glass Knife","Burst"],"picked":"Adrenaline","floor":16},{"not_picked":["Cloak And Dagger","Infinite Blades","Dagger Throw"],"picked":"SKIP","floor":18},{"not_picked":["Expertise","Malaise"],"picked":"Backflip+1","floor":23},{"not_picked":["Riddle With Holes","Dagger Throw"],"picked":"Dagger Spray+1","floor":25},{"not_picked":["Underhanded Strike","Choke+1"],"picked":"Well Laid Plans","floor":27},{"not_picked":["Acrobatics","Underhanded Strike"],"picked":"PiercingWail","floor":30},{"not_picked":["Infinite Blades","Expertise"],"picked":"Noxious Fumes","floor":32}],"player_experience":622736,"relics_obtained":[{"floor":6,"key":"Strawberry"},{"floor":9,"key":"War Paint"},{"floor":23,"key":"Bronze Scales"},{"floor":26,"key":"Dream Catcher"}],"event_choices":[{"damage_healed":0,"gold_gain":0,"player_choice":"Got Potions","damage_taken":0,"max_hp_gain":0,"max_hp_loss":0,"event_name":"Lab","floor":2,"gold_loss":0},{"damage_healed":0,"gold_gain":0,"player_choice":"Fought Mushrooms","damage_taken":0,"max_hp_gain":0,"max_hp_loss":0,"event_name":"Mushrooms","floor":7,"gold_loss":0},{"damage_healed":24,"gold_gain":0,"player_choice":"Banana","damage_taken":0,"max_hp_gain":0,"max_hp_loss":0,"event_name":"Big Fish","floor":10,"gold_loss":0},{"damage_healed":0,"gold_gain":0,"player_choice":"Fight","damage_taken":0,"max_hp_gain":0,"max_hp_loss":0,"event_name":"Colosseum","floor":20,"gold_loss":0},{"damage_healed":0,"gold_gain":0,"player_choice":"Fled From Nobs","damage_taken":0,"max_hp_gain":0,"max_hp_loss":0,"event_name":"Colosseum","floor":20,"gold_loss":0},{"damage_healed":0,"gold_gain":0,"player_choice":"Paid Fearfully","damage_taken":0,"max_hp_gain":0,"max_hp_loss":0,"event_name":"Masked Bandits","floor":21,"gold_loss":2},{"damage_healed":0,"gold_gain":0,"player_choice":"Upgraded","damage_taken":0,"max_hp_gain":0,"max_hp_loss":0,"event_name":"Upgrade Shrine","floor":22,"gold_loss":0,"cards_upgraded":["Crippling Poison"]},{"damage_healed":15,"gold_gain":0,"player_choice":"Heal","damage_taken":0,"max_hp_gain":0,"max_hp_loss":0,"event_name":"The Library","floor":28,"gold_loss":0},{"damage_healed":0,"gold_gain":0,"player_choice":"Shed Blood","damage_taken":26,"max_hp_gain":5,"max_hp_loss":0,"event_name":"Forgotten Altar","floor":31,"gold_loss":0}],"is_beta":false,"boss_relics":[{"not_picked":["Calling Bell","Black Star"],"picked":"Philosopher\u0027s Stone"}],"items_purged_floors":[19],"is_endless":false,"potions_floor_spawned":[3,6,13,16,18,23,25],"killed_by":"Champ","ascension_level":19}