{"path_per_floor":["M","?","M","?","?","E","M","$","T","M","R","$","R","M","R","B",null,"M","?","?","M","?","E","?","R","T","R","$","M","M","M","R","B",null,"M","?","$","M","?","R","M","R","T","R","E","M","$","?","R","B"],"character_chosen":"THE_SILENT","items_purchased":["Bag of Preparation","Footwork","Envenom","Mind Blast"],"gold_per_floor":[110,60,77,37,37,68,83,8,8,26,26,26,26,42,42,147,147,160,160,160,173,173,205,205,205,230,230,45,63,75,90,90,190,190,208,208,108,120,120,120,136,136,136,136,170,181,10,10,10,10],"floor_reached":51,"campfire_rested":1,"playtime":5518,"current_hp_per_floor":[70,70,70,70,70,70,70,70,70,70,70,70,70,70,70,35,70,70,70,61,58,58,32,32,32,32,32,32,22,15,15,37,15,75,75,75,75,75,75,75,75,75,75,75,73,73,73,73,73,37],"items_purged":["Strike_G","Strike_G"],"gold":10,"play_id":"a6adb4af-0cd2-42bc-8448-1fd6f090b1bd","is_prod":false,"is_daily":false,"campfire_rituals":0,"campfire_upgraded":9,"is_hardmode":false,"path_taken":["M","?","?","?","?","E","M","?","T","M","R","$","R","M","R","BOSS","M","?","?","?","?","E","?","R","T","R","$","?","M","M","R","BOSS","M","?","$","M","?","R","M","R","T","R","E","M","$","?","R","BOSS"],"build_version":"2018-01-18-PROD4","purchased_purges":2,"victory":true,"master_deck":["Defend_G","Defend_G","Defend_G","Defend_G","Defend_G","Strike_G","Survivor","Neutralize","Blur","Quick Slash","Predator","PiercingWail","Dagger Throw","After Image","Distraction","Outmaneuver","Concentrate","A Thousand Cuts","Reflex","Flying Knee","Prepared","Backflip","Burst","Setup","Blade Dance","Slice","Predator","Envenom","Mind Blast"],"max_hp_per_floor":[70,70,70,70,70,70,70,70,70,70,70,70,70,70,70,70,70,70,70,75,75,75,75,75,75,75,75,75,75,75,75,75,75,75,75,75,75,75,75,75,75,75,75,75,75,75,75,75,75,75],"relics":["Ring of the Snake","NeowsBlessing","Ornamental Fan","Gambling Chip","Philosopher\u0027s Stone","Unceasing Top","Matryoshka","Art of War","Anchor","Bag of Preparation","Sozu","Vajra","Snake Skull","Bag of Marbles"],"campfire_meditates":0,"card_choices":[{"not_picked":["PiercingWail","Setup"],"picked":"Blur"},{"not_picked":["Acrobatics","Underhanded Strike"],"picked":"Quick Slash"},{"not_picked":["Bane","Concentrate"],"picked":"Predator"},{"not_picked":["Concentrate","Bane"],"picked":"PiercingWail"},{"not_picked":["Wraith Form","Endless Agony"],"picked":"Dagger Throw"},{"not_picked":["Doppelganger","Corpse Explosion"],"picked":"After Image"},{"not_picked":["PiercingWail","Quick Slash"],"picked":"Distraction"},{"not_picked":["Blur","Finisher"],"picked":"Outmaneuver"},{"not_picked":["Skewer","Underhanded Strike"],"picked":"Concentrate"},{"not_picked":["PiercingWail","Noxious Fumes"],"picked":"Flying Knee"},{"not_picked":["Dodge and Roll","Backstab"],"picked":"Prepared"},{"not_picked":["PiercingWail","Sucker Punch"],"picked":"Backflip"},{"not_picked":["Wraith Form","Die Die Die"],"picked":"Burst"},{"not_picked":["Backstab","Outmaneuver"],"picked":"Setup"},{"not_picked":["Dodge and Roll","Deadly Poison"],"picked":"Blade Dance"},{"not_picked":["Bane","Concentrate"],"picked":"Slice"},{"not_picked":["Deflect","Catalyst"],"picked":"Predator"}],"player_experience":361876,"potions_floor_usage":[23,23,23,30],"damage_taken":[{"damage":0,"enemies":"Small Slimes","floor":1,"turns":1},{"damage":0,"enemies":"Jaw Worm","floor":3,"turns":1},{"damage":0,"enemies":"Gremlin Nob","floor":6,"turns":1},{"damage":0,"enemies":"Cultist","floor":7,"turns":3},{"damage":0,"enemies":"Lots of Slimes","floor":10,"turns":5},{"damage":0,"enemies":"Large Slime","floor":14,"turns":4},{"damage":35,"enemies":"Slime Boss","floor":16,"turns":14},{"damage":0,"enemies":"Spheric Guardian","floor":18,"turns":4},{"damage":3,"enemies":"Shell Parasite","floor":21,"turns":6},{"damage":41,"enemies":"Gremlin Leader","floor":23,"turns":13},{"damage":10,"enemies":"Centurion and Healer","floor":29,"turns":6},{"damage":7,"enemies":"Sentry and Sphere","floor":30,"turns":5},{"damage":0,"enemies":"Snecko","floor":31,"turns":5},{"damage":22,"enemies":"Champ","floor":33,"turns":16},{"damage":0,"enemies":"3 Shapes","floor":35,"turns":5},{"damage":0,"enemies":"Orb Walker","floor":38,"turns":4},{"damage":0,"enemies":"3 Darklings","floor":41,"turns":4},{"damage":2,"enemies":"Giant Head","floor":45,"turns":9},{"damage":0,"enemies":"Sphere and 2 Shapes","floor":46,"turns":2},{"damage":36,"enemies":"Donu and Deca","floor":50,"turns":9}],"event_choices":[{"event_name":"The Cleric","player_choice":"Card Removal","floor":2,"damage_taken":0},{"event_name":"The Woman in Blue","player_choice":"Bought 3 Potions","floor":4,"damage_taken":0},{"event_name":"Living Wall","player_choice":"Forget","floor":5,"damage_taken":0},{"event_name":"Upgrade Shrine","player_choice":"Upgraded","floor":19,"damage_taken":0},{"event_name":"Forgotten Altar","player_choice":"Shed Blood","floor":20,"damage_taken":0},{"event_name":"The Mausoleum","player_choice":"Yes","floor":22,"damage_taken":0},{"event_name":"Match and Keep!","player_choice":"3 cards matched","floor":24,"damage_taken":0},{"event_name":"Fountain of Cleansing","player_choice":"Removed Curse","floor":39,"damage_taken":0},{"event_name":"Accursed Blacksmith","player_choice":"Forge","floor":48,"damage_taken":0}],"boss_relics":[{"not_picked":["Question Card","Tiny House"],"picked":"Philosopher\u0027s Stone"},{"not_picked":["Runic Pyramid","Calling Bell"],"picked":"Sozu"}],"potions_floor_spawned":[6,14,16,23,30,33,38,45,46],"seed_played":"-5149816769256934170","is_trial":false}