{"gold_per_floor":[115,45,56,56,69,95,105,115,115,115,150,150,184,199,199,330,330,354,374,388,162,180,204,204,204,204,204,222,147,163,192,192,293,293,306,306,325,325,225,225,260,260,260,36,36,36,64,83,83,83],"floor_reached":51,"playtime":5354,"items_purged":["Strike_R","Clumsy"],"score":758,"play_id":"de038b16-cea6-4a6f-b3b1-ae78f0ea39d1","local_time":"20190225034439","is_ascension_mode":true,"campfire_choices":[{"data":"Armaments","floor":10,"key":"SMITH"},{"floor":15,"key":"REST"},{"data":"Heavy Blade","floor":24,"key":"SMITH"},{"data":"Corruption","floor":27,"key":"SMITH"},{"data":"Clothesline","floor":32,"key":"SMITH"},{"data":"Shrug It Off","floor":40,"key":"SMITH"},{"data":"Flame Barrier","floor":42,"key":"SMITH"},{"data":"Apotheosis","floor":49,"key":"SMITH"}],"neow_cost":"NONE","seed_source_timestamp":32341719270982,"circlet_count":0,"master_deck":["Strike_R","Strike_R","Strike_R","Defend_R","Defend_R","Defend_R","Defend_R","Bash","Sword Boomerang","Twin Strike","Shrug It Off","Clothesline+1","Armaments+1","Cleave","Shrug It Off+1","Spot Weakness","Flame Barrier+1","Heavy Blade+1","Battle Trance","Demon Form","Corruption+1","True Grit+1","Battle Trance","Headbutt","Shockwave","Impervious","Fiend Fire","Warcry+1","Offering","Reaper+1","Ghostly Armor","Apotheosis+1","Feel No Pain+1"],"relics":["Burning Blood","Question Card","Matryoshka","Blue Candle","Mercury Hourglass","Paper Frog","Bloody Idol","Singing Bowl","Cursed Key","Oddly Smooth Stone","Bag of Preparation","Centennial Puzzle","Dodecahedron","Black Star","Du-Vu Doll","Molten Egg 2","Boot","The Courier"],"potions_floor_usage":[31,33,47,50,50,50,50],"damage_taken":[{"damage":6,"enemies":"Cultist","floor":1,"turns":3},{"damage":6,"enemies":"Jaw Worm","floor":3,"turns":2},{"damage":0,"enemies":"2 Louse","floor":5,"turns":3},{"damage":40,"enemies":"3 Sentries","floor":6,"turns":10},{"damage":12,"enemies":"Looter","floor":7,"turns":3},{"damage":1,"enemies":"2 Fungi Beasts","floor":8,"turns":3},{"damage":13,"enemies":"Gremlin Nob","floor":11,"turns":4},{"damage":23,"enemies":"Lagavulin","floor":13,"turns":6},{"damage":1,"enemies":"Exordium Thugs","floor":14,"turns":4},{"damage":13,"enemies":"Slime Boss","floor":16,"turns":7},{"damage":0,"enemies":"Chosen","floor":18,"turns":3},{"damage":7,"enemies":"Shell Parasite","floor":19,"turns":5},{"damage":4,"enemies":"Centurion and Healer","floor":20,"turns":5},{"damage":0,"enemies":"Snecko","floor":22,"turns":4},{"damage":6,"enemies":"Snake Plant","floor":23,"turns":5},{"damage":3,"enemies":"Centurion and Healer","floor":28,"turns":8},{"damage":3,"enemies":"Snecko","floor":30,"turns":4},{"damage":12,"enemies":"Gremlin Leader","floor":31,"turns":4},{"damage":59,"enemies":"Collector","floor":33,"turns":9},{"damage":0,"enemies":"3 Shapes","floor":35,"turns":2},{"damage":0,"enemies":"Orb Walker","floor":37,"turns":4},{"damage":11,"enemies":"Reptomancer","floor":41,"turns":3},{"damage":7,"enemies":"Giant Head","floor":47,"turns":5},{"damage":9,"enemies":"3 Darklings","floor":48,"turns":5},{"damage":55,"enemies":"Awakened One","floor":50,"turns":10}],"seed_played":"2069109083749242632","potions_obtained":[{"floor":1,"key":"Fire Potion"},{"floor":6,"key":"Block Potion"},{"floor":8,"key":"EntropicBrew"},{"floor":28,"key":"SteroidPotion"},{"floor":31,"key":"SkillPotion"},{"floor":41,"key":"SpeedPotion"}],"is_trial":false,"path_per_floor":["M","$","M","?","M","E","M","M","T","R","E","?","E","M","R","B",null,"M","M","M","$","M","M","R","?","T","R","M","?","M","E","R","B",null,"M","?","M","T","$","R","E","R","T","$","?","?","E","M","R","B",null],"character_chosen":"IRONCLAD","items_purchased":["Twin Strike","Shrug It Off","Oddly Smooth Stone","Reaper+1","Ghostly Armor"],"campfire_rested":1,"item_purchase_floors":[2,2,21,44,44],"current_hp_per_floor":[88,88,88,81,87,53,47,52,52,52,45,45,28,33,57,50,81,81,80,81,81,83,83,83,83,83,83,83,83,85,84,84,36,85,87,87,87,87,87,87,87,87,87,87,83,80,84,87,87,79],"gold":83,"neow_bonus":"TEN_PERCENT_HP_BONUS","is_prod":false,"is_daily":false,"chose_seed":false,"campfire_upgraded":7,"win_rate":0,"timestamp":1551059079,"path_taken":["M","$","M","?","M","E","M","M","T","R","E","?","E","?","R","BOSS","M","M","?","$","M","?","R","?","T","R","M","?","M","E","R","BOSS","M","?","M","?","?","R","E","R","T","$","?","?","E","M","R","BOSS"],"build_version":"2019-01-23","purchased_purges":2,"victory":true,"max_hp_per_floor":[88,88,88,88,88,88,88,88,88,88,88,81,81,81,81,81,81,81,81,81,81,83,83,83,83,83,83,83,83,85,85,85,85,85,87,87,87,87,87,87,87,87,87,87,83,85,85,87,87,87],"card_choices":[{"not_picked":["Second Wind","Evolve"],"picked":"Sword Boomerang","floor":1},{"not_picked":["Burning Pact","Flex"],"picked":"Clothesline","floor":3},{"not_picked":["Sever Soul","Body Slam","Headbutt"],"picked":"Armaments","floor":5},{"not_picked":["Thunderclap","Anger","Heavy Blade"],"picked":"Cleave","floor":6},{"not_picked":["Armaments","Anger","Perfected Strike"],"picked":"Shrug It Off","floor":7},{"not_picked":["Armaments","Dual Wield","Flex"],"picked":"Spot Weakness","floor":8},{"not_picked":["Wild Strike","Hemokinesis","Shrug It Off"],"picked":"Flame Barrier","floor":11},{"not_picked":["Flame Barrier","Havoc","Hemokinesis"],"picked":"Heavy Blade","floor":13},{"not_picked":["Bloodletting","Twin Strike","Sword Boomerang"],"picked":"Battle Trance","floor":14},{"not_picked":["Barricade","Juggernaut","Double Tap"],"picked":"Demon Form","floor":16},{"not_picked":["Armaments","Metallicize","Shrug It Off"],"picked":"Corruption","floor":18},{"not_picked":["Headbutt","Seeing Red","Perfected Strike"],"picked":"True Grit+1","floor":19},{"not_picked":["Armaments","Shrug It Off","Rage+1"],"picked":"Battle Trance","floor":20},{"not_picked":["Clothesline","Intimidate+1","True Grit","Blood for Blood"],"picked":"Singing Bowl","floor":22},{"not_picked":["Thunderclap","Exhume","Havoc"],"picked":"Headbutt","floor":23},{"not_picked":["Twin Strike","Pommel Strike+1","Thunderclap+1"],"picked":"Shockwave","floor":28},{"not_picked":["Heavy Blade","Pommel Strike","Warcry","Headbutt+1"],"picked":"Singing Bowl","floor":30},{"not_picked":["Power Through+1","Sentinel","Clash+1"],"picked":"Impervious","floor":31},{"not_picked":["Barricade","Berserk","Reaper"],"picked":"Fiend Fire","floor":33},{"not_picked":["Entrench","Second Wind","Sword Boomerang","Havoc+1"],"picked":"Singing Bowl","floor":35},{"not_picked":["Shrug It Off","Perfected Strike","Clash+1"],"picked":"Warcry+1","floor":37},{"not_picked":["Cleave","Double Tap","Headbutt+1"],"picked":"Offering","floor":41},{"not_picked":["Impatience","Swift Strike+1","Panacea"],"picked":"Apotheosis","floor":46},{"not_picked":["Bandage Up","PanicButton","Finesse","Apotheosis"],"picked":"Singing Bowl","floor":46},{"not_picked":["Second Wind+1","Havoc","Infernal Blade+1"],"picked":"Feel No Pain+1","floor":47},{"not_picked":["Clash+1","Flex","Warcry+1","Burning Pact"],"picked":"Singing Bowl","floor":48}],"player_experience":511664,"relics_obtained":[{"floor":6,"key":"Matryoshka"},{"floor":9,"key":"Blue Candle"},{"floor":9,"key":"Mercury Hourglass"},{"floor":11,"key":"Paper Frog"},{"floor":13,"key":"Singing Bowl"},{"floor":26,"key":"Bag of Preparation"},{"floor":26,"key":"Centennial Puzzle"},{"floor":31,"key":"Dodecahedron"},{"floor":41,"key":"Du-Vu Doll"},{"floor":41,"key":"Molten Egg 2"},{"floor":47,"key":"Boot"},{"floor":47,"key":"The Courier"}],"event_choices":[{"damage_healed":0,"gold_gain":0,"player_choice":"Success","damage_taken":7,"relics_obtained":["Question Card"],"max_hp_gain":0,"max_hp_loss":0,"event_name":"Scrap Ooze","floor":4,"gold_loss":0},{"damage_healed":0,"gold_gain":0,"player_choice":"Lose Max HP","damage_taken":0,"relics_obtained":["Golden Idol"],"max_hp_gain":0,"max_hp_loss":7,"event_name":"Golden Idol","floor":12,"gold_loss":0},{"damage_healed":0,"gold_gain":0,"player_choice":"Gave Idol","damage_taken":0,"relics_obtained":["Bloody Idol"],"max_hp_gain":0,"max_hp_loss":0,"event_name":"Forgotten Altar","floor":25,"relics_lost":["Golden Idol"],"gold_loss":0},{"cards_removed":["Strike_R"],"damage_healed":0,"gold_gain":0,"player_choice":"Gave Gold","damage_taken":0,"max_hp_gain":0,"max_hp_loss":0,"event_name":"Beggar","floor":29,"gold_loss":75},{"damage_healed":0,"gold_gain":0,"player_choice":"Ignored","damage_taken":0,"max_hp_gain":0,"max_hp_loss":0,"event_name":"Tomb of Lord Red Mask","floor":36,"gold_loss":0},{"damage_healed":0,"gold_gain":0,"player_choice":"Max HP","damage_taken":0,"max_hp_gain":0,"max_hp_loss":4,"event_name":"Winding Halls","floor":45,"gold_loss":0},{"damage_healed":0,"gold_gain":0,"player_choice":"Memory 2","damage_taken":5,"max_hp_gain":0,"max_hp_loss":0,"event_name":"SensoryStone","floor":46,"gold_loss":0}],"is_beta":false,"boss_relics":[{"not_picked":["Lizard Tail","Fusion Hammer"],"picked":"Cursed Key"},{"not_picked":["Calling Bell","Snecko Eye"],"picked":"Black Star"}],"items_purged_floors":[21,39],"is_endless":false,"potions_floor_spawned":[1,6,8,11,13,18,22,28,30,31,41],"ascension_level":1}