{"gold_per_floor":[111,111,111,126,76,76,93,113,113,113,113,132,159,174,174,276,276,288,288,278,288,388,414,414,414,437,437,111,30,57,57,57,157,157,169,0,14,26,126,126,142,142,142,78,78,78,89,101,101,101],"floor_reached":51,"playtime":5174,"items_purged":[],"score":660,"play_id":"30c1ad95-0dfa-4cdc-82f7-92f3ea7708da","local_time":"20190224124716","is_ascension_mode":false,"campfire_choices":[{"data":"1","floor":6,"key":"LIFT"},{"data":"Perfected Strike","floor":11,"key":"SMITH"},{"data":"2","floor":15,"key":"LIFT"},{"floor":24,"key":"DIG"},{"data":"3","floor":32,"key":"LIFT"},{"floor":40,"key":"DIG"},{"floor":42,"key":"DIG"},{"floor":45,"key":"DIG"},{"data":"Armaments","floor":49,"key":"SMITH"}],"neow_cost":"NONE","seed_source_timestamp":125351446351100,"circlet_count":0,"master_deck":["Strike_R","Strike_R","Strike_R","Strike_R","Strike_R","Defend_R+1","Defend_R","Defend_R","Bash","Pommel Strike","Perfected Strike+1","Flame Barrier","Metallicize","Shrug It Off+1","Armaments+1","Havoc+1","Seeing Red+1","Reaper","Headbutt","Battle Trance+1","Flex+1","True Grit+1","Bandage Up+1","Limit Break+1","Offering+1","Body Slam+1","Barricade","Clothesline+1","Bloodletting+1","Shrug It Off+1","Shrug It Off+1","Whirlwind+1","Warcry+1"],"relics":["Burning Blood","Girya","Shuriken","Toxic Egg 2","Eternal Feather","Shovel","Ornamental Fan","Oddly Smooth Stone","Mercury Hourglass","Art of War","Molten Egg 2","PreservedInsect","Centennial Puzzle","Coffee Dripper","Red Mask","Nunchaku","Potion Belt","FossilizedHelix","The Courier","Champion Belt"],"potions_floor_usage":[13,20,33,38,50],"damage_taken":[{"damage":2,"enemies":"2 Louse","floor":1,"turns":4},{"damage":6,"enemies":"Jaw Worm","floor":4,"turns":3},{"damage":7,"enemies":"Small Slimes","floor":7,"turns":4},{"damage":2,"enemies":"Blue Slaver","floor":8,"turns":6},{"damage":0,"enemies":"3 Louse","floor":12,"turns":3},{"damage":13,"enemies":"Gremlin Nob","floor":13,"turns":4},{"damage":0,"enemies":"Looter","floor":14,"turns":3},{"damage":3,"enemies":"Slime Boss","floor":16,"turns":11},{"damage":9,"enemies":"Spheric Guardian","floor":18,"turns":5},{"damage":7,"enemies":"2 Thieves","floor":20,"turns":4},{"damage":3,"enemies":"Cultist and Chosen","floor":21,"turns":4},{"damage":28,"enemies":"Colosseum Slavers","floor":22,"turns":8},{"damage":17,"enemies":"Colosseum Nobs","floor":22,"turns":6},{"damage":36,"enemies":"Slavers","floor":23,"turns":8},{"damage":6,"enemies":"Book of Stabbing","floor":30,"turns":3},{"damage":47,"enemies":"Champ","floor":33,"turns":8},{"damage":6,"enemies":"Orb Walker","floor":35,"turns":2},{"damage":0,"enemies":"3 Shapes","floor":37,"turns":5},{"damage":0,"enemies":"Spire Growth","floor":38,"turns":3},{"damage":18,"enemies":"Mind Bloom Boss Battle","floor":39,"turns":9},{"damage":27,"enemies":"Writhing Mass","floor":41,"turns":7},{"damage":0,"enemies":"Transient","floor":47,"turns":5},{"damage":14,"enemies":"Spire Growth","floor":48,"turns":4},{"damage":54,"enemies":"Time Eater","floor":50,"turns":11}],"seed_played":"-270628159559192535","potions_obtained":[{"floor":4,"key":"Regen Potion"},{"floor":7,"key":"PowerPotion"},{"floor":13,"key":"Poison Potion"},{"floor":14,"key":"Regen Potion"},{"floor":18,"key":"Explosive Potion"},{"floor":22,"key":"SkillPotion"},{"floor":33,"key":"FearPotion"},{"floor":38,"key":"Block Potion"}],"is_trial":false,"path_per_floor":["M","?","?","M","?","R","M","M","T","?","R","M","E","M","R","B",null,"M","?","M","M","?","E","R","?","T","T","$","$","E","$","R","B",null,"M","?","M","M","?","R","M","R","T","$","R","?","M","M","R","B",null],"character_chosen":"IRONCLAD","items_purchased":["PreservedInsect","Bandage Up+1","Limit Break+1","Offering+1","Whirlwind+1"],"campfire_rested":0,"item_purchase_floors":[28,28,28,29,44],"current_hp_per_floor":[80,85,73,73,73,73,72,76,76,59,59,65,58,64,64,67,85,82,66,71,86,60,42,54,54,54,54,54,54,60,60,75,52,90,90,90,90,90,90,90,75,90,90,90,90,90,90,82,90,48],"gold":101,"neow_bonus":"THREE_CARDS","is_prod":false,"is_daily":false,"chose_seed":false,"campfire_upgraded":2,"win_rate":0,"timestamp":1551008836,"path_taken":["M","?","?","M","?","R","M","M","T","?","R","M","E","M","R","BOSS","M","?","M","M","?","E","R","?","T","?","?","$","E","$","R","BOSS","M","?","M","M","?","R","M","R","T","?","R","?","M","M","R","BOSS"],"build_version":"2019-01-23","purchased_purges":0,"victory":true,"max_hp_per_floor":[80,85,85,85,85,85,85,85,85,85,85,85,85,85,85,85,85,85,90,90,90,90,90,90,90,90,90,90,90,90,90,90,90,90,90,90,90,90,90,90,90,90,90,90,90,90,90,90,90,90],"card_choices":[{"not_picked":["Body Slam","Clash"],"picked":"Pommel Strike","floor":0},{"not_picked":["Iron Wave","Dropkick"],"picked":"Perfected Strike","floor":1},{"not_picked":["Pommel Strike","True Grit"],"picked":"Flame Barrier","floor":4},{"not_picked":["Sentinel","Feel No Pain"],"picked":"Metallicize","floor":7},{"not_picked":["Clash","Power Through"],"picked":"Shrug It Off","floor":8},{"not_picked":["Dual Wield","Flex"],"picked":"Armaments","floor":12},{"not_picked":["Combust","Dual Wield"],"picked":"Havoc","floor":13},{"not_picked":["Shrug It Off+1","Iron Wave"],"picked":"Seeing Red+1","floor":14},{"not_picked":["Berserk","Dark Embrace"],"picked":"Reaper","floor":16},{"not_picked":["Cleave","Corruption+1"],"picked":"Headbutt","floor":18},{"not_picked":["Cleave","Carnage"],"picked":"Battle Trance+1","floor":20},{"not_picked":["Clothesline","Havoc+1"],"picked":"Flex+1","floor":21},{"not_picked":["Heavy Blade","Sword Boomerang"],"picked":"True Grit+1","floor":22},{"not_picked":["Cleave+1","Clash","Iron Wave"],"picked":"SKIP","floor":23},{"not_picked":["Combust+1","Brutality"],"picked":"Body Slam+1","floor":30},{"not_picked":["Immolate+1","Bludgeon+1"],"picked":"Barricade","floor":33},{"not_picked":["Armaments+1","Sword Boomerang+1"],"picked":"Clothesline+1","floor":35},{"not_picked":["Warcry+1","Power Through+1"],"picked":"Bloodletting+1","floor":37},{"not_picked":["Second Wind+1","Body Slam+1"],"picked":"Shrug It Off+1","floor":38},{"not_picked":["Bludgeon+1","Iron Wave+1"],"picked":"Shrug It Off+1","floor":41},{"not_picked":["Evolve","Cleave+1","Iron Wave+1"],"picked":"SKIP","floor":47},{"not_picked":["Armaments+1","Cleave+1"],"picked":"Warcry+1","floor":48}],"player_experience":356560,"relics_obtained":[{"floor":9,"key":"Shuriken"},{"floor":13,"key":"Toxic Egg 2"},{"floor":22,"key":"Shovel"},{"floor":22,"key":"Ornamental Fan"},{"floor":23,"key":"Oddly Smooth Stone"},{"floor":24,"key":"Mercury Hourglass"},{"floor":26,"key":"Art of War"},{"floor":27,"key":"Molten Egg 2"},{"floor":30,"key":"Centennial Puzzle"},{"floor":39,"key":"Nunchaku"},{"floor":40,"key":"Potion Belt"},{"floor":42,"key":"FossilizedHelix"},{"floor":43,"key":"The Courier"},{"floor":45,"key":"Champion Belt"}],"event_choices":[{"damage_healed":0,"gold_gain":0,"player_choice":"Donut","damage_taken":0,"max_hp_gain":5,"max_hp_loss":0,"event_name":"Big Fish","floor":2,"gold_loss":0},{"damage_healed":0,"gold_gain":0,"player_choice":"Success","damage_taken":12,"relics_obtained":["Girya"],"max_hp_gain":0,"max_hp_loss":0,"event_name":"Scrap Ooze","floor":3,"gold_loss":0},{"cards_removed":["Defend_R"],"damage_healed":0,"gold_gain":0,"player_choice":"Card Removal","damage_taken":0,"max_hp_gain":0,"max_hp_loss":0,"event_name":"The Cleric","floor":5,"gold_loss":50},{"damage_healed":0,"gold_gain":0,"player_choice":"Entered Light","damage_taken":17,"max_hp_gain":0,"max_hp_loss":0,"event_name":"Shining Light","floor":10,"gold_loss":0,"cards_upgraded":["Shrug It Off","Defend_R"]},{"damage_healed":0,"gold_gain":0,"player_choice":"Shed Blood","damage_taken":21,"max_hp_gain":5,"max_hp_loss":0,"event_name":"Forgotten Altar","floor":19,"gold_loss":0},{"damage_healed":0,"gold_gain":0,"player_choice":"Fight","damage_taken":0,"max_hp_gain":0,"max_hp_loss":0,"event_name":"Colosseum","floor":22,"gold_loss":0},{"damage_healed":0,"gold_gain":0,"player_choice":"Fought Nobs","damage_taken":0,"max_hp_gain":0,"max_hp_loss":0,"event_name":"Colosseum","floor":22,"gold_loss":0},{"damage_healed":0,"gold_gain":0,"player_choice":"Ignored","damage_taken":0,"max_hp_gain":0,"max_hp_loss":0,"event_name":"Ghosts","floor":25,"gold_loss":0},{"damage_healed":0,"gold_gain":0,"player_choice":"Paid","damage_taken":0,"relics_obtained":["Red Mask"],"max_hp_gain":0,"max_hp_loss":0,"event_name":"Tomb of Lord Red Mask","floor":36,"gold_loss":169},{"damage_healed":0,"gold_gain":0,"player_choice":"Fight","damage_taken":0,"max_hp_gain":0,"max_hp_loss":0,"event_name":"MindBloom","floor":39,"gold_loss":0},{"damage_healed":0,"gold_gain":0,"player_choice":"Ignored","damage_taken":0,"max_hp_gain":0,"max_hp_loss":0,"event_name":"Mysterious Sphere","floor":46,"gold_loss":0}],"is_beta":false,"boss_relics":[{"not_picked":["Astrolabe","Ectoplasm"],"picked":"Eternal Feather"},{"not_picked":["Runic Cube","Philosopher\u0027s Stone"],"picked":"Coffee Dripper"}],"items_purged_floors":[],"is_endless":false,"potions_floor_spawned":[4,7,13,14,18,22,23,33,35,37,38],"ascension_level":0}