{"path_per_floor":["M","M","M","M","M","M","?","R","T","$","M","E","R","M","R","B",null,"M","T","M","M","$","R","M","M","T","R","?","R","E","M","R","B",null,"M","?","?","$","?","R","M","R","T","M","E","$","M","?","R","B"],"character_chosen":"IRONCLAD","items_purchased":["Omamori","Mummified Hand"],"gold_per_floor":[119,133,145,163,178,196,196,196,196,41,53,87,87,100,100,196,196,210,210,226,246,196,196,215,230,307,307,222,222,250,266,266,363,363,380,380,380,82,0,0,10,10,33,43,76,26,43,43,43,43],"floor_reached":51,"campfire_rested":1,"playtime":15024,"current_hp_per_floor":[80,79,80,80,80,80,80,80,80,80,73,61,61,67,67,64,80,80,80,80,80,80,80,80,80,80,80,80,80,80,80,80,45,80,80,80,80,80,80,80,80,80,80,80,68,68,70,70,80,43],"items_purged":["Strike_R","Strike_R","Strike_R"],"gold":43,"play_id":"d738092f-95b5-4cc1-bc0b-90b86d4a7e21","is_prod":false,"is_daily":false,"is_ascension_mode":false,"campfire_upgraded":9,"path_taken":["M","M","M","M","M","M","?","R","T","$","M","E","R","M","R","BOSS","M","?","?","M","$","R","?","?","T","R","?","R","E","M","R","BOSS","M","?","?","$","?","R","M","R","T","?","E","?","M","?","R","BOSS"],"build_version":"2018-01-25-PROD3","purchased_purges":3,"victory":true,"master_deck":["Defend_R","Defend_R+1","Defend_R","Defend_R","Bash+1","Shrug It Off+1","Seeing Red+1","Spot Weakness+1","Cleave","Headbutt","Bludgeon+1","Battle Trance+1","Feel No Pain","Double Tap+1","Dual Wield+1","Whirlwind+1","Shrug It Off+1","Disarm+1","Metallicize+1","Bludgeon+1","Shrug It Off+1","Pommel Strike+1","Spot Weakness+1","Battle Trance+1"],"max_hp_per_floor":[80,80,80,80,80,80,80,80,80,80,80,80,80,80,80,80,80,80,80,80,80,80,80,80,80,80,80,80,80,80,80,80,80,80,80,80,80,80,80,80,80,80,80,80,80,80,80,80,80,80],"relics":["Burning Blood","Unceasing Top","Omamori","Toxic Egg","Snecko Eye","Smiling Mask","Ornamental Fan","War Paint","Vajra","Mark of Pain","Mummified Hand","Red Mask","Happy Flower","Bottled Lightning"],"card_choices":[{"not_picked":["Perfected Strike","Anger"],"picked":"Shrug It Off"},{"not_picked":["Body Slam","Dropkick"],"picked":"Seeing Red"},{"not_picked":["Evolve","Power Through"],"picked":"Spot Weakness"},{"not_picked":["Flex","Blood for Blood"],"picked":"Cleave"},{"not_picked":["Twin Strike","Wild Strike"],"picked":"Headbutt"},{"not_picked":["Wild Strike","Evolve"],"picked":"Bludgeon"},{"not_picked":["Second Wind","Thunderclap"],"picked":"Battle Trance"},{"not_picked":["Sever Soul","Perfected Strike"],"picked":"Feel No Pain"},{"not_picked":["Bludgeon","Immolate"],"picked":"Double Tap"},{"not_picked":["Twin Strike","Dropkick"],"picked":"Dual Wield"},{"not_picked":["Anger","Shockwave"],"picked":"Whirlwind"},{"not_picked":["Sword Boomerang","Iron Wave"],"picked":"Shrug It Off"},{"not_picked":["Clash","Flex"],"picked":"Disarm"},{"not_picked":["Headbutt","Sever Soul"],"picked":"Metallicize"},{"not_picked":["Fiend Fire","Juggernaut"],"picked":"Bludgeon"},{"not_picked":["Twin Strike","Metallicize"],"picked":"Shrug It Off"},{"not_picked":["Wild Strike","Feel No Pain"],"picked":"Pommel Strike"},{"not_picked":["Twin Strike","Sword Boomerang"],"picked":"Spot Weakness"},{"not_picked":["True Grit","Thunderclap"],"picked":"Battle Trance"}],"player_experience":244544,"potions_floor_usage":[4,12,25,31,45,45,50],"damage_taken":[{"damage":6,"enemies":"Jaw Worm","floor":1,"turns":3},{"damage":7,"enemies":"Blue Slaver","floor":2,"turns":6},{"damage":2,"enemies":"Cultist","floor":3,"turns":4},{"damage":6,"enemies":"Lots of Slimes","floor":4,"turns":5},{"damage":2,"enemies":"Large Slime","floor":5,"turns":6},{"damage":5,"enemies":"3 Louse","floor":6,"turns":3},{"damage":13,"enemies":"2 Fungi Beasts","floor":11,"turns":3},{"damage":18,"enemies":"Lagavulin","floor":12,"turns":4},{"damage":0,"enemies":"Large Slime","floor":14,"turns":4},{"damage":9,"enemies":"Slime Boss","floor":16,"turns":6},{"damage":0,"enemies":"Spheric Guardian","floor":18,"turns":3},{"damage":5,"enemies":"Chosen","floor":20,"turns":4},{"damage":0,"enemies":"Snake Plant","floor":21,"turns":2},{"damage":2,"enemies":"3 Cultists","floor":24,"turns":3},{"damage":2,"enemies":"Centurion and Healer","floor":25,"turns":4},{"damage":5,"enemies":"Slavers","floor":30,"turns":3},{"damage":5,"enemies":"Slaver and Parasite","floor":31,"turns":5},{"damage":41,"enemies":"Collector","floor":33,"turns":7},{"damage":0,"enemies":"3 Darklings","floor":35,"turns":3},{"damage":0,"enemies":"Orb Walker","floor":41,"turns":2},{"damage":2,"enemies":"3 Darklings","floor":44,"turns":4},{"damage":18,"enemies":"Giant Head","floor":45,"turns":6},{"damage":4,"enemies":"Maw","floor":47,"turns":4},{"damage":46,"enemies":"Time Eater","floor":50,"turns":4}],"event_choices":[{"event_name":"Bonfire Elementals","player_choice":"BASIC","floor":7,"damage_taken":0},{"event_name":"Addict","player_choice":"Obtained Relic","floor":28,"damage_taken":0},{"event_name":"Winding Halls","player_choice":"Writhe","floor":37,"damage_taken":0},{"event_name":"Tomb of Lord Red Mask","player_choice":"Paid","floor":39,"damage_taken":0},{"event_name":"Mysterious Sphere","player_choice":"Ignore","floor":48,"damage_taken":0}],"boss_relics":[{"not_picked":["Black Star","Black Blood"],"picked":"Snecko Eye"},{"not_picked":["Sozu","Calling Bell"],"picked":"Mark of Pain"}],"potions_floor_spawned":[6,11,12,14,16,21,24,30,31,33,44],"seed_played":"-5497191670728551091","ascension_level":0,"is_trial":false}