{"gold_per_floor":[19,19,29,39,53,79,29,39,88,88,113,138,138,154,154,252,252,264,283,382,401,1,27,27,41,41,52,63,63,78,135,135,231,281,300,300,37,47,58,88,99,132,132,151,151,151,169,179,179,179,179,179,105,140,140],"floor_reached":55,"playtime":10966,"items_purged":["Defend_G","Strike_G"],"score":1042,"play_id":"e0866d80-230e-4050-9ea6-450d18a8662a","local_time":"20190217013949","is_ascension_mode":true,"campfire_choices":[{"data":"Dash","floor":10,"key":"SMITH"},{"floor":15,"key":"REST"},{"floor":24,"key":"REST"},{"data":"After Image","floor":29,"key":"SMITH"},{"floor":32,"key":"REST"},{"floor":45,"key":"REST"},{"floor":49,"key":"RECALL"},{"floor":52,"key":"REST"}],"neow_cost":"NO_GOLD","seed_source_timestamp":123853741447116,"circlet_count":0,"master_deck":["Defend_G","Defend_G","Defend_G","Strike_G+1","Strike_G","Survivor","Neutralize","Dash+1","Neutralize","Quick Slash","Slice","Heel Hook","All Out Attack","Leg Sweep","Malaise","After Image+1","Blade Dance","Calculated Gamble","Deflect+1","Skewer+1","After Image","Expertise","Backflip","Caltrops","Panache","Dodge and Roll+1","Heel Hook+1","Infinite Blades+1","Blur+1","Noxious Fumes","Caltrops+1","Dark Shackles","Acrobatics+1","Dodge and Roll","Envenom","Deflect+1"],"relics":["Ring of the Snake","Paper Crane","Centennial Puzzle","Odd Mushroom","Kunai","Smiling Mask","Sozu","Anchor","Bronze Scales","Mummified Hand","Tiny Chest","Tiny House","Dream Catcher","Pen Nib","Sundial"],"potions_floor_usage":[6,19,25,50],"damage_taken":[{"damage":0,"enemies":"2 Louse","floor":1,"turns":2},{"damage":0,"enemies":"Cultist","floor":3,"turns":4},{"damage":4,"enemies":"Jaw Worm","floor":4,"turns":4},{"damage":0,"enemies":"Blue Slaver","floor":5,"turns":4},{"damage":15,"enemies":"3 Sentries","floor":6,"turns":8},{"damage":13,"enemies":"Exordium Thugs","floor":8,"turns":6},{"damage":13,"enemies":"The Mushroom Lair","floor":11,"turns":4},{"damage":1,"enemies":"Gremlin Nob","floor":12,"turns":4},{"damage":0,"enemies":"2 Fungi Beasts","floor":14,"turns":2},{"damage":20,"enemies":"The Guardian","floor":16,"turns":16},{"damage":2,"enemies":"Chosen","floor":18,"turns":6},{"damage":9,"enemies":"2 Thieves","floor":19,"turns":3},{"damage":1,"enemies":"Shelled Parasite and Fungi","floor":21,"turns":7},{"damage":25,"enemies":"Gremlin Leader","floor":23,"turns":13},{"damage":1,"enemies":"Chosen and Byrds","floor":25,"turns":6},{"damage":0,"enemies":"Snake Plant","floor":27,"turns":4},{"damage":8,"enemies":"Snecko","floor":28,"turns":6},{"damage":0,"enemies":"Shelled Parasite and Fungi","floor":30,"turns":4},{"damage":1,"enemies":"Book of Stabbing","floor":31,"turns":6},{"damage":23,"enemies":"Champ","floor":33,"turns":25},{"damage":3,"enemies":"3 Darklings","floor":35,"turns":6},{"damage":19,"enemies":"Orb Walker","floor":38,"turns":5},{"damage":0,"enemies":"3 Darklings","floor":39,"turns":5},{"damage":21,"enemies":"Nemesis","floor":40,"turns":17},{"damage":4,"enemies":"Writhing Mass","floor":41,"turns":6},{"damage":11,"enemies":"Giant Head","floor":42,"turns":12},{"damage":0,"enemies":"Maw","floor":44,"turns":9},{"damage":9,"enemies":"Spire Growth","floor":47,"turns":6},{"damage":0,"enemies":"Writhing Mass","floor":48,"turns":6},{"damage":11,"enemies":"Donu and Deca","floor":50,"turns":13},{"damage":43,"enemies":"Shield and Spear","floor":54,"turns":6},{"damage":37,"enemies":"The Heart","floor":55,"turns":2}],"seed_played":"8178897779843269493","potions_obtained":[{"floor":1,"key":"Swift Potion"},{"floor":4,"key":"Weak Potion"},{"floor":5,"key":"SpeedPotion"},{"floor":11,"key":"Explosive Potion"}],"is_trial":false,"path_per_floor":["M","?","M","M","M","E","?","M","T","R","?","E","T","M","R","B",null,"M","M","?","M","$","E","R","M","T","M","M","R","M","E","R","B",null,"M","?","$","M","M","E","M","E","T","M","R","?","M","M","R","B",null,"R","$","E","B"],"character_chosen":"THE_SILENT","items_purchased":["After Image","Anchor","Blade Dance","Caltrops","Panache","Envenom"],"campfire_rested":5,"item_purchase_floors":[22,22,22,37,37,53],"current_hp_per_floor":[63,63,63,59,59,44,44,31,31,31,18,17,17,17,38,18,57,55,46,46,45,45,20,41,40,40,40,32,32,32,31,52,29,65,62,62,62,43,43,22,18,7,7,7,29,29,20,20,20,9,59,75,75,32,0],"gold":140,"neow_bonus":"REMOVE_TWO","is_prod":false,"is_daily":false,"chose_seed":false,"campfire_upgraded":2,"win_rate":0,"timestamp":1550385589,"path_taken":["M","?","?","M","M","E","?","M","T","R","?","E","?","M","R","BOSS","M","M","?","M","$","E","R","M","T","M","M","R","M","E","R","BOSS","M","?","$","M","M","E","?","E","T","M","R","?","M","M","R","BOSS","R","$","E","BOSS"],"build_version":"2019-01-23","purchased_purges":2,"victory":false,"max_hp_per_floor":[70,70,70,70,70,70,70,70,70,70,70,70,70,70,70,70,70,70,70,70,70,70,70,70,70,70,70,70,70,70,70,70,70,75,75,75,75,75,75,75,75,75,75,75,75,75,75,75,75,75,75,75,75,75,75],"card_choices":[{"not_picked":["PiercingWail","Skewer"],"picked":"Dash","floor":1},{"not_picked":["Reflex","Flying Knee"],"picked":"Quick Slash","floor":3},{"not_picked":["Dodge and Roll","Prepared"],"picked":"Slice","floor":4},{"not_picked":["Sucker Punch","Acrobatics","Bane"],"picked":"SKIP","floor":5},{"not_picked":["Adrenaline","Cloak And Dagger"],"picked":"Heel Hook","floor":6},{"not_picked":["Accuracy","Distraction","Poisoned Stab"],"picked":"SKIP","floor":8},{"not_picked":["Escape Plan","Flying Knee"],"picked":"All Out Attack","floor":11},{"not_picked":["Finisher","Choke","Sucker Punch"],"picked":"SKIP","floor":12},{"not_picked":["Flying Knee","All Out Attack"],"picked":"Leg Sweep","floor":14},{"not_picked":["Bullet Time","Venomology"],"picked":"Malaise","floor":16},{"not_picked":["Accuracy","Sucker Punch","Deadly Poison"],"picked":"SKIP","floor":18},{"not_picked":["Heel Hook","Flying Knee","Choke"],"picked":"SKIP","floor":19},{"not_picked":["Tactician","Expertise","Reflex+1"],"picked":"SKIP","floor":21},{"not_picked":["Riddle With Holes+1","Leg Sweep"],"picked":"Calculated Gamble","floor":23},{"not_picked":["Prepared","All Out Attack","Dagger Throw"],"picked":"SKIP","floor":25},{"not_picked":["Expertise","Backflip","Predator"],"picked":"SKIP","floor":27},{"not_picked":["Setup","Concentrate","Underhanded Strike"],"picked":"SKIP","floor":28},{"not_picked":["Deadly Poison","Backflip"],"picked":"Deflect+1","floor":30},{"not_picked":["Bane","Doppelganger"],"picked":"Skewer+1","floor":31},{"not_picked":["Burst","Night Terror"],"picked":"After Image","floor":33},{"not_picked":["Eviscerate","Dagger Spray"],"picked":"Expertise","floor":34},{"not_picked":["Deadly Poison","Leg Sweep+1"],"picked":"Backflip","floor":35},{"not_picked":["Slice","Sucker Punch"],"picked":"Dodge and Roll+1","floor":38},{"not_picked":["Distraction","Noxious Fumes","Poisoned Stab+1"],"picked":"SKIP","floor":39},{"not_picked":["Slice","Outmaneuver"],"picked":"Heel Hook+1","floor":40},{"not_picked":["Caltrops+1","Cloak And Dagger"],"picked":"Infinite Blades+1","floor":41},{"not_picked":["Footwork+1","Poisoned Stab+1"],"picked":"Blur+1","floor":42},{"not_picked":["Flying Knee","Eviscerate+1"],"picked":"Noxious Fumes","floor":44},{"not_picked":["Calculated Gamble+1","Escape Plan"],"picked":"Caltrops+1","floor":45},{"not_picked":["Discovery","HandOfGreed"],"picked":"Dark Shackles","floor":46},{"not_picked":["Riddle With Holes+1","Deflect"],"picked":"Acrobatics+1","floor":47},{"not_picked":["Terror+1","Poisoned Stab+1","Dagger Throw"],"picked":"SKIP","floor":48},{"not_picked":["PiercingWail","Prepared+1"],"picked":"Dodge and Roll","floor":52},{"not_picked":["Setup+1","Storm of Steel"],"picked":"Deflect+1","floor":54}],"player_experience":1576032,"relics_obtained":[{"floor":6,"key":"Paper Crane"},{"floor":9,"key":"Centennial Puzzle"},{"floor":11,"key":"Odd Mushroom"},{"floor":12,"key":"Kunai"},{"floor":13,"key":"Smiling Mask"},{"floor":23,"key":"Bronze Scales"},{"floor":26,"key":"Mummified Hand"},{"floor":31,"key":"Tiny Chest"},{"floor":40,"key":"Dream Catcher"},{"floor":42,"key":"Pen Nib"},{"floor":54,"key":"Sundial"}],"event_choices":[{"damage_healed":0,"gold_gain":0,"player_choice":"1 cards matched","damage_taken":0,"max_hp_gain":0,"max_hp_loss":0,"event_name":"Match and Keep!","floor":2,"gold_loss":0,"cards_obtained":["Neutralize"]},{"cards_removed":["Strike_G"],"damage_healed":0,"gold_gain":0,"player_choice":"Card Removal","damage_taken":0,"max_hp_gain":0,"max_hp_loss":0,"event_name":"The Cleric","floor":7,"gold_loss":50},{"damage_healed":0,"gold_gain":0,"player_choice":"Fought Mushrooms","damage_taken":0,"max_hp_gain":0,"max_hp_loss":0,"event_name":"Mushrooms","floor":11,"gold_loss":0},{"damage_healed":0,"gold_gain":99,"player_choice":"Stole From Cult","damage_taken":0,"max_hp_gain":0,"max_hp_loss":0,"event_name":"Nest","floor":20,"gold_loss":0},{"damage_healed":0,"gold_gain":0,"player_choice":"Got Potions","damage_taken":0,"max_hp_gain":0,"max_hp_loss":0,"event_name":"Lab","floor":36,"gold_loss":0},{"damage_healed":0,"gold_gain":0,"player_choice":"Memory 1","damage_taken":0,"max_hp_gain":0,"max_hp_loss":0,"event_name":"SensoryStone","floor":46,"gold_loss":0}],"is_beta":false,"boss_relics":[{"not_picked":["Black Star","Snecko Eye"],"picked":"Sozu"},{"not_picked":["HoveringKite","Pandora\u0027s Box"],"picked":"Tiny House"}],"items_purged_floors":[22,37],"is_endless":false,"potions_floor_spawned":[1,4,5,11,16,25,27,30,35,39,41,48],"killed_by":"The Heart","ascension_level":7}