{"gold_per_floor":[113,113,10,26,26,58,58,78,78,98,117,18,18,30,30,132,182,192,202,222,233,253,253,18,28,55,55,65,80,92,120,120,224,224,235,235,12,31,44,75,75,85,85,34,0,19,38,50,50,50],"floor_reached":51,"playtime":8756,"items_purged":["Defend_G"],"score":734,"play_id":"85594c00-d33f-4433-9839-dafa491719a8","local_time":"20190128161629","is_ascension_mode":false,"campfire_choices":[{"data":"Glass Knife","floor":7.0,"key":"SMITH"},{"floor":15.0,"key":"REST"},{"data":"Well Laid Plans","floor":23.0,"key":"SMITH"},{"data":"Blur","floor":27.0,"key":"SMITH"},{"floor":32.0,"key":"REST"},{"floor":41.0,"key":"REST"},{"data":"Tactician","floor":49,"key":"SMITH"}],"neow_cost":"NONE","seed_source_timestamp":0,"circlet_count":0,"master_deck":["Defend_G","Defend_G","Defend_G","Defend_G","Strike_G","Strike_G","Strike_G","Strike_G","Survivor","Neutralize+1","Glass Knife+1","Deadly Poison+1","Well Laid Plans+1","Deflect","PiercingWail","Blur+1","Poisoned Stab","Expertise","Dagger Throw+1","Backflip","Poisoned Stab","After Image","Dodge and Roll","Deflect+1","Prepared","Dash","Backflip+1","Flying Knee","Deflect","After Image","Blade Dance+1","Flying Knee+1","Noxious Fumes","Escape Plan","Deflect+1","Adrenaline","Backflip","Secret Technique","Discovery","Secret Technique","Outmaneuver","Backstab+1","Well Laid Plans","Prepared+1","Tactician+1","Escape Plan","Outmaneuver+1","Underhanded Strike+1","Prepared","Bane+1","Slice+1"],"special_seed":0,"relics":["Ring of the Snake","Matryoshka","Mercury Hourglass","Omamori","Ornamental Fan","Tiny House","Sling","Molten Egg 2","Dream Catcher","Boot","Eternal Feather","Bottled Flame","Kunai","Red Mask"],"potions_floor_usage":[50,50,50],"damage_taken":[{"damage":0.0,"enemies":"Cultist","floor":1.0,"turns":3.0},{"damage":0.0,"enemies":"Small Slimes","floor":4.0,"turns":3.0},{"damage":23.0,"enemies":"3 Sentries","floor":6.0,"turns":11.0},{"damage":0.0,"enemies":"2 Louse","floor":8.0,"turns":2.0},{"damage":6.0,"enemies":"Large Slime","floor":10.0,"turns":6.0},{"damage":0.0,"enemies":"2 Fungi Beasts","floor":11.0,"turns":2.0},{"damage":0.0,"enemies":"Exordium Thugs","floor":14.0,"turns":3.0},{"damage":15.0,"enemies":"The Guardian","floor":16.0,"turns":9.0},{"damage":0.0,"enemies":"Chosen","floor":18.0,"turns":3.0},{"damage":9.0,"enemies":"Spheric Guardian","floor":19.0,"turns":4.0},{"damage":0.0,"enemies":"Shelled Parasite and Fungi","floor":20.0,"turns":7.0},{"damage":17.0,"enemies":"Cultist and Chosen","floor":21.0,"turns":8.0},{"damage":0.0,"enemies":"3 Cultists","floor":22.0,"turns":8.0},{"damage":2.0,"enemies":"Centurion and Healer","floor":25.0,"turns":8.0},{"damage":17.0,"enemies":"Chosen and Byrds","floor":28.0,"turns":7.0},{"damage":16.0,"enemies":"Snecko","floor":29.0,"turns":7.0},{"damage":0.0,"enemies":"Snake Plant","floor":30.0,"turns":4.0},{"damage":12.0,"enemies":"Slavers","floor":31.0,"turns":4.0},{"damage":25.0,"enemies":"Automaton","floor":33.0,"turns":14.0},{"damage":5.0,"enemies":"Orb Walker","floor":35.0,"turns":4.0},{"damage":0.0,"enemies":"3 Shapes","floor":38.0,"turns":5.0},{"damage":0.0,"enemies":"3 Darklings","floor":39.0,"turns":5.0},{"damage":25.0,"enemies":"Giant Head","floor":40.0,"turns":9.0},{"damage":0.0,"enemies":"Maw","floor":42.0,"turns":9.0},{"damage":3.0,"enemies":"Jaw Worm Horde","floor":46.0,"turns":6.0},{"damage":4,"enemies":"4 Shapes","floor":47,"turns":6},{"damage":2,"enemies":"3 Darklings","floor":48,"turns":6},{"damage":63,"enemies":"Time Eater","floor":50,"turns":14}],"seed_played":"3313735950932318521","potions_obtained":[{"floor":8.0,"key":"SpeedPotion"},{"floor":10.0,"key":"Weak Potion"},{"floor":14.0,"key":"Energy Potion"},{"floor":17.0,"key":"EssenceOfSteel"},{"floor":21.0,"key":"EssenceOfSteel"},{"floor":22.0,"key":"EntropicBrew"},{"floor":28.0,"key":"SkillPotion"},{"floor":31.0,"key":"Regen Potion"},{"floor":33.0,"key":"Poison Potion"},{"floor":38.0,"key":"AttackPotion"},{"floor":46.0,"key":"SkillPotion"}],"is_trial":false,"path_per_floor":["M","T","$","M","?","E","R","M","T","M","M","$","?","M","R","B",null,"M","M","M","M","M","R","$","M","T","R","M","M","M","E","R","B",null,"M","?","$","M","M","E","R","M","T","$","?","M","M","M","R","B",null],"character_chosen":"THE_SILENT","items_purchased":["Well Laid Plans","Deflect","Backflip","Sling","Deflect","Outmaneuver","Backstab+1","Well Laid Plans","Strength Potion","Strength Potion"],"campfire_rested":3,"item_purchase_floors":[3,3,12,24,24,37,37,37,37,44],"current_hp_per_floor":[70,70,70,70,70,47,47,47,47,41,41,41,27,27,48,33,75,75,66,66,49,49,49,49,47,47,47,30,14,14,2,24,14,75,70,60,60,60,60,35,75,75,75,75,75,72,68,66,75,12],"gold":50,"neow_bonus":"ONE_RANDOM_RARE_CARD","is_prod":false,"is_daily":false,"chose_seed":false,"campfire_upgraded":4,"win_rate":0,"timestamp":1548688589,"path_taken":["M","?","$","M","?","E","R","M","T","?","M","$","?","M","R","BOSS","M","M","M","M","M","R","$","M","T","R","M","M","M","E","R","BOSS","M","?","$","M","M","E","R","M","T","$","?","M","M","M","R","BOSS"],"build_version":"2019-01-23","purchased_purges":1,"victory":true,"max_hp_per_floor":[70,70,70,70,70,70,70,70,70,70,70,70,70,70,70,70,75,75,75,75,75,75,75,75,75,75,75,75,75,75,75,75,75,75,75,75,75,75,75,75,75,75,75,75,75,75,75,75,75,75],"card_choices":[{"not_picked":["Bane","PiercingWail"],"picked":"Deadly Poison","floor":1.0},{"not_picked":["Dagger Throw","Prepared"],"picked":"PiercingWail","floor":4.0},{"not_picked":["Endless Agony","Bane"],"picked":"Blur","floor":6.0},{"not_picked":["Skewer","Dagger Spray"],"picked":"Poisoned Stab","floor":8.0},{"not_picked":["Dagger Throw","Underhanded Strike"],"picked":"Expertise","floor":10.0},{"not_picked":["Tactician","Dagger Spray"],"picked":"Dagger Throw","floor":11.0},{"not_picked":["Acrobatics","Riddle With Holes"],"picked":"Poisoned Stab","floor":14.0},{"not_picked":["Night Terror","Wraith Form v2"],"picked":"After Image","floor":16.0},{"not_picked":["Blade Dance","Distraction"],"picked":"Dodge and Roll","floor":17.0},{"not_picked":["Quick Slash","Dash"],"picked":"Deflect+1","floor":18.0},{"not_picked":["Caltrops","Dash"],"picked":"Prepared","floor":19.0},{"not_picked":["Sucker Punch","Masterful Stab"],"picked":"Dash","floor":20.0},{"not_picked":["Slice","Blur"],"picked":"Backflip+1","floor":21.0},{"not_picked":["Well Laid Plans","Blade Dance+1"],"picked":"Flying Knee","floor":22.0},{"not_picked":["Expertise+1","Flying Knee"],"picked":"After Image","floor":25.0},{"not_picked":["Prepared+1","Predator+1"],"picked":"Blade Dance+1","floor":28.0},{"not_picked":["Caltrops+1","Flechettes+1"],"picked":"Flying Knee+1","floor":29.0},{"not_picked":["Footwork","Slice+1"],"picked":"Noxious Fumes","floor":30.0},{"not_picked":["Catalyst+1","Poisoned Stab+1"],"picked":"Escape Plan","floor":31.0},{"not_picked":["Crippling Poison+1","Outmaneuver"],"picked":"Deflect+1","floor":32.0},{"not_picked":["Venomology","Tools of the Trade"],"picked":"Adrenaline","floor":33.0},{"not_picked":["Quick Slash+1","Endless Agony+1"],"picked":"Backflip","floor":35.0},{"not_picked":["Bandage Up","Thinking Ahead"],"picked":"Secret Technique","floor":36.0},{"not_picked":["Magnetism","Blind"],"picked":"Discovery","floor":36.0},{"not_picked":["Mind Blast+1","Magnetism"],"picked":"Secret Technique","floor":36.0},{"not_picked":["Leg Sweep+1","Blade Dance+1"],"picked":"Prepared+1","floor":38.0},{"not_picked":["Dagger Throw+1","Outmaneuver+1"],"picked":"Tactician","floor":39.0},{"not_picked":["Outmaneuver","Wraith Form v2"],"picked":"Escape Plan","floor":40.0},{"not_picked":["Catalyst+1","Backflip+1"],"picked":"Outmaneuver+1","floor":41.0},{"not_picked":["Expertise","Slice+1"],"picked":"Underhanded Strike+1","floor":42.0},{"not_picked":["Deadly Poison+1","Blade Dance+1"],"picked":"Prepared","floor":46.0},{"not_picked":["PiercingWail","Prepared"],"picked":"Bane+1","floor":47},{"not_picked":["Dodge and Roll","Sucker Punch+1"],"picked":"Slice+1","floor":48}],"player_experience":44497,"relics_obtained":[{"floor":2.0,"key":"Matryoshka"},{"floor":6.0,"key":"Mercury Hourglass"},{"floor":9.0,"key":"Omamori"},{"floor":9.0,"key":"Ornamental Fan"},{"floor":26.0,"key":"Molten Egg 2"},{"floor":26.0,"key":"Dream Catcher"},{"floor":31.0,"key":"Boot"},{"floor":40.0,"key":"Bottled Flame"},{"floor":43.0,"key":"Kunai"}],"event_choices":[{"cards_removed":["Strike_G"],"damage_healed":0.0,"max_hp_gain":0.0,"max_hp_loss":0.0,"gold_gain":0.0,"event_name":"Purifier","player_choice":"Purged","floor":5.0,"gold_loss":0.0,"damage_taken":0.0},{"damage_healed":0.0,"max_hp_gain":0.0,"max_hp_loss":0.0,"gold_gain":0.0,"event_name":"Shining Light","player_choice":"Entered Light","floor":13.0,"gold_loss":0.0,"damage_taken":14.0,"cards_upgraded":["Dagger Throw","Deadly Poison"]},{"damage_healed":0.0,"max_hp_gain":0.0,"max_hp_loss":0.0,"gold_gain":0.0,"event_name":"SensoryStone","player_choice":"Memory 3","floor":36.0,"gold_loss":0.0,"damage_taken":10.0},{"damage_healed":0.0,"max_hp_gain":0.0,"max_hp_loss":0.0,"gold_gain":0.0,"event_name":"Tomb of Lord Red Mask","player_choice":"Paid","floor":45.0,"gold_loss":34.0,"damage_taken":0.0,"relics_obtained":["Red Mask"]}],"is_beta":false,"boss_relics":[{"not_picked":["Empty Cage","Philosopher\u0027s Stone"],"picked":"Tiny House"},{"not_picked":["Busted Crown","Coffee Dripper"],"picked":"Eternal Feather"}],"items_purged_floors":[12],"is_endless":false,"potions_floor_spawned":[8,10,14,16,21,22,28,31,33,38,46,47],"ascension_level":0}