{"path_per_floor":["M","?","M","?","?","R","E","R","T","M","M","$","M","M","R","B",null,"M","M","?","?","M","R","?","T","T","$","R","M","E","?","R"],"character_chosen":"IRONCLAD","items_purchased":["Apotheosis","Bag of Preparation"],"gold_per_floor":[117,147,160,160,160,160,193,193,218,231,242,77,91,107,107,204,204,224,241,241,241,252,252,167,192,217,37,37,50,81,6,6],"floor_reached":33,"campfire_rested":0,"playtime":1799,"current_hp_per_floor":[71,71,72,72,58,58,28,28,28,32,36,36,51,59,59,16,72,72,72,72,57,53,53,53,53,53,53,53,77,77,77,77],"items_purged":["Doubt"],"gold":6,"play_id":"841b9c73-d198-42ea-8c8e-0b917f74085d","is_prod":false,"is_daily":false,"campfire_rituals":0,"campfire_upgraded":6,"is_hardmode":false,"path_taken":["M","?","M","?","?","R","E","R","T","M","M","$","M","?","R","BOSS","M","M","?","?","?","R","?","?","T","$","R","M","E","?","R","BOSS"],"build_version":"2018-01-18-PROD4","purchased_purges":2,"victory":false,"master_deck":["Strike_R","Strike_R","Strike_R","Strike_R","Strike_R","Defend_R","Defend_R","Defend_R","Defend_R","Burning Pact","Regret","Perfected Strike","Immolate","Offering","Perfected Strike","Reaper","Apotheosis","Flex","Perfected Strike","Double Tap","Wild Strike","True Grit","Decay","Evolve","Offering"],"max_hp_per_floor":[72,72,72,72,72,72,72,72,72,72,72,72,72,72,72,72,72,72,72,72,77,77,77,77,77,77,77,77,77,77,77,77],"relics":["Burning Blood","Gambling Chip","Tiny Chest","The Courier","Blood Vial","Cursed Key","Kunai","Bronze Scales","Molten Egg","Bag of Preparation","Sundial"],"campfire_meditates":0,"card_choices":[{"not_picked":["Hemokinesis","Searing Blow"],"picked":"Burning Pact"},{"not_picked":["Headbutt","True Grit"],"picked":"Perfected Strike"},{"not_picked":["Armaments","Second Wind"],"picked":"Offering"},{"not_picked":["Havoc","Sword Boomerang"],"picked":"Perfected Strike"},{"not_picked":["Sword Boomerang","Flame Barrier"],"picked":"Reaper"},{"not_picked":["Hemokinesis","Warcry"],"picked":"Flex"},{"not_picked":["Shrug It Off","Anger"],"picked":"Perfected Strike"},{"not_picked":["Immolate","Impervious"],"picked":"Double Tap"},{"not_picked":["Havoc","Sever Soul"],"picked":"Wild Strike"},{"not_picked":["Havoc","Body Slam"],"picked":"True Grit"},{"not_picked":["Thunderclap","Body Slam"],"picked":"Evolve"},{"not_picked":["Armaments","Cleave"],"picked":"Offering"}],"player_experience":317257,"potions_floor_usage":[22],"damage_taken":[{"damage":7,"enemies":"Jaw Worm","floor":1,"turns":4},{"damage":2,"enemies":"Small Slimes","floor":3,"turns":5},{"damage":36,"enemies":"Lagavulin","floor":7,"turns":6},{"damage":4,"enemies":"Cultist","floor":10,"turns":2},{"damage":4,"enemies":"Looter","floor":11,"turns":2},{"damage":13,"enemies":"Lots of Slimes","floor":13,"turns":2},{"damage":0,"enemies":"Gremlin Gang","floor":14,"turns":2},{"damage":51,"enemies":"Hexaghost","floor":16,"turns":6},{"damage":4,"enemies":"2 Thieves","floor":18,"turns":1},{"damage":0,"enemies":"Chosen","floor":19,"turns":2},{"damage":12,"enemies":"Sentry and Sphere","floor":22,"turns":4},{"damage":6,"enemies":"3 Cultists","floor":29,"turns":4},{"damage":14,"enemies":"Slavers","floor":30,"turns":3},{"damage":89,"enemies":"Champ","floor":33,"turns":7}],"event_choices":[{"event_name":"Big Fish","player_choice":"Box","floor":2,"damage_taken":0},{"event_name":"Match and Keep!","player_choice":"1 cards matched","floor":4,"damage_taken":0},{"event_name":"Shining Light","player_choice":"Entered Light","floor":5,"damage_taken":0},{"event_name":"Back to Basics","player_choice":"Simplicity","floor":20,"damage_taken":0},{"event_name":"Forgotten Altar","player_choice":"Shed Blood","floor":21,"damage_taken":0},{"event_name":"Addict","player_choice":"Obtained Relic","floor":24,"damage_taken":0},{"event_name":"Beggar","player_choice":"Gave Gold","floor":31,"damage_taken":0}],"boss_relics":[{"not_picked":["Black Star","Orrery"],"picked":"Cursed Key"}],"potions_floor_spawned":[1,3,7,18,19,29],"seed_played":"-4421753057784376668","killed_by":"Champ","is_trial":false}