{"gold_per_floor":[112,37,55,55,120,120,31,47,70,70,70,99,129,144,144,216,216,232,232,60,79,89,89,104,104,128,147,147,159,172,222,222,299,299,317,242,242,254,76,76,76,76,76,93,111,111,123,123],"floor_reached":48,"playtime":2085,"items_purged":["Strike_B","Writhe"],"score":864,"play_id":"c4a5004f-4288-4151-aa96-ea3475d91858","local_time":"20190221135626","is_ascension_mode":true,"campfire_choices":[{"data":"Doom and Gloom","floor":6,"key":"SMITH"},{"data":"Barrage","floor":10,"key":"SMITH"},{"floor":15,"key":"REST"},{"data":"Go for the Eyes","floor":23,"key":"SMITH"},{"floor":25,"key":"REST"},{"floor":28,"key":"REST"},{"floor":32,"key":"REST"},{"floor":40,"key":"REST"},{"data":"Biased Cognition","floor":42,"key":"SMITH"},{"floor":46,"key":"REST"}],"neow_cost":"NONE","seed_source_timestamp":2519284290837553,"circlet_count":0,"master_deck":["AscendersBane","Strike_B","Strike_B","Defend_B","Defend_B","Defend_B","Zap","Dualcast","Beam Cell","Conserve Battery","Doom and Gloom+1","Glacier","Barrage+1","Hologram","Echo Form","Go for the Eyes+1","Core Surge","Undo","Glacier","Biased Cognition+1","Blizzard+1","Capacitor+1","Electrodynamics"],"relics":["Cracked Core","Torii","Art of War","DataDisk","Odd Mushroom","White Beast Statue","Lantern","Happy Flower","Cursed Key"],"potions_floor_usage":[12,21,24,27,30,33,38,38,44,45,47],"damage_taken":[{"damage":0,"enemies":"2 Louse","floor":1,"turns":2},{"damage":0,"enemies":"Small Slimes","floor":3,"turns":3},{"damage":3,"enemies":"Jaw Worm","floor":8,"turns":4},{"damage":12,"enemies":"3 Sentries","floor":12,"turns":5},{"damage":10,"enemies":"The Mushroom Lair","floor":13,"turns":4},{"damage":1,"enemies":"Lots of Slimes","floor":14,"turns":4},{"damage":37,"enemies":"Hexaghost","floor":16,"turns":12},{"damage":11,"enemies":"Spheric Guardian","floor":18,"turns":4},{"damage":0,"enemies":"Chosen","floor":21,"turns":4},{"damage":0,"enemies":"Snecko","floor":22,"turns":7},{"damage":25,"enemies":"Cultist and Chosen","floor":24,"turns":7},{"damage":1,"enemies":"Shelled Parasite and Fungi","floor":27,"turns":7},{"damage":18,"enemies":"Snake Plant","floor":29,"turns":7},{"damage":13,"enemies":"Sentry and Sphere","floor":30,"turns":5},{"damage":21,"enemies":"Champ","floor":33,"turns":13},{"damage":11,"enemies":"Orb Walker","floor":35,"turns":5},{"damage":28,"enemies":"3 Darklings","floor":38,"turns":7},{"damage":31,"enemies":"Transient","floor":44,"turns":6},{"damage":36,"enemies":"4 Shapes","floor":45,"turns":5},{"damage":22,"enemies":"3 Darklings","floor":47,"turns":4},{"damage":26,"enemies":"Spire Growth","floor":48,"turns":2}],"seed_played":"3723532525680847208","potions_obtained":[{"floor":1,"key":"FearPotion"},{"floor":3,"key":"Dexterity Potion"},{"floor":14,"key":"GamblersBrew"},{"floor":18,"key":"Fire Potion"},{"floor":21,"key":"PowerPotion"},{"floor":24,"key":"FocusPotion"},{"floor":27,"key":"EssenceOfSteel"},{"floor":29,"key":"Energy Potion"},{"floor":30,"key":"Block Potion"},{"floor":33,"key":"LiquidBronze"},{"floor":38,"key":"Regen Potion"},{"floor":44,"key":"SpeedPotion"},{"floor":45,"key":"AttackPotion"},{"floor":47,"key":"Weak Potion"}],"is_trial":false,"path_per_floor":["M","?","M","?","?","R","$","M","T","R","$","E","?","M","R","B",null,"M","?","$","M","M","R","M","R","T","M","R","M","M","?","R","B",null,"M","$","?","M","$","R","?","R","T","M","M","R","M","M"],"character_chosen":"DEFECT","items_purchased":["Glacier","Lantern","Capacitor"],"campfire_rested":6,"item_purchase_floors":[7,20,39],"current_hp_per_floor":[64,64,64,46,46,46,46,43,43,43,43,31,21,20,41,4,54,43,43,43,43,43,43,18,39,39,38,59,41,28,28,49,28,60,49,49,63,35,35,56,56,56,56,40,4,25,3,0],"gold":123,"neow_bonus":"TRANSFORM_CARD","is_prod":false,"is_daily":false,"chose_seed":false,"campfire_upgraded":4,"win_rate":0,"timestamp":1550724986,"path_taken":["M","?","M","?","?","R","?","?","T","R","?","E","?","M","R","BOSS","M","?","$","?","M","R","M","R","T","M","R","M","M","?","R","BOSS","M","$","?","M","$","R","?","R","T","M","?","R","M","M"],"build_version":"2019-01-23","purchased_purges":2,"victory":false,"max_hp_per_floor":[71,71,71,71,71,71,71,71,71,71,71,71,71,71,71,71,71,71,71,71,71,71,71,71,71,71,71,71,71,71,71,71,71,71,71,71,71,71,71,71,71,71,71,71,71,71,71,71],"card_choices":[{"not_picked":["Scrape","Consume"],"picked":"Conserve Battery","floor":1},{"not_picked":["Streamline","Static Discharge"],"picked":"Doom and Gloom","floor":3},{"not_picked":["Doom and Gloom","Conserve Battery"],"picked":"Barrage","floor":8},{"not_picked":["Hello World","Storm","Blizzard"],"picked":"SKIP","floor":12},{"not_picked":["Go for the Eyes","Turbo"],"picked":"Hologram","floor":14},{"not_picked":["Creative AI","Amplify"],"picked":"Echo Form","floor":16},{"not_picked":["Skim","Streamline"],"picked":"Go for the Eyes","floor":18},{"not_picked":["Beam Cell","Compile Driver"],"picked":"Undo","floor":21},{"not_picked":["Rip and Tear","Loop","Beam Cell"],"picked":"SKIP","floor":22},{"not_picked":["Stack","Doom and Gloom","Cold Snap+1"],"picked":"SKIP","floor":24},{"not_picked":["Rebound","Turbo","Gash"],"picked":"SKIP","floor":27},{"not_picked":["Rebound","Cold Snap","Stack"],"picked":"SKIP","floor":29},{"not_picked":["Gash","Leap"],"picked":"Glacier","floor":30},{"not_picked":["Thunder Strike","Meteor Strike"],"picked":"Biased Cognition","floor":33},{"not_picked":["Cold Snap","Beam Cell","Rebound"],"picked":"SKIP","floor":35},{"not_picked":["Auto Shields","Chaos"],"picked":"Blizzard+1","floor":38},{"not_picked":["Barrage+1","Gash+1","Ball Lightning"],"picked":"SKIP","floor":44},{"not_picked":["Steam","Compile Driver"],"picked":"Electrodynamics","floor":45},{"not_picked":["Redo","Coolheaded","Ball Lightning"],"picked":"SKIP","floor":47}],"player_experience":575272,"relics_obtained":[{"floor":9,"key":"Art of War"},{"floor":12,"key":"DataDisk"},{"floor":13,"key":"Odd Mushroom"},{"floor":26,"key":"Happy Flower"}],"event_choices":[{"cards_removed":["Defend_B"],"damage_healed":0,"gold_gain":0,"player_choice":"Card Removal","damage_taken":0,"max_hp_gain":0,"max_hp_loss":0,"event_name":"The Cleric","floor":2,"gold_loss":75},{"damage_healed":0,"gold_gain":0,"player_choice":"Success","damage_taken":18,"relics_obtained":["Torii"],"max_hp_gain":0,"max_hp_loss":0,"event_name":"Scrap Ooze","floor":4,"gold_loss":0},{"damage_healed":0,"gold_gain":65,"player_choice":"Gained Gold","damage_taken":0,"max_hp_gain":0,"max_hp_loss":0,"event_name":"Golden Wing","floor":5,"gold_loss":0},{"damage_healed":0,"gold_gain":0,"player_choice":"Fought Mushrooms","damage_taken":0,"max_hp_gain":0,"max_hp_loss":0,"event_name":"Mushrooms","floor":13,"gold_loss":0},{"damage_healed":0,"gold_gain":0,"player_choice":"1 cards matched","damage_taken":0,"max_hp_gain":0,"max_hp_loss":0,"event_name":"Match and Keep!","floor":19,"gold_loss":0,"cards_obtained":["Core Surge"]},{"damage_healed":0,"gold_gain":50,"player_choice":"Stole From Cult","damage_taken":0,"max_hp_gain":0,"max_hp_loss":0,"event_name":"Nest","floor":31,"gold_loss":0},{"damage_healed":14,"gold_gain":0,"player_choice":"Writhe","damage_taken":0,"max_hp_gain":0,"max_hp_loss":0,"event_name":"Winding Halls","floor":37,"gold_loss":0,"cards_obtained":["Writhe"]},{"damage_healed":0,"gold_gain":0,"player_choice":"Forge","damage_taken":0,"max_hp_gain":0,"max_hp_loss":0,"event_name":"Accursed Blacksmith","floor":41,"gold_loss":0,"cards_upgraded":["Capacitor"]}],"is_beta":false,"boss_relics":[{"not_picked":["Orrery","Empty Cage"],"picked":"White Beast Statue"},{"not_picked":["Busted Crown","Calling Bell"],"picked":"Cursed Key"}],"items_purged_floors":[36,39],"is_endless":false,"potions_floor_spawned":[1,3,8,14,18,21,22,24,27,29,30,33,35,38,44,45,47],"killed_by":"Spire Growth","ascension_level":20}