{"gold_per_floor":[216,226,236,247,262,262,272,272,272,272,186,203,232,16,16,116,116,126,143,143,73,93,93,93,2,73,73,398,412,412],"floor_reached":30,"playtime":1327,"items_purged":["Defend_R"],"score":378,"play_id":"54fa954a-7f20-4095-956c-e88cebea35ac","local_time":"20180923164950","is_ascension_mode":true,"campfire_choices":[{"data":"Perfected Strike","floor":6,"key":"SMITH"},{"data":"Metallicize","floor":8,"key":"SMITH"},{"data":"Metallicize","floor":10,"key":"SMITH"},{"data":"Metallicize","floor":15,"key":"SMITH"},{"data":"Rampage","floor":23,"key":"SMITH"},{"data":"Inflame","floor":27,"key":"SMITH"}],"neow_cost":"NONE","seed_source_timestamp":435206203177,"circlet_count":0,"master_deck":["Strike_R+1","Strike_R+1","Strike_R+1","Strike_R+1","Strike_R+1","Defend_R+1","Bash","Perfected Strike+1","Thunderclap","Metallicize+1","Disarm","Metallicize+1","Shrug It Off","Metallicize+1","Shrug It Off","Offering","Offering","Rampage+1","Whirlwind","Dual Wield","Pommel Strike+1","Inflame+1","Ghostly Armor+1","Metallicize+1"],"relics":["Burning Blood","Darkstone Periapt","Pear","Empty Cage","MutagenicStrength","Kunai","Old Coin"],"potions_floor_usage":[13,16,19,28],"damage_taken":[{"damage":0,"enemies":"Small Slimes","floor":1,"turns":3},{"damage":1,"enemies":"2 Louse","floor":2,"turns":3},{"damage":1,"enemies":"Cultist","floor":3,"turns":3},{"damage":15,"enemies":"3 Louse","floor":4,"turns":5},{"damage":13,"enemies":"Blue Slaver","floor":5,"turns":4},{"damage":24,"enemies":"Exordium Thugs","floor":7,"turns":5},{"damage":7,"enemies":"2 Fungi Beasts","floor":12,"turns":5},{"damage":15,"enemies":"3 Sentries","floor":13,"turns":9},{"damage":18,"enemies":"Slime Boss","floor":16,"turns":12},{"damage":12,"enemies":"Spheric Guardian","floor":18,"turns":7},{"damage":12,"enemies":"Chosen","floor":19,"turns":4},{"damage":28,"enemies":"Centurion and Healer","floor":22,"turns":9},{"damage":19,"enemies":"Gremlin Leader","floor":28,"turns":5},{"damage":18,"enemies":"Cultist and Chosen","floor":29,"turns":8},{"damage":21,"enemies":"Snecko","floor":30,"turns":4}],"seed_played":"-3245639895730685556","potions_obtained":[{"floor":2,"key":"SteroidPotion"},{"floor":5,"key":"PowerPotion"},{"floor":7,"key":"Block Potion"}],"is_trial":false,"path_per_floor":["M","M","M","M","M","R","M","R","T","R","$","M","E","$","R","B",null,"M","M","?","$","M","R","?","$","T","R","E","M"],"character_chosen":"IRONCLAD","items_purchased":["Shrug It Off","Metallicize","Offering","Dual Wield","Inflame","Block Potion"],"campfire_rested":0,"item_purchase_floors":[11,11,14,21,25,25],"current_hp_per_floor":[78,80,80,71,64,64,46,46,46,46,46,45,46,46,46,34,76,70,64,64,64,42,42,42,42,42,42,29,17,0],"gold":412,"neow_bonus":"HUNDRED_GOLD","is_prod":false,"is_daily":false,"chose_seed":false,"campfire_upgraded":6,"win_rate":0,"timestamp":1537735790,"path_taken":["M","M","M","M","M","R","M","R","T","R","$","M","E","$","R","BOSS","M","M","?","?","M","R","?","$","T","R","E","?","M"],"build_version":"2018-09-20","purchased_purges":1,"victory":false,"max_hp_per_floor":[80,80,80,80,80,80,80,80,80,80,80,80,90,90,90,90,90,90,90,90,90,90,90,90,90,90,90,90,90,90],"card_choices":[{"not_picked":["Iron Wave","Pommel Strike"],"picked":"Perfected Strike","floor":1},{"not_picked":["Entrench","Searing Blow"],"picked":"Thunderclap","floor":2},{"not_picked":["Clash","Combust"],"picked":"Metallicize","floor":3},{"not_picked":["Havoc","Searing Blow","Fire Breathing"],"picked":"SKIP","floor":4},{"not_picked":["Thunderclap","Heavy Blade"],"picked":"Disarm","floor":5},{"not_picked":["Exhume","Seeing Red"],"picked":"Metallicize","floor":7},{"not_picked":["Second Wind","True Grit","Sword Boomerang"],"picked":"SKIP","floor":12},{"not_picked":["Havoc","Sword Boomerang"],"picked":"Shrug It Off","floor":13},{"not_picked":["Exhume","Double Tap"],"picked":"Offering","floor":16},{"not_picked":["Flex","Clothesline+1"],"picked":"Rampage","floor":18},{"not_picked":["True Grit","Anger"],"picked":"Whirlwind","floor":19},{"not_picked":["Fire Breathing","Flex"],"picked":"Pommel Strike+1","floor":22},{"not_picked":["Havoc","Iron Wave"],"picked":"Ghostly Armor+1","floor":28},{"not_picked":["Shrug It Off","Flex+1"],"picked":"Metallicize+1","floor":29}],"player_experience":581466,"relics_obtained":[{"floor":9,"key":"Darkstone Periapt"},{"floor":13,"key":"Pear"},{"floor":26,"key":"Kunai"},{"floor":28,"key":"Old Coin"}],"event_choices":[{"event_name":"Drug Dealer","player_choice":"Inject Mutagens","floor":20,"damage_taken":0},{"event_name":"Back to Basics","player_choice":"Simplicity","floor":24,"damage_taken":0}],"is_beta":false,"boss_relics":[{"not_picked":["Runic Pyramid","Astrolabe"],"picked":"Empty Cage"}],"items_purged_floors":[14],"is_endless":false,"potions_floor_spawned":[2,5,7],"killed_by":"Snecko","ascension_level":8}