{"gold_per_floor":[110,110,40,40,54,89,89,89,89,106,206,223,234,248,248,343,343,354,354,269,194,68,68,32,32,56,71,71,82,97,97,97,193,193,213,213,232,242,43,43,43,143,143,143,143,143,143,160,160,160],"floor_reached":51,"playtime":4047,"items_purged":["Strike_R+1","Strike_R+1"],"score":645,"play_id":"ca695cfb-0452-42cb-a924-b691ba962a62","local_time":"20190220001031","is_ascension_mode":false,"campfire_choices":[{"data":"Havoc","floor":7,"key":"SMITH"},{"data":"True Grit","floor":15,"key":"SMITH"},{"data":"Sword Boomerang","floor":23,"key":"SMITH"},{"data":"Clothesline","floor":25,"key":"SMITH"},{"data":"Heavy Blade","floor":28,"key":"SMITH"},{"data":"Armaments","floor":32,"key":"SMITH"},{"data":"Demon Form","floor":41,"key":"SMITH"},{"data":"Power Through","floor":45,"key":"SMITH"},{"data":"Shrug It Off","floor":47,"key":"SMITH"},{"data":"Sword Boomerang","floor":49,"key":"SMITH"}],"neow_cost":"NONE","seed_source_timestamp":24482183315317,"circlet_count":0,"master_deck":["Defend_R","Defend_R","Defend_R","Defend_R","Bash","Clothesline+1","Combust","Havoc+1","Rupture","Sword Boomerang+1","Power Through+1","True Grit+1","Sword Boomerang+1","Fiend Fire","Reaper","Shrug It Off+1","Battle Trance","Heavy Blade+1","Armaments+1","Demon Form+1","Double Tap","True Grit+1","Parasite","Evolve+1"],"relics":["Burning Blood","NeowsBlessing","Gambling Chip","Mummified Hand","Gremlin Horn","Coffee Dripper","Shuriken","Strawberry","Velvet Choker","Torii","Pen Nib","Oddly Smooth Stone"],"potions_floor_usage":[44,48,50,50],"damage_taken":[{"damage":0,"enemies":"Small Slimes","floor":1,"turns":1},{"damage":0,"enemies":"Cultist","floor":5,"turns":1},{"damage":2,"enemies":"Lagavulin","floor":6,"turns":3},{"damage":2,"enemies":"2 Louse","floor":10,"turns":2},{"damage":20,"enemies":"Exordium Thugs","floor":12,"turns":4},{"damage":5,"enemies":"2 Fungi Beasts","floor":13,"turns":3},{"damage":3,"enemies":"Large Slime","floor":14,"turns":4},{"damage":30,"enemies":"Slime Boss","floor":16,"turns":8},{"damage":16,"enemies":"Spheric Guardian","floor":18,"turns":4},{"damage":9,"enemies":"3 Byrds","floor":27,"turns":6},{"damage":29,"enemies":"Centurion and Healer","floor":29,"turns":5},{"damage":3,"enemies":"3 Cultists","floor":30,"turns":4},{"damage":68,"enemies":"Automaton","floor":33,"turns":7},{"damage":22,"enemies":"3 Darklings","floor":35,"turns":5},{"damage":28,"enemies":"Orb Walker","floor":37,"turns":6},{"damage":19,"enemies":"Writhing Mass","floor":38,"turns":6},{"damage":42,"enemies":"Mind Bloom Boss Battle","floor":42,"turns":6},{"damage":1,"enemies":"Jaw Worm Horde","floor":44,"turns":2},{"damage":4,"enemies":"4 Shapes","floor":48,"turns":4},{"damage":73,"enemies":"Time Eater","floor":50,"turns":7}],"seed_played":"6798321577927979619","potions_obtained":[{"floor":1,"key":"Regen Potion"},{"floor":10,"key":"Regen Potion"},{"floor":16,"key":"LiquidBronze"},{"floor":29,"key":"SmokeBomb"},{"floor":48,"key":"Fruit Juice"}],"is_trial":false,"path_per_floor":["M","?","$","T","M","E","R","?","T","M","?","M","M","M","R","B",null,"M","?","?","?","$","R","$","R","T","M","R","M","M","?","R","B",null,"M","?","M","M","$","?","R","?","T","M","R","T","R","M","R","B",null],"character_chosen":"IRONCLAD","items_purchased":["Combust","Shrug It Off","Battle Trance","Dexterity Potion","PowerPotion"],"campfire_rested":0,"item_purchase_floors":[3,22,24,39,39],"current_hp_per_floor":[80,80,80,80,80,80,80,64,64,68,68,54,55,58,58,34,80,70,70,70,70,70,70,70,70,77,74,74,63,78,78,78,23,87,87,87,84,71,71,71,71,56,56,61,61,61,61,86,86,52],"gold":160,"neow_bonus":"THREE_ENEMY_KILL","is_prod":false,"is_daily":false,"chose_seed":false,"campfire_upgraded":10,"win_rate":0,"timestamp":1550614231,"path_taken":["M","?","$","?","M","E","R","?","T","M","?","?","M","M","R","BOSS","M","?","?","?","?","R","$","R","T","M","R","M","M","?","R","BOSS","M","?","M","M","$","?","R","?","T","?","R","?","R","?","R","BOSS"],"build_version":"2019-01-23","purchased_purges":2,"victory":true,"max_hp_per_floor":[80,80,80,80,80,80,80,80,80,80,80,80,80,80,80,80,80,80,80,80,80,80,80,80,80,87,87,87,87,87,87,87,87,87,87,87,87,87,87,87,87,87,87,87,87,87,87,92,92,92],"card_choices":[{"not_picked":["Disarm","Thunderclap"],"picked":"Clothesline","floor":1},{"not_picked":["Uppercut","Pommel Strike"],"picked":"Havoc","floor":5},{"not_picked":["Hemokinesis","Combust"],"picked":"Rupture","floor":6},{"not_picked":["Wild Strike","Heavy Blade"],"picked":"Sword Boomerang","floor":10},{"not_picked":["Body Slam","Flex"],"picked":"Power Through","floor":12},{"not_picked":["Brutality","Havoc"],"picked":"True Grit","floor":13},{"not_picked":["Havoc","True Grit"],"picked":"Sword Boomerang","floor":14},{"not_picked":["Berserk","Impervious"],"picked":"Fiend Fire","floor":16},{"not_picked":["True Grit","Sword Boomerang"],"picked":"Blood for Blood+1","floor":18},{"not_picked":["Headbutt","Entrench"],"picked":"Heavy Blade","floor":27},{"not_picked":["Battle Trance+1","Anger"],"picked":"Armaments","floor":29},{"not_picked":["Havoc","Twin Strike","Armaments"],"picked":"SKIP","floor":30},{"not_picked":["Reaper","Fiend Fire"],"picked":"Double Tap","floor":33},{"not_picked":["Clothesline+1","Body Slam+1"],"picked":"True Grit+1","floor":35},{"not_picked":["Searing Blow+1","Thunderclap","Entrench"],"picked":"SKIP","floor":37},{"not_picked":["Anger","Wild Strike+1","Flex"],"picked":"SKIP","floor":38},{"not_picked":["Anger","Hemokinesis+1"],"picked":"Evolve+1","floor":42},{"not_picked":["Flex+1","Iron Wave","Dropkick"],"picked":"SKIP","floor":48}],"player_experience":430501,"relics_obtained":[{"floor":4,"key":"Gambling Chip"},{"floor":6,"key":"Mummified Hand"},{"floor":9,"key":"Gremlin Horn"},{"floor":26,"key":"Strawberry"},{"floor":42,"key":"Torii"},{"floor":43,"key":"Pen Nib"},{"floor":46,"key":"Oddly Smooth Stone"}],"event_choices":[{"cards_removed":["Strike_R"],"damage_healed":0,"gold_gain":0,"player_choice":"Purged","damage_taken":0,"max_hp_gain":0,"max_hp_loss":0,"event_name":"Purifier","floor":2,"gold_loss":0},{"damage_healed":0,"gold_gain":0,"player_choice":"Entered Light","damage_taken":16,"max_hp_gain":0,"max_hp_loss":0,"event_name":"Shining Light","floor":8,"gold_loss":0,"cards_upgraded":["Strike_R","Strike_R"]},{"damage_healed":0,"gold_gain":100,"player_choice":"Gold","damage_taken":0,"max_hp_gain":0,"max_hp_loss":0,"event_name":"Wheel of Change","floor":11,"gold_loss":0},{"damage_healed":0,"gold_gain":0,"cards_transformed":["Strike_R","Strike_R"],"player_choice":"Became Test Subject","damage_taken":0,"max_hp_gain":0,"max_hp_loss":0,"event_name":"Drug Dealer","floor":19,"gold_loss":0,"cards_obtained":["Entrench","Reaper"]},{"damage_healed":0,"gold_gain":0,"player_choice":"Obtained Relic","damage_taken":0,"relics_obtained":["Shuriken"],"max_hp_gain":0,"max_hp_loss":0,"event_name":"Addict","floor":20,"gold_loss":85},{"cards_removed":["Entrench"],"damage_healed":0,"gold_gain":0,"player_choice":"Gave Gold","damage_taken":0,"max_hp_gain":0,"max_hp_loss":0,"event_name":"Beggar","floor":21,"gold_loss":75},{"damage_healed":0,"gold_gain":0,"player_choice":"Read","damage_taken":0,"max_hp_gain":0,"max_hp_loss":0,"event_name":"The Library","floor":31,"gold_loss":0,"cards_obtained":["Demon Form"]},{"cards_removed":["Blood for Blood"],"damage_healed":0,"gold_gain":0,"player_choice":"Removed Attack","damage_taken":0,"max_hp_gain":0,"max_hp_loss":0,"event_name":"Falling","floor":36,"gold_loss":0},{"damage_healed":0,"gold_gain":0,"player_choice":"Ignored","damage_taken":0,"max_hp_gain":0,"max_hp_loss":0,"event_name":"Mysterious Sphere","floor":40,"gold_loss":0},{"damage_healed":0,"gold_gain":0,"player_choice":"Fight","damage_taken":0,"max_hp_gain":0,"max_hp_loss":0,"event_name":"MindBloom","floor":42,"gold_loss":0}],"is_beta":false,"boss_relics":[{"not_picked":["Lizard Tail","Snecko Eye"],"picked":"Coffee Dripper"},{"not_picked":["Pandora\u0027s Box","Tiny House"],"picked":"Velvet Choker"}],"items_purged_floors":[22,39],"is_endless":false,"potions_floor_spawned":[1,10,16,18,29,35,42,48],"ascension_level":0}