{"gold_per_floor":[112,122,134,154,154,154,188,199,199,199,199,199,199,219,219,321,321,334,345,270,286,31,56,56,56,80,91,110,209,209,209,209,309,309,325,325,325,337,356,356,356,356,380,380,395,410,428,444,444,444],"floor_reached":51,"playtime":1524,"items_purged":["Strike_R","Strike_R"],"score":721,"play_id":"835e6b8d-6185-43d5-b88e-71f06bf2c880","local_time":"20190309024858","is_ascension_mode":false,"campfire_choices":[{"data":"Rampage","floor":6.0,"key":"SMITH"},{"data":"Flex","floor":10.0,"key":"SMITH"},{"data":"Bash","floor":12.0,"key":"SMITH"},{"data":"Carnage","floor":15.0,"key":"SMITH"},{"data":"Armaments","floor":25.0,"key":"SMITH"},{"data":"Inflame","floor":30.0,"key":"SMITH"},{"data":"Demon Form","floor":32.0,"key":"SMITH"},{"data":"Panacea","floor":40,"key":"SMITH"},{"data":"Spot Weakness","floor":42,"key":"SMITH"},{"data":"Twin Strike","floor":44,"key":"SMITH"},{"floor":49,"key":"REST"}],"neow_cost":"PERCENT_DAMAGE","seed_source_timestamp":20524652033932,"circlet_count":0,"master_deck":["Strike_R","Strike_R","Defend_R","Defend_R","Defend_R","Defend_R","Bash+1","Brutality","Carnage+1","Spot Weakness+1","Rampage+1","Iron Wave","Flex+1","Twin Strike+1","Demon Form+1","Uppercut+1","Armaments+1","Power Through+1","Impervious","Clumsy","Inflame+1","Immolate+1","Heavy Blade+1","Bandage Up","Finesse","Panacea+1","Flex+1","True Grit+1","Parasite","Heavy Blade+1","Headbutt+1","Whirlwind+1"],"special_seed":0,"relics":["Burning Blood","FaceOfCleric","Bottled Tornado","Pantograph","Gremlin Horn","Cursed Key","Juzu Bracelet","Pen Nib","Omamori","Molten Egg 2","Velvet Choker","PreservedInsect"],"potions_floor_usage":[46,50,50],"damage_taken":[{"damage":0.0,"enemies":"2 Louse","floor":1.0,"turns":2.0},{"damage":1.0,"enemies":"Cultist","floor":2.0,"turns":3.0},{"damage":7.0,"enemies":"Small Slimes","floor":3.0,"turns":4.0},{"damage":10.0,"enemies":"3 Louse","floor":4.0,"turns":3.0},{"damage":15.0,"enemies":"3 Sentries","floor":7.0,"turns":6.0},{"damage":6.0,"enemies":"Lots of Slimes","floor":8.0,"turns":4.0},{"damage":3.0,"enemies":"Red Slaver","floor":14.0,"turns":3.0},{"damage":48.0,"enemies":"The Guardian","floor":16.0,"turns":10.0},{"damage":18.0,"enemies":"Shell Parasite","floor":18.0,"turns":4.0},{"damage":21.0,"enemies":"3 Byrds","floor":19.0,"turns":5.0},{"damage":42.0,"enemies":"Snecko","floor":21.0,"turns":6.0},{"damage":11.0,"enemies":"Book of Stabbing","floor":23.0,"turns":6.0},{"damage":24.0,"enemies":"Centurion and Healer","floor":27.0,"turns":7.0},{"damage":5.0,"enemies":"Chosen and Byrds","floor":28.0,"turns":6.0},{"damage":44.0,"enemies":"Champ","floor":33.0,"turns":9.0},{"damage":13.0,"enemies":"Orb Walker","floor":35.0,"turns":4.0},{"damage":24,"enemies":"3 Darklings","floor":38,"turns":5},{"damage":0,"enemies":"Transient","floor":39,"turns":5},{"damage":11,"enemies":"Writhing Mass","floor":45,"turns":4},{"damage":0,"enemies":"3 Darklings","floor":46,"turns":4},{"damage":29,"enemies":"Spire Growth","floor":47,"turns":4},{"damage":14,"enemies":"Maw","floor":48,"turns":6},{"damage":68,"enemies":"Donu and Deca","floor":50,"turns":6}],"seed_played":"1860292509104092849","potions_obtained":[{"floor":1.0,"key":"SkillPotion"},{"floor":7.0,"key":"Fire Potion"},{"floor":14.0,"key":"Poison Potion"},{"floor":16.0,"key":"SpeedPotion"},{"floor":19.0,"key":"EssenceOfSteel"},{"floor":28.0,"key":"Strength Potion"},{"floor":35.0,"key":"SteroidPotion"},{"floor":45,"key":"Fire Potion"},{"floor":46,"key":"Regen Potion"}],"is_trial":false,"path_per_floor":["M","M","M","M","?","R","E","M","T","R","?","R","?","M","R","B",null,"M","M","$","M","$","E","?","R","T","M","M","?","R","T","R","B",null,"M","?","?","M","M","R","?","R","T","R","M","M","M","M","R","B",null],"character_chosen":"IRONCLAD","items_purchased":["Juzu Bracelet"],"campfire_rested":1,"item_purchase_floors":[22],"current_hp_per_floor":[62,67,66,62,62,62,54,55,55,55,30,30,30,34,34,18,84,73,59,59,24,24,20,49,49,49,32,34,34,34,34,34,22,91,85,85,75,62,73,73,73,73,73,73,73,84,66,59,88,53],"gold":444,"neow_bonus":"THREE_RARE_CARDS","is_prod":false,"is_daily":false,"chose_seed":false,"campfire_upgraded":10,"win_rate":0,"timestamp":1552121338,"path_taken":["M","M","M","M","?","R","E","?","T","R","?","R","?","M","R","BOSS","M","?","$","M","?","E","?","R","T","M","M","?","R","?","R","BOSS","M","?","?","M","M","R","?","R","T","R","M","M","M","M","R","BOSS"],"build_version":"2019-01-23","purchased_purges":2,"victory":true,"max_hp_per_floor":[80,80,80,80,80,80,81,82,82,82,82,82,82,83,83,84,84,85,86,86,87,87,88,88,88,88,89,90,90,90,90,90,91,91,92,92,92,93,94,94,94,94,94,94,95,96,97,98,98,99],"card_choices":[{"not_picked":["Dark Embrace","Barricade"],"picked":"Brutality","floor":0.0},{"not_picked":["Body Slam","Dual Wield"],"picked":"Carnage","floor":1.0},{"not_picked":["Clothesline","Cleave"],"picked":"Spot Weakness","floor":2.0},{"not_picked":["Pommel Strike","Havoc"],"picked":"Rampage","floor":3.0},{"not_picked":["Anger","Clash"],"picked":"Iron Wave","floor":4.0},{"not_picked":["Dropkick","Rampage"],"picked":"Flex","floor":7.0},{"not_picked":["Intimidate","Barricade"],"picked":"Twin Strike","floor":8.0},{"not_picked":["Seeing Red","Fire Breathing","Searing Blow"],"picked":"SKIP","floor":14.0},{"not_picked":["Impervious","Feed"],"picked":"Demon Form","floor":16.0},{"not_picked":["Corruption","Shrug It Off"],"picked":"Uppercut+1","floor":18.0},{"not_picked":["Rupture","Feel No Pain"],"picked":"Armaments","floor":19.0},{"not_picked":["Feel No Pain+1","Rage"],"picked":"Power Through+1","floor":21.0},{"not_picked":["Blood for Blood","Evolve"],"picked":"Impervious","floor":23.0},{"not_picked":["Intimidate","Cleave"],"picked":"Inflame","floor":27.0},{"not_picked":["Perfected Strike","Twin Strike","True Grit"],"picked":"SKIP","floor":28.0},{"not_picked":["Reaper+1","Double Tap"],"picked":"Immolate+1","floor":33.0},{"not_picked":["Anger+1","Clash+1"],"picked":"Heavy Blade+1","floor":35.0},{"not_picked":["Madness","Blind"],"picked":"Bandage Up","floor":37},{"not_picked":["Panache","Transmutation"],"picked":"Finesse","floor":37},{"not_picked":["Chrysalis","Thinking Ahead"],"picked":"Panacea","floor":37},{"not_picked":["Intimidate+1","Body Slam+1"],"picked":"Flex+1","floor":38},{"not_picked":["Cleave+1","Clash+1"],"picked":"True Grit+1","floor":39},{"not_picked":["Reckless Charge+1","Ghostly Armor","Iron Wave+1"],"picked":"SKIP","floor":45},{"not_picked":["Feel No Pain+1","Thunderclap+1"],"picked":"Heavy Blade+1","floor":46},{"not_picked":["Iron Wave+1","Heavy Blade+1"],"picked":"Headbutt+1","floor":47},{"not_picked":["Juggernaut","Flex"],"picked":"Whirlwind+1","floor":48}],"player_experience":1000174,"relics_obtained":[{"floor":7.0,"key":"Bottled Tornado"},{"floor":9.0,"key":"Pantograph"},{"floor":23.0,"key":"Pen Nib"},{"floor":26.0,"key":"Omamori"},{"floor":31.0,"key":"Molten Egg 2"},{"floor":43,"key":"PreservedInsect"}],"event_choices":[{"damage_healed":0.0,"max_hp_gain":0.0,"max_hp_loss":0.0,"gold_gain":0.0,"event_name":"FaceTrader","player_choice":"Trade","floor":5.0,"gold_loss":0.0,"damage_taken":0.0,"relics_obtained":["FaceOfCleric"]},{"damage_healed":0.0,"max_hp_gain":0.0,"max_hp_loss":0.0,"gold_gain":0.0,"event_name":"Scrap Ooze","player_choice":"Success","floor":11.0,"gold_loss":0.0,"damage_taken":25.0,"relics_obtained":["Gremlin Horn"]},{"cards_removed":["Strike_R"],"damage_healed":0.0,"max_hp_gain":0.0,"max_hp_loss":0.0,"gold_gain":0.0,"event_name":"Purifier","player_choice":"Purged","floor":13.0,"gold_loss":0.0,"damage_taken":0.0},{"damage_healed":29.0,"max_hp_gain":0.0,"max_hp_loss":0.0,"gold_gain":0.0,"event_name":"The Library","player_choice":"Heal","floor":24.0,"gold_loss":0.0,"damage_taken":0.0},{"damage_healed":0.0,"max_hp_gain":0.0,"max_hp_loss":0.0,"gold_gain":99.0,"event_name":"Nest","player_choice":"Stole From Cult","floor":29.0,"gold_loss":0.0,"damage_taken":0.0},{"damage_healed":0.0,"max_hp_gain":0.0,"max_hp_loss":0.0,"gold_gain":0.0,"event_name":"Mysterious Sphere","player_choice":"Ignored","floor":36.0,"gold_loss":0.0,"damage_taken":0.0},{"damage_healed":0,"gold_gain":0,"player_choice":"Memory 3","damage_taken":10,"max_hp_gain":0,"max_hp_loss":0,"event_name":"SensoryStone","floor":37,"gold_loss":0},{"damage_healed":0,"gold_gain":0,"player_choice":"Ignored","damage_taken":0,"max_hp_gain":0,"max_hp_loss":0,"event_name":"Tomb of Lord Red Mask","floor":41,"gold_loss":0}],"is_beta":false,"boss_relics":[{"not_picked":["Astrolabe","Runic Dome"],"picked":"Cursed Key"},{"not_picked":["Calling Bell","Fusion Hammer"],"picked":"Velvet Choker"}],"items_purged_floors":[20,22],"is_endless":false,"potions_floor_spawned":[1,7,14,16,19,28,35,45,46],"ascension_level":0}