{"gold_per_floor":[109,109,109,109,128,128,144,155,155,155,175,187,205,155,155,253,253,253,253,253,253,253,253,253,253,253,253,253,253,253,253,253,253,253,253,226,226,226,226,226,226,226,226,226,226,226,226,37,37,37],"floor_reached":50,"playtime":6753,"items_purged":[],"score":513,"play_id":"328e12a3-f883-4de5-960e-f4830e101e9d","local_time":"20190219214239","is_ascension_mode":false,"campfire_choices":[{"data":"Pommel Strike","floor":6.0,"key":"SMITH"},{"data":"Armaments","floor":10.0,"key":"SMITH"},{"data":"True Grit","floor":15.0,"key":"SMITH"},{"data":"Offering","floor":23.0,"key":"SMITH"},{"floor":25.0,"key":"REST"},{"floor":32,"key":"REST"},{"data":"Limit Break","floor":42,"key":"SMITH"},{"data":"Clothesline","floor":44,"key":"SMITH"},{"floor":49,"key":"REST"}],"neow_cost":"NONE","seed_source_timestamp":0,"circlet_count":0,"master_deck":["Strike_R","Strike_R","Strike_R","Strike_R","Defend_R","Defend_R","Defend_R","Defend_R","Bash+1","Whirlwind+1","Pommel Strike+1","Battle Trance","Armaments+1","Feed","True Grit+1","Twin Strike","Offering+1","Sever Soul+1","Metallicize","Flame Barrier","Battle Trance","Warcry","Warcry+1","Limit Break+1","Clothesline+1","Shrug It Off","Rampage+1","Shrug It Off","Purity","Magnetism"],"special_seed":0,"relics":["Burning Blood","Ancient Tea Set","Ectoplasm","Red Mask","Ornamental Fan","Matryoshka","Cursed Key","Incense Burner","Ginger"],"potions_floor_usage":[33,50,50,50],"damage_taken":[{"damage":0.0,"enemies":"Small Slimes","floor":1.0,"turns":4.0},{"damage":3.0,"enemies":"Jaw Worm","floor":5.0,"turns":3.0},{"damage":2.0,"enemies":"2 Louse","floor":7.0,"turns":2.0},{"damage":14.0,"enemies":"Blue Slaver","floor":8.0,"turns":4.0},{"damage":0.0,"enemies":"Exordium Wildlife","floor":11.0,"turns":2.0},{"damage":3.0,"enemies":"Red Slaver","floor":12.0,"turns":4.0},{"damage":5.0,"enemies":"Looter","floor":13.0,"turns":3.0},{"damage":59.0,"enemies":"Hexaghost","floor":16.0,"turns":11.0},{"damage":6.0,"enemies":"Spheric Guardian","floor":18.0,"turns":3.0},{"damage":7.0,"enemies":"Shell Parasite","floor":19.0,"turns":4.0},{"damage":39.0,"enemies":"Masked Bandits","floor":20.0,"turns":4.0},{"damage":7.0,"enemies":"Centurion and Healer","floor":21.0,"turns":7.0},{"damage":18.0,"enemies":"Sentry and Sphere","floor":22.0,"turns":7.0},{"damage":31.0,"enemies":"Book of Stabbing","floor":24.0,"turns":7.0},{"damage":6.0,"enemies":"Cultist and Chosen","floor":27.0,"turns":5.0},{"damage":17.0,"enemies":"Centurion and Healer","floor":28.0,"turns":6.0},{"damage":11.0,"enemies":"Snecko","floor":29.0,"turns":7.0},{"damage":6.0,"enemies":"Chosen and Byrds","floor":31.0,"turns":5.0},{"damage":86,"enemies":"Champ","floor":33,"turns":13},{"damage":11,"enemies":"Orb Walker","floor":35,"turns":4},{"damage":16,"enemies":"Mind Bloom Boss Battle","floor":37,"turns":8},{"damage":0,"enemies":"3 Shapes","floor":38,"turns":7},{"damage":38,"enemies":"Nemesis","floor":40,"turns":12},{"damage":6,"enemies":"3 Darklings","floor":45,"turns":2},{"damage":11,"enemies":"Spire Growth","floor":47,"turns":6},{"damage":128,"enemies":"Donu and Deca","floor":50,"turns":10}],"seed_played":"-8419064049833804674","potions_obtained":[{"floor":5.0,"key":"PowerPotion"},{"floor":7.0,"key":"Weak Potion"},{"floor":11.0,"key":"SpeedPotion"},{"floor":12.0,"key":"FairyPotion"},{"floor":24.0,"key":"FairyPotion"},{"floor":29.0,"key":"EssenceOfSteel"},{"floor":33,"key":"BloodPotion"},{"floor":37,"key":"Explosive Potion"}],"is_trial":false,"path_per_floor":["M","?","?","?","M","R","M","M","T","R","M","M","M","?","R","B",null,"M","M","?","M","M","R","E","R","T","M","M","M","?","M","R","B",null,"M","$","?","M","?","E","$","R","T","R","M","?","M","$","R","B"],"character_chosen":"IRONCLAD","items_purchased":["Shrug It Off","Magnetism"],"campfire_rested":3,"item_purchase_floors":[36,48],"current_hp_per_floor":[80,80,80,85,85,85,85,77,77,77,83,85,89,89,89,40,93,93,96,63,65,53,53,28,58,58,61,53,48,48,48,79,16,106,104,104,94,103,103,71,71,71,71,71,71,71,69,69,101,0],"gold":37,"neow_bonus":"UPGRADE_CARD","is_prod":false,"is_daily":false,"chose_seed":false,"campfire_upgraded":6,"win_rate":0,"timestamp":1550605359,"path_taken":["M","?","?","?","M","R","M","M","T","R","M","M","M","?","R","BOSS","M","M","?","M","M","R","E","R","T","M","M","M","?","M","R","BOSS","M","$","?","M","?","E","?","R","T","R","?","?","M","$","R","BOSS"],"build_version":"2019-01-23","purchased_purges":0,"victory":false,"max_hp_per_floor":[80,80,80,85,85,85,85,85,85,85,85,85,89,89,89,93,93,93,97,97,100,100,100,100,100,100,103,106,106,106,106,106,106,106,109,109,109,112,106,106,106,106,106,106,106,106,109,109,109,109],"card_choices":[{"not_picked":["Headbutt","Body Slam"],"picked":"Whirlwind","floor":1.0},{"not_picked":["Body Slam","Sever Soul"],"picked":"Pommel Strike","floor":5.0},{"not_picked":["Pummel","Wild Strike"],"picked":"Battle Trance","floor":7.0},{"not_picked":["Burning Pact","Wild Strike"],"picked":"Armaments","floor":8.0},{"not_picked":["Sentinel","Thunderclap"],"picked":"Feed","floor":11.0},{"not_picked":["Anger","Clothesline"],"picked":"True Grit","floor":12.0},{"not_picked":["Fire Breathing","Pommel Strike"],"picked":"Twin Strike","floor":13.0},{"not_picked":["Reaper","Barricade"],"picked":"Offering","floor":16.0},{"not_picked":["Anger","Rupture+1"],"picked":"Sever Soul+1","floor":18.0},{"not_picked":["Wild Strike","Rampage"],"picked":"Metallicize","floor":19.0},{"not_picked":["Anger+1","Second Wind"],"picked":"Flame Barrier","floor":20.0},{"not_picked":["Clothesline+1","Thunderclap"],"picked":"Battle Trance","floor":21.0},{"not_picked":["Infernal Blade","Body Slam","Thunderclap+1"],"picked":"SKIP","floor":22.0},{"not_picked":["Twin Strike","Body Slam","Wild Strike"],"picked":"SKIP","floor":24.0},{"not_picked":["Corruption","Armaments","Wild Strike"],"picked":"SKIP","floor":27.0},{"not_picked":["Brutality","Corruption","Combust"],"picked":"SKIP","floor":28.0},{"not_picked":["Body Slam","Blood for Blood+1"],"picked":"Warcry","floor":29.0},{"not_picked":["Body Slam","True Grit"],"picked":"Warcry+1","floor":31.0},{"not_picked":["Barricade","Fiend Fire"],"picked":"Limit Break","floor":33},{"not_picked":["Sword Boomerang+1","Twin Strike+1"],"picked":"Clothesline","floor":35},{"not_picked":["Headbutt+1","Pommel Strike+1"],"picked":"Rampage+1","floor":38},{"not_picked":["Reckless Charge","Pommel Strike","Warcry+1"],"picked":"SKIP","floor":40},{"not_picked":["Disarm+1","Headbutt"],"picked":"Shrug It Off","floor":45},{"not_picked":["Bandage Up","Flash of Steel"],"picked":"Purity","floor":46},{"not_picked":["Infernal Blade+1","Shrug It Off","Heavy Blade+1"],"picked":"SKIP","floor":47}],"player_experience":419869,"relics_obtained":[{"floor":9.0,"key":"Ancient Tea Set"},{"floor":20.0,"key":"Red Mask"},{"floor":24.0,"key":"Ornamental Fan"},{"floor":26.0,"key":"Matryoshka"},{"floor":37,"key":"Incense Burner"},{"floor":40,"key":"Ginger"}],"event_choices":[{"damage_healed":0.0,"max_hp_gain":0.0,"max_hp_loss":0.0,"gold_gain":0.0,"event_name":"Liars Game","player_choice":"Ignored","floor":2.0,"gold_loss":0.0,"damage_taken":0.0},{"damage_healed":0.0,"max_hp_gain":0.0,"max_hp_loss":0.0,"gold_gain":0.0,"event_name":"Living Wall","player_choice":"Grow","floor":3.0,"gold_loss":0.0,"damage_taken":0.0,"cards_upgraded":["Whirlwind"]},{"damage_healed":0.0,"max_hp_gain":5.0,"max_hp_loss":0.0,"gold_gain":0.0,"event_name":"Big Fish","player_choice":"Donut","floor":4.0,"gold_loss":0.0,"damage_taken":0.0},{"cards_removed":["Strike_R"],"damage_healed":0.0,"max_hp_gain":0.0,"max_hp_loss":0.0,"gold_gain":0.0,"event_name":"The Cleric","player_choice":"Card Removal","floor":14.0,"gold_loss":50.0,"damage_taken":0.0},{"damage_healed":0.0,"max_hp_gain":0.0,"max_hp_loss":0.0,"gold_gain":0.0,"event_name":"Masked Bandits","player_choice":"Fought Bandits","floor":20.0,"gold_loss":0.0,"damage_taken":0.0},{"damage_healed":0.0,"max_hp_gain":0.0,"max_hp_loss":0.0,"gold_gain":0.0,"event_name":"N\u0027loth","player_choice":"Ignored","floor":30.0,"gold_loss":0.0,"damage_taken":0.0},{"damage_healed":0,"gold_gain":0,"player_choice":"Fight","damage_taken":0,"max_hp_gain":0,"max_hp_loss":0,"event_name":"MindBloom","floor":37,"gold_loss":0},{"damage_healed":0,"gold_gain":0,"player_choice":"Max HP","damage_taken":0,"max_hp_gain":0,"max_hp_loss":6,"event_name":"Winding Halls","floor":39,"gold_loss":0},{"damage_healed":0,"gold_gain":0,"player_choice":"Memory 1","damage_taken":0,"max_hp_gain":0,"max_hp_loss":0,"event_name":"SensoryStone","floor":46,"gold_loss":0}],"is_beta":false,"boss_relics":[{"not_picked":["Calling Bell","Fusion Hammer"],"picked":"Ectoplasm"},{"not_picked":["White Beast Statue","Tiny House"],"picked":"Cursed Key"}],"items_purged_floors":[],"is_endless":false,"potions_floor_spawned":[5,7,11,12,16,18,22,24,28,29,33,37,45,47],"killed_by":"Donu and Deca","ascension_level":0}