{"gold_per_floor":[114,134,209,219,219,219,255,255,255,255,255,46,59,77,77,207,207,220,240,140,154,154],"floor_reached":22,"playtime":1224,"items_purged":["Pain","Injury"],"score":233,"play_id":"b2829e82-3d02-4c42-a096-5b10daebfa1e","local_time":"20181130174712","is_ascension_mode":true,"campfire_choices":[{"data":"Cloak And Dagger","floor":6,"key":"SMITH"},{"floor":8,"key":"REST"},{"floor":11,"key":"REST"},{"data":"Blade Dance","floor":15,"key":"SMITH"}],"neow_cost":"NONE","seed_source_timestamp":346989549034930,"circlet_count":0,"master_deck":["Defend_G","Defend_G","Defend_G","Defend_G","Defend_G","Strike_G","Strike_G","Strike_G","Strike_G","Strike_G","Survivor","Neutralize","Cloak And Dagger+1","Deadly Poison","All Out Attack","Leg Sweep","Well Laid Plans","Blade Dance+1","A Thousand Cuts","Backflip","Cloak And Dagger"],"relics":["Ring of the Snake","NeowsBlessing","Golden Idol","Shuriken","WarpedTongs","Fusion Hammer"],"potions_floor_usage":[7,16,16,16],"damage_taken":[{"damage":0,"enemies":"2 Louse","floor":1,"turns":1},{"damage":0,"enemies":"Small Slimes","floor":2,"turns":1},{"damage":0,"enemies":"Cultist","floor":4,"turns":1},{"damage":37,"enemies":"Lagavulin","floor":7,"turns":11},{"damage":3,"enemies":"Gremlin Gang","floor":13,"turns":5},{"damage":2,"enemies":"Large Slime","floor":14,"turns":5},{"damage":4,"enemies":"The Guardian","floor":16,"turns":9},{"damage":0,"enemies":"3 Byrds","floor":18,"turns":4},{"damage":16,"enemies":"Spheric Guardian","floor":19,"turns":4},{"damage":25,"enemies":"Snake Plant","floor":21,"turns":4},{"damage":29,"enemies":"Snecko","floor":22,"turns":5}],"seed_played":"4101196879384559998","potions_obtained":[{"floor":1,"key":"PowerPotion"},{"floor":4,"key":"LiquidBronze"},{"floor":7,"key":"SkillPotion"},{"floor":13,"key":"Dexterity Potion"}],"is_trial":false,"path_per_floor":["M","M","?","M","?","R","E","R","T","?","R","$","M","M","R","B",null,"M","M","$","M","M"],"character_chosen":"THE_SILENT","items_purchased":["Leg Sweep","Well Laid Plans"],"campfire_rested":2,"item_purchase_floors":[12,12],"current_hp_per_floor":[70,70,59,59,59,59,22,43,43,43,64,64,61,59,59,55,66,66,50,50,25,0],"gold":154,"neow_bonus":"THREE_ENEMY_KILL","is_prod":false,"is_daily":false,"chose_seed":false,"campfire_upgraded":2,"win_rate":0,"timestamp":1543621632,"path_taken":["M","M","?","M","?","R","E","R","T","?","R","$","?","M","R","BOSS","M","M","$","?","M"],"build_version":"2018-11-15","purchased_purges":2,"victory":false,"max_hp_per_floor":[70,70,70,70,70,70,70,70,70,70,70,70,70,70,70,70,70,70,70,70,70,70],"card_choices":[{"not_picked":["Riddle With Holes","Bane","Tactician"],"picked":"SKIP","floor":1},{"not_picked":["Calculated Gamble","Backflip"],"picked":"Cloak And Dagger","floor":2},{"not_picked":["Riddle With Holes","Prepared"],"picked":"Deadly Poison","floor":4},{"not_picked":["Quick Slash","Distraction"],"picked":"All Out Attack","floor":7},{"not_picked":["Prepared","Masterful Stab","Acrobatics"],"picked":"SKIP","floor":13},{"not_picked":["Underhanded Strike","Outmaneuver"],"picked":"Blade Dance","floor":14},{"not_picked":["Envenom","Malaise"],"picked":"A Thousand Cuts","floor":16},{"not_picked":["Masterful Stab","Dagger Spray"],"picked":"Backflip","floor":18},{"not_picked":["Catalyst","Flying Knee"],"picked":"Cloak And Dagger","floor":19},{"not_picked":["Acrobatics","Setup","Terror"],"picked":"SKIP","floor":21}],"player_experience":239688,"relics_obtained":[{"floor":7,"key":"Shuriken"}],"event_choices":[{"damage_healed":0,"gold_gain":75,"player_choice":"Gather Gold","damage_taken":11,"max_hp_gain":0,"max_hp_loss":0,"event_name":"World of Goop","floor":3,"gold_loss":0},{"damage_healed":0,"gold_gain":0,"player_choice":"Take Wound","damage_taken":0,"relics_obtained":["Golden Idol"],"max_hp_gain":0,"max_hp_loss":0,"event_name":"Golden Idol","floor":5,"gold_loss":0,"cards_obtained":["Injury"]},{"damage_healed":0,"gold_gain":0,"player_choice":"Rummage","damage_taken":0,"relics_obtained":["WarpedTongs"],"max_hp_gain":0,"max_hp_loss":0,"event_name":"Accursed Blacksmith","floor":10,"gold_loss":0,"cards_obtained":["Pain"]}],"is_beta":false,"boss_relics":[{"not_picked":["Busted Crown","Tiny House"],"picked":"Fusion Hammer"}],"items_purged_floors":[12,20],"is_endless":false,"potions_floor_spawned":[1,4,7,13],"killed_by":"Snecko","ascension_level":5}