{"gold_per_floor":[110,128,50,50,1,42,60,60,141,179,179,202,202,202,202,332,332],"floor_reached":17,"playtime":1293,"items_purged":[],"score":187,"play_id":"eebb41f7-37cf-457c-b2d3-3561c4098849","local_time":"20190307115701","is_ascension_mode":true,"campfire_choices":[{"data":"Clothesline","floor":8,"key":"SMITH"},{"data":"Bash","floor":11,"key":"SMITH"},{"data":"Perfected Strike","floor":15,"key":"SMITH"}],"neow_cost":"NONE","seed_source_timestamp":8393953708393,"circlet_count":0,"master_deck":["Strike_R+1","Strike_R","Strike_R+1","Strike_R+1","Strike_R","Defend_R","Defend_R","Defend_R","Defend_R","Bash+1","Pommel Strike","Headbutt+1","Shrug It Off","Perfected Strike+1","Clothesline+1","Battle Trance","Exhume"],"relics":["Burning Blood","Golden Idol","Whetstone","Paper Frog","Anchor"],"potions_floor_usage":[6,10,16],"damage_taken":[{"damage":15,"enemies":"Jaw Worm","floor":1,"turns":6},{"damage":7,"enemies":"Small Slimes","floor":2,"turns":3},{"damage":17,"enemies":"Lagavulin","floor":6,"turns":6},{"damage":2,"enemies":"2 Louse","floor":7,"turns":2},{"damage":22,"enemies":"3 Sentries","floor":10,"turns":7},{"damage":8,"enemies":"Exordium Thugs","floor":12,"turns":5},{"damage":34,"enemies":"Hexaghost","floor":16,"turns":12}],"seed_played":"2622341401042004275","potions_obtained":[{"floor":1,"key":"Regen Potion"},{"floor":7,"key":"Block Potion"},{"floor":12,"key":"SkillPotion"},{"floor":16,"key":"Block Potion"}],"is_trial":false,"path_per_floor":["M","M","$","?","$","E","M","R","T","E","R","M","?","?","R","B",null],"character_chosen":"IRONCLAD","items_purchased":["Shrug It Off","Perfected Strike","AttackPotion"],"campfire_rested":0,"item_purchase_floors":[3,3,5],"current_hp_per_floor":[79,78,78,78,78,67,71,71,71,55,55,53,58,41,41,13,13],"gold":332,"neow_bonus":"TEN_PERCENT_HP_BONUS","is_prod":false,"is_daily":false,"chose_seed":false,"campfire_upgraded":3,"win_rate":0,"timestamp":1551952621,"path_taken":["M","M","$","?","$","E","M","R","T","E","R","M","?","?","R","BOSS"],"build_version":"2019-01-23","purchased_purges":0,"victory":false,"max_hp_per_floor":[88,88,88,81,81,81,81,81,81,81,81,81,86,86,86,86,86],"card_choices":[{"not_picked":["Dual Wield","Heavy Blade"],"picked":"Pommel Strike","floor":1},{"not_picked":["Warcry","Flex"],"picked":"Headbutt","floor":2},{"not_picked":["Berserk","Bloodletting","Pommel Strike"],"picked":"SKIP","floor":6},{"not_picked":["Sword Boomerang","Anger"],"picked":"Clothesline","floor":7},{"not_picked":["Infernal Blade","Anger","Clothesline"],"picked":"SKIP","floor":10},{"not_picked":["Armaments","Reckless Charge"],"picked":"Battle Trance","floor":12},{"not_picked":["Berserk","Juggernaut"],"picked":"Exhume","floor":16}],"player_experience":687498,"relics_obtained":[{"floor":6,"key":"Whetstone"},{"floor":9,"key":"Paper Frog"},{"floor":10,"key":"Anchor"}],"event_choices":[{"damage_healed":0,"gold_gain":0,"player_choice":"Lose Max HP","damage_taken":0,"relics_obtained":["Golden Idol"],"max_hp_gain":0,"max_hp_loss":7,"event_name":"Golden Idol","floor":4,"gold_loss":0},{"damage_healed":0,"gold_gain":0,"player_choice":"Donut","damage_taken":0,"max_hp_gain":5,"max_hp_loss":0,"event_name":"Big Fish","floor":13,"gold_loss":0},{"damage_healed":0,"gold_gain":0,"player_choice":"Entered Light","damage_taken":17,"max_hp_gain":0,"max_hp_loss":0,"event_name":"Shining Light","floor":14,"gold_loss":0,"cards_upgraded":["Strike_R","Strike_R"]}],"is_beta":false,"boss_relics":[],"items_purged_floors":[],"is_endless":false,"potions_floor_spawned":[1,7,12,16],"ascension_level":3}