{"gold_per_floor":[125,156,168,196,208,255,267,305,344,356,378,419,451,480,492,600,612,643,675,137,137,150,176,187,217,217,244,244,256,355,270,270,374,374,393,408,153,153,153,153,178,192,218,218,247,257,132,152,152,152],"floor_reached":51,"playtime":2742,"items_purged":["Strike_B","Strike_B","Strike_B"],"score":1142,"play_id":"d07475d1-be1b-4720-ad95-b9b80ed2cd4f","local_time":"20181112215807","is_ascension_mode":true,"campfire_choices":[{"floor":7,"key":"REST"},{"data":"Go for the Eyes","floor":15,"key":"SMITH"},{"floor":28,"key":"REST"},{"floor":32,"key":"REST"},{"data":"All For One","floor":40,"key":"SMITH"},{"data":"All For One","floor":44,"key":"SMITH"},{"data":"Dualcast","floor":49,"key":"SMITH"}],"neow_cost":"NONE","seed_source_timestamp":0,"circlet_count":0,"master_deck":["Defend_B+1","Defend_B","Defend_B+1","Defend_B+1","Zap+1","Dualcast+1","Go for the Eyes+1","Cold Snap","Hello World","Chill","All For One+1","Gash","Gash","All For One+1","FTL+1","Self Repair","Gash","Master of Strategy","Gash","Scrape","Buffer+1","Steam","All For One","Defragment+1","Gash","Gash"],"special_seed":0,"relics":["Cracked Core","MawBank","Bag of Preparation","Ancient Tea Set","War Paint","Cables","Philosopher\u0027s Stone","DollysMirror","MutagenicStrength","Happy Flower","Bronze Scales","Frozen Egg 2","PreservedInsect","Gambling Chip","White Beast Statue","Vajra","Boot","Strawberry","Dodecahedron"],"potions_floor_usage":[13,24,27,27,50],"damage_taken":[{"damage":5.0,"enemies":"Small Slimes","floor":1.0,"turns":4.0},{"damage":7.0,"enemies":"Jaw Worm","floor":2.0,"turns":3.0},{"damage":1.0,"enemies":"Cultist","floor":4.0,"turns":3.0},{"damage":28,"enemies":"Lagavulin","floor":6,"turns":8},{"damage":18,"enemies":"Gremlin Nob","floor":8,"turns":4},{"damage":2,"enemies":"2 Fungi Beasts","floor":11,"turns":3},{"damage":6,"enemies":"3 Sentries","floor":12,"turns":6},{"damage":7,"enemies":"Large Slime","floor":13,"turns":4},{"damage":0,"enemies":"3 Louse","floor":14,"turns":3},{"damage":22,"enemies":"The Guardian","floor":16,"turns":7},{"damage":12,"enemies":"3 Byrds","floor":18,"turns":4},{"damage":12,"enemies":"2 Thieves","floor":19,"turns":2},{"damage":6,"enemies":"Chosen and Byrds","floor":22,"turns":3},{"damage":14,"enemies":"Slavers","floor":23,"turns":2},{"damage":11,"enemies":"Snecko","floor":24,"turns":3},{"damage":22,"enemies":"Book of Stabbing","floor":25,"turns":4},{"damage":17,"enemies":"Slavers","floor":27,"turns":3},{"damage":17,"enemies":"Snake Plant","floor":29,"turns":3},{"damage":9,"enemies":"Collector","floor":33,"turns":6},{"damage":0,"enemies":"Orb Walker","floor":35,"turns":1},{"damage":2,"enemies":"3 Darklings","floor":36,"turns":4},{"damage":8,"enemies":"Nemesis","floor":41,"turns":5},{"damage":0,"enemies":"Maw","floor":42,"turns":2},{"damage":0,"enemies":"Reptomancer","floor":45,"turns":3},{"damage":0,"enemies":"Sphere and 2 Shapes","floor":46,"turns":3},{"damage":10,"enemies":"Spire Growth","floor":48,"turns":3},{"damage":44,"enemies":"Time Eater","floor":50,"turns":8}],"seed_played":"2839698807196380425","potions_obtained":[{"floor":6,"key":"Swift Potion"},{"floor":8,"key":"Regen Potion"},{"floor":12,"key":"Ancient Potion"},{"floor":13,"key":"Fruit Juice"},{"floor":19,"key":"Fire Potion"},{"floor":23,"key":"Energy Potion"},{"floor":25,"key":"Poison Potion"},{"floor":29,"key":"Fire Potion"},{"floor":33,"key":"Fire Potion"},{"floor":35,"key":"LiquidBronze"},{"floor":45,"key":"Explosive Potion"}],"is_trial":false,"path_per_floor":["M","M","?","M","?","E","R","E","T","?","M","E","M","M","R","B",null,"M","M","$","?","M","E","M","E","T","E","R","M","?","?","R","B",null,"M","M","$","?","?","R","E","M","T","R","E","M","$","M","R","B",null],"character_chosen":"DEFECT","items_purchased":["Self Repair","DollysMirror","Master of Strategy","Vajra"],"campfire_rested":3,"item_purchase_floors":[20,20,20,37],"current_hp_per_floor":[63,56,49,48,33,5,27,9,9,75,73,67,65,65,65,43,71,59,47,47,47,48,34,35,20,20,3,27,17,17,17,41,39,70,70,75,75,75,75,75,74,76,83,83,83,83,83,73,73,29],"gold":152,"neow_bonus":"RANDOM_COMMON_RELIC","is_prod":false,"is_daily":false,"chose_seed":false,"campfire_upgraded":4,"win_rate":0,"timestamp":1542081487,"path_taken":["M","M","?","M","?","E","R","E","T","?","M","E","?","M","R","BOSS","M","M","$","?","M","E","M","E","T","E","R","M","?","?","R","BOSS","M","M","$","?","?","R","E","M","T","R","E","M","$","M","R","BOSS"],"build_version":"2018-11-08","purchased_purges":3,"victory":true,"max_hp_per_floor":[75,75,75,75,75,75,75,75,75,75,75,75,80,80,80,80,80,80,80,80,80,80,80,80,80,80,80,80,80,80,80,80,80,80,80,80,80,80,76,76,76,76,83,83,83,83,83,83,83,83],"card_choices":[{"not_picked":["Sweeping Beam","Capacitor"],"picked":"Go for the Eyes","floor":1.0},{"not_picked":["Double Energy","Rebound","Go for the Eyes"],"picked":"SKIP","floor":2.0},{"not_picked":["Streamline","Gash"],"picked":"Cold Snap","floor":4.0},{"not_picked":["Doom and Gloom","Heatsinks"],"picked":"Hello World","floor":6},{"not_picked":["Hologram","Compile Driver","Doom and Gloom"],"picked":"SKIP","floor":8},{"not_picked":["Hello World","Compile Driver"],"picked":"Chill","floor":11},{"not_picked":["White Noise","Hologram"],"picked":"All For One","floor":12},{"not_picked":["Beam Cell","Stack"],"picked":"Gash","floor":13},{"not_picked":["Sweeping Beam","Conserve Battery"],"picked":"Gash","floor":14},{"not_picked":["Electrodynamics","Biased Cognition"],"picked":"All For One","floor":16},{"not_picked":["Stack","Steam Power"],"picked":"FTL+1","floor":18},{"not_picked":["Redo","Tempest+1","Steam Power"],"picked":"SKIP","floor":19},{"not_picked":["Streamline","Ball Lightning"],"picked":"Gash","floor":22},{"not_picked":["Chaos+1","Streamline"],"picked":"Steam","floor":23},{"not_picked":["Leap+1","Sweeping Beam"],"picked":"Scrape","floor":24},{"not_picked":["Hologram","Aggregate","Capacitor"],"picked":"SKIP","floor":25},{"not_picked":["Rainbow","Barrage"],"picked":"Buffer+1","floor":27},{"not_picked":["Self Repair+1","Conserve Battery"],"picked":"Steam","floor":29},{"not_picked":["Fission","Thunder Strike"],"picked":"All For One","floor":33},{"not_picked":["Recycle","Sweeping Beam","Redo"],"picked":"SKIP","floor":35},{"not_picked":["Go for the Eyes+1","Undo+1","Coolheaded+1"],"picked":"SKIP","floor":36},{"not_picked":["Go for the Eyes","Barrage"],"picked":"Defragment+1","floor":41},{"not_picked":["BootSequence","Beam Cell+1"],"picked":"Gash","floor":42},{"not_picked":["Genetic Algorithm","Electrodynamics+1","Leap"],"picked":"SKIP","floor":45},{"not_picked":["Sunder+1","Chaos+1"],"picked":"Gash","floor":46},{"not_picked":["Storm+1","Coolheaded","Redo+1"],"picked":"SKIP","floor":48}],"player_experience":194198,"relics_obtained":[{"floor":6,"key":"Bag of Preparation"},{"floor":8,"key":"Ancient Tea Set"},{"floor":9,"key":"War Paint"},{"floor":12,"key":"Cables"},{"floor":23,"key":"Happy Flower"},{"floor":25,"key":"Bronze Scales"},{"floor":26,"key":"Frozen Egg 2"},{"floor":27,"key":"PreservedInsect"},{"floor":41,"key":"Boot"},{"floor":43,"key":"Strawberry"},{"floor":45,"key":"Dodecahedron"}],"event_choices":[{"cards_removed":["Strike_B"],"damage_healed":0.0,"max_hp_gain":0.0,"max_hp_loss":0.0,"gold_gain":0.0,"event_name":"Golden Wing","player_choice":"Card Removal","floor":3.0,"gold_loss":0.0,"damage_taken":7.0},{"damage_healed":0,"gold_gain":0,"player_choice":"Entered Light","damage_taken":15,"max_hp_gain":0,"max_hp_loss":0,"event_name":"Shining Light","floor":5,"gold_loss":0,"cards_upgraded":["Defend_B","Defend_B"]},{"damage_healed":66,"gold_gain":0,"player_choice":"Full Heal","damage_taken":0,"max_hp_gain":0,"max_hp_loss":0,"event_name":"Wheel of Change","floor":10,"gold_loss":0},{"damage_healed":0,"gold_gain":0,"player_choice":"Inject Mutagens","damage_taken":0,"relics_obtained":["MutagenicStrength"],"max_hp_gain":0,"max_hp_loss":0,"event_name":"Drug Dealer","floor":21,"gold_loss":0},{"damage_healed":0,"gold_gain":99,"player_choice":"Stole From Cult","damage_taken":0,"max_hp_gain":0,"max_hp_loss":0,"event_name":"Nest","floor":30,"gold_loss":0},{"damage_healed":0,"gold_gain":0,"player_choice":"Obtained Relic","damage_taken":0,"relics_obtained":["Gambling Chip"],"max_hp_gain":0,"max_hp_loss":0,"event_name":"Addict","floor":31,"gold_loss":85},{"cards_removed":["Steam"],"damage_healed":0,"gold_gain":0,"player_choice":"Removed Skill","damage_taken":0,"max_hp_gain":0,"max_hp_loss":0,"event_name":"Falling","floor":38,"gold_loss":0},{"damage_healed":0,"gold_gain":0,"player_choice":"Max HP","damage_taken":0,"max_hp_gain":0,"max_hp_loss":4,"event_name":"Winding Halls","floor":39,"gold_loss":0}],"is_beta":false,"boss_relics":[{"not_picked":["Runic Dome","Calling Bell"],"picked":"Philosopher\u0027s Stone"},{"not_picked":["Inserter","Velvet Choker"],"picked":"White Beast Statue"}],"items_purged_floors":[20,37,47],"is_endless":false,"potions_floor_spawned":[6,8,12,13,19,23,25,29,33,35,36,41,42,45,46,48],"ascension_level":8}