{"gold_per_floor":[111,36,50,60,135,163,174,185,235,248,268,297,307,320,320,417,417,427,437,455,472,483,483,495,495,520,555,555,555,480,515,515,515],"floor_reached":33,"playtime":3399,"items_purged":["Strike_R"],"score":305,"play_id":"6851441d-7835-4b0d-bb78-eec85eae9129","local_time":"20180925015537","is_ascension_mode":false,"campfire_choices":[{"data":"Spot Weakness","floor":15,"key":"SMITH"},{"data":"Limit Break","floor":23,"key":"SMITH"},{"data":"Flex","floor":29,"key":"SMITH"},{"data":"Pummel","floor":32,"key":"SMITH"}],"neow_cost":"NONE","seed_source_timestamp":55299030240440,"circlet_count":0,"master_deck":["Strike_R","Strike_R","Defend_R","Defend_R","Defend_R","Defend_R","Bash","Flex+1","Cleave","Spot Weakness+1","Pummel+1","Headbutt","Reaper","Shrug It Off","Warcry","Limit Break+1","Twin Strike","Headbutt+1","Battle Trance+1"],"relics":["Burning Blood","Blood Vial","Centennial Puzzle","Dodecahedron","Mark of Pain","Oddly Smooth Stone","Happy Flower","Boot"],"potions_floor_usage":[12,16,31],"damage_taken":[{"damage":1,"enemies":"Cultist","floor":1,"turns":3},{"damage":3,"enemies":"Jaw Worm","floor":3,"turns":4},{"damage":7,"enemies":"Small Slimes","floor":4,"turns":3},{"damage":18,"enemies":"Gremlin Nob","floor":6,"turns":4},{"damage":16,"enemies":"Exordium Thugs","floor":7,"turns":4},{"damage":8,"enemies":"Lots of Slimes","floor":8,"turns":2},{"damage":5,"enemies":"Looter","floor":10,"turns":2},{"damage":9,"enemies":"Blue Slaver","floor":11,"turns":3},{"damage":19,"enemies":"Lagavulin","floor":12,"turns":4},{"damage":15,"enemies":"Exordium Thugs","floor":13,"turns":4},{"damage":18,"enemies":"Lots of Slimes","floor":14,"turns":3},{"damage":75,"enemies":"The Guardian","floor":16,"turns":11},{"damage":5,"enemies":"3 Byrds","floor":18,"turns":4},{"damage":7,"enemies":"2 Thieves","floor":19,"turns":3},{"damage":7,"enemies":"Centurion and Healer","floor":20,"turns":2},{"damage":21,"enemies":"Shelled Parasite and Fungi","floor":21,"turns":5},{"damage":15,"enemies":"Snecko","floor":22,"turns":4},{"damage":5,"enemies":"Cultist and Chosen","floor":24,"turns":4},{"damage":18,"enemies":"Book of Stabbing","floor":27,"turns":4},{"damage":38,"enemies":"Slavers","floor":31,"turns":4},{"damage":79,"enemies":"Automaton","floor":33,"turns":6}],"seed_played":"-2754054103850820296","potions_obtained":[{"floor":3,"key":"AttackPotion"},{"floor":4,"key":"Strength Potion"},{"floor":6,"key":"Energy Potion"},{"floor":7,"key":"SpeedPotion"},{"floor":11,"key":"Block Potion"},{"floor":13,"key":"BloodPotion"},{"floor":14,"key":"FearPotion"},{"floor":18,"key":"Explosive Potion"},{"floor":31,"key":"AttackPotion"}],"is_trial":false,"path_per_floor":["M","$","M","M","?","E","M","M","T","M","M","E","M","M","R","B",null,"M","M","M","M","M","R","M","?","T","E","?","R","?","E","R"],"character_chosen":"IRONCLAD","items_purchased":[],"campfire_rested":0,"item_purchase_floors":[],"current_hp_per_floor":[80,80,80,79,68,56,48,48,48,51,50,39,42,62,62,24,80,80,79,79,79,74,74,80,80,80,80,80,80,80,72,72,0],"gold":515,"neow_bonus":"THREE_CARDS","is_prod":false,"is_daily":false,"chose_seed":false,"campfire_upgraded":4,"win_rate":0,"timestamp":1537829737,"path_taken":["M","$","M","M","?","E","M","M","T","M","M","E","M","M","R","BOSS","M","M","M","M","M","R","M","?","T","E","?","R","?","E","R","BOSS"],"build_version":"2018-09-20","purchased_purges":1,"victory":false,"max_hp_per_floor":[80,80,80,80,80,80,80,80,80,80,80,80,80,80,80,80,80,80,80,80,80,80,80,80,80,80,80,80,80,80,80,80,80],"card_choices":[{"not_picked":["Twin Strike","Sword Boomerang"],"picked":"Flex","floor":0},{"not_picked":["Whirlwind","Thunderclap"],"picked":"Cleave","floor":1},{"not_picked":["Sentinel","Blood for Blood"],"picked":"Spot Weakness","floor":3},{"not_picked":["Armaments","Searing Blow","Spot Weakness"],"picked":"SKIP","floor":4},{"not_picked":["Wild Strike","Sword Boomerang","Entrench"],"picked":"SKIP","floor":6},{"not_picked":["Feel No Pain","Sentinel","Anger"],"picked":"SKIP","floor":7},{"not_picked":["Clothesline","Power Through"],"picked":"Pummel","floor":8},{"not_picked":["Feel No Pain","Sword Boomerang"],"picked":"Headbutt","floor":10},{"not_picked":["Flex","Disarm","Headbutt"],"picked":"SKIP","floor":11},{"not_picked":["Headbutt","Shockwave"],"picked":"Reaper","floor":12},{"not_picked":["Blood for Blood","Sentinel"],"picked":"Shrug It Off","floor":13},{"not_picked":["Carnage","Burning Pact"],"picked":"Warcry","floor":14},{"not_picked":["Offering","Dark Embrace"],"picked":"Limit Break","floor":16},{"not_picked":["Clothesline","Burning Pact","Sentinel"],"picked":"SKIP","floor":18},{"not_picked":["Wild Strike","Uppercut+1"],"picked":"Twin Strike","floor":19},{"not_picked":["Flex","Shrug It Off","Warcry"],"picked":"SKIP","floor":20},{"not_picked":["Wild Strike","Havoc","Armaments"],"picked":"SKIP","floor":21},{"not_picked":["Rampage","Headbutt","Havoc"],"picked":"SKIP","floor":22},{"not_picked":["Thunderclap","Rupture"],"picked":"Headbutt+1","floor":24},{"not_picked":["Sword Boomerang+1","Uppercut","Rampage"],"picked":"SKIP","floor":27},{"not_picked":["Sword Boomerang+1","Uppercut","Rampage"],"picked":"SKIP","floor":27},{"not_picked":["Uppercut","Sentinel"],"picked":"Battle Trance+1","floor":31}],"player_experience":71398,"relics_obtained":[{"floor":6,"key":"Blood Vial"},{"floor":9,"key":"Centennial Puzzle"},{"floor":12,"key":"Dodecahedron"},{"floor":26,"key":"Oddly Smooth Stone"},{"floor":27,"key":"Happy Flower"},{"floor":31,"key":"Boot"}],"event_choices":[{"event_name":"World of Goop","player_choice":"Gather Gold","floor":5,"damage_taken":0},{"event_name":"Purifier","player_choice":"One Purge","floor":25,"damage_taken":0},{"event_name":"Ghosts","player_choice":"Ignored","floor":28,"damage_taken":0},{"event_name":"Beggar","player_choice":"Gave Gold","floor":30,"damage_taken":0}],"is_beta":false,"boss_relics":[{"not_picked":["Ectoplasm","Black Blood"],"picked":"Mark of Pain"}],"items_purged_floors":[2],"is_endless":false,"potions_floor_spawned":[3,4,6,7,11,13,14,18,21,24,31],"killed_by":"Automaton","ascension_level":0}