{"gold_per_floor":[113,113,129,129,6,40,40,51,51,65,65,99,99,112,112,183,183,136,136,136,36,48,48,79,90,90,90,110,22,39,51,51,124,124,142,67,67,167,179,205,215,215,215,0,12,42,54,80,92,104,116],"floor_reached":51,"playtime":2484,"items_purged":["Strike_B+1"],"score":1389,"play_id":"e74c75cf-2c36-4ac4-9f61-2c44cf1bbf56","local_time":"20190219163200","is_ascension_mode":true,"campfire_choices":[{"floor":7.0,"key":"REST"},{"data":"Sunder","floor":11.0,"key":"SMITH"},{"data":"Capacitor","floor":13.0,"key":"SMITH"},{"data":"Barrage","floor":15.0,"key":"SMITH"},{"data":"Blind","floor":23.0,"key":"SMITH"},{"floor":27.0,"key":"REST"},{"data":"Reinforced Body","floor":32.0,"key":"SMITH"},{"floor":42.0,"key":"REST"},{"floor":47.0,"key":"REST"},{"floor":49.0,"key":"REST"}],"neow_cost":"PERCENT_DAMAGE","seed_source_timestamp":2355302687846209,"circlet_count":0,"master_deck":["AscendersBane","Strike_B+1","Strike_B+1","Defend_B+1","Defend_B+1","Defend_B+1","Defend_B+1","Zap+1","Dualcast","Cold Snap","Leap","Glacier","Capacitor+1","Barrage+1","Biased Cognition","Tempest","Blind+1","All For One","FTL","Gash","Reinforced Body+1","Core Surge","Gash","Hologram","Parasite","Undo"],"special_seed":0,"relics":["Cracked Core","Symbiotic Virus","PreservedInsect","Pear","Velvet Choker","Art of War","Mummified Hand","Fusion Hammer","Incense Burner","Orichalcum","MawBank","Red Mask"],"potions_floor_usage":[50],"damage_taken":[{"damage":2.0,"enemies":"2 Louse","floor":1.0,"turns":3.0},{"damage":2.0,"enemies":"Jaw Worm","floor":3.0,"turns":3.0},{"damage":35.0,"enemies":"Gremlin Nob","floor":6.0,"turns":6.0},{"damage":0.0,"enemies":"Cultist","floor":8.0,"turns":2.0},{"damage":0.0,"enemies":"Looter","floor":10.0,"turns":3.0},{"damage":3.0,"enemies":"3 Sentries","floor":12.0,"turns":4.0},{"damage":1.0,"enemies":"Exordium Wildlife","floor":14.0,"turns":3.0},{"damage":32.0,"enemies":"Slime Boss","floor":16.0,"turns":8.0},{"damage":20.0,"enemies":"2 Thieves","floor":18.0,"turns":5.0},{"damage":0.0,"enemies":"Chosen","floor":22.0,"turns":3.0},{"damage":0.0,"enemies":"Book of Stabbing","floor":24.0,"turns":5.0},{"damage":7.0,"enemies":"Snake Plant","floor":25.0,"turns":4.0},{"damage":4.0,"enemies":"Chosen and Byrds","floor":28.0,"turns":4.0},{"damage":0.0,"enemies":"Centurion and Healer","floor":30.0,"turns":4.0},{"damage":11.0,"enemies":"Sentry and Sphere","floor":31.0,"turns":3.0},{"damage":30.0,"enemies":"Collector","floor":33.0,"turns":12.0},{"damage":1.0,"enemies":"3 Shapes","floor":35.0,"turns":5.0},{"damage":0.0,"enemies":"Mind Bloom Boss Battle","floor":38.0,"turns":8.0},{"damage":16.0,"enemies":"3 Darklings","floor":39.0,"turns":5.0},{"damage":27.0,"enemies":"Giant Head","floor":40.0,"turns":8.0},{"damage":12.0,"enemies":"Sphere and 2 Shapes","floor":41.0,"turns":5.0},{"damage":0.0,"enemies":"Spire Growth","floor":46.0,"turns":5.0},{"damage":16.0,"enemies":"Writhing Mass","floor":48.0,"turns":12.0},{"damage":39,"enemies":"Donu and Deca","floor":50,"turns":21},{"damage":51,"enemies":"Time Eater","floor":51,"turns":5}],"seed_played":"1408048368597712961","potions_obtained":[{"floor":3.0,"key":"Poison Potion"},{"floor":6.0,"key":"Ancient Potion"},{"floor":8.0,"key":"Poison Potion"},{"floor":18.0,"key":"FocusPotion"},{"floor":38.0,"key":"Weak Potion"},{"floor":46.0,"key":"PowerPotion"}],"is_trial":false,"path_per_floor":["M","?","M","?","$","E","R","M","T","M","R","E","R","M","R","B",null,"M","?","?","$","M","R","E","M","T","R","M","$","M","M","R","B",null,"M","$","?","?","M","E","M","R","T","?","?","M","R","M","R","B","B"],"character_chosen":"DEFECT","items_purchased":["Glacier","Capacitor","Blind","FTL"],"campfire_rested":5,"item_purchase_floors":[5,5,21,29],"current_hp_per_floor":[58,51,49,49,49,14,39,39,39,39,39,46,46,45,45,13,75,55,55,55,55,55,55,55,48,48,76,72,72,72,61,61,31,79,78,78,78,78,62,35,23,50,50,50,50,50,77,61,88,49,0],"gold":116,"neow_bonus":"TWENTY_PERCENT_HP_BONUS","is_prod":false,"is_daily":false,"chose_seed":false,"campfire_upgraded":5,"win_rate":0,"timestamp":1550561520,"path_taken":["M","?","M","?","$","E","R","M","T","?","R","E","R","M","R","BOSS","M","?","?","?","M","R","E","M","T","R","M","$","M","M","R","BOSS","M","?","?","?","M","E","?","R","T","?","?","M","R","M","R","BOSS","BOSS"],"build_version":"2019-01-23","purchased_purges":1,"victory":false,"max_hp_per_floor":[85,85,85,85,85,85,85,85,85,85,85,95,95,95,95,95,95,95,95,95,95,95,95,95,95,95,95,95,95,95,95,95,95,95,95,95,90,90,90,90,90,90,90,90,90,90,90,90,90,90,90],"card_choices":[{"not_picked":["Compile Driver","Conserve Battery"],"picked":"Cold Snap","floor":1.0},{"not_picked":["Skim","Gash"],"picked":"Leap","floor":3.0},{"not_picked":["Rainbow","Rebound","Stack"],"picked":"SKIP","floor":6.0},{"not_picked":["Leap","Rebound","Chaos"],"picked":"SKIP","floor":8.0},{"not_picked":["Rip and Tear","Auto Shields"],"picked":"Sunder","floor":10.0},{"not_picked":["Redo","Reprogram","Cold Snap"],"picked":"SKIP","floor":12.0},{"not_picked":["Ball Lightning","Conserve Battery"],"picked":"Barrage","floor":14.0},{"not_picked":["Buffer","Rainbow"],"picked":"Biased Cognition","floor":16.0},{"not_picked":["Sweeping Beam+1","White Noise"],"picked":"Tempest","floor":18.0},{"not_picked":["Steam","Scrape","Heatsinks+1"],"picked":"SKIP","floor":22.0},{"not_picked":["Self Repair","Double Energy"],"picked":"All For One","floor":24.0},{"not_picked":["Rebound","Barrage","Streamline"],"picked":"SKIP","floor":25.0},{"not_picked":["BootSequence","Hello World","Sweeping Beam+1"],"picked":"SKIP","floor":28.0},{"not_picked":["Reprogram","Leap"],"picked":"Gash","floor":30.0},{"not_picked":["Gash","Beam Cell"],"picked":"Reinforced Body","floor":31.0},{"not_picked":["Biased Cognition","Buffer"],"picked":"Core Surge","floor":33.0},{"not_picked":["Conserve Battery","Blizzard+1","Force Field"],"picked":"SKIP","floor":35.0},{"not_picked":["Turbo","Streamline","Biased Cognition"],"picked":"SKIP","floor":39.0},{"not_picked":["Loop","Machine Learning"],"picked":"Gash","floor":40.0},{"not_picked":["Beam Cell","Sweeping Beam","Reinforced Body"],"picked":"SKIP","floor":41.0},{"not_picked":["Double Energy+1","Go for the Eyes"],"picked":"Hologram","floor":46.0},{"not_picked":["Blizzard+1","Turbo"],"picked":"Undo","floor":48.0}],"player_experience":568428,"relics_obtained":[{"floor":6.0,"key":"Symbiotic Virus"},{"floor":9.0,"key":"PreservedInsect"},{"floor":12.0,"key":"Pear"},{"floor":24.0,"key":"Art of War"},{"floor":26.0,"key":"Mummified Hand"},{"floor":38.0,"key":"Incense Burner"},{"floor":40.0,"key":"Orichalcum"},{"floor":43.0,"key":"MawBank"}],"event_choices":[{"cards_removed":["Strike_B"],"damage_healed":0.0,"max_hp_gain":0.0,"max_hp_loss":0.0,"gold_gain":0.0,"event_name":"Golden Wing","player_choice":"Card Removal","floor":2.0,"gold_loss":0.0,"damage_taken":7.0},{"damage_healed":0.0,"max_hp_gain":0.0,"max_hp_loss":0.0,"gold_gain":0.0,"event_name":"Upgrade Shrine","player_choice":"Upgraded","floor":4.0,"gold_loss":0.0,"damage_taken":0.0,"cards_upgraded":["Zap"]},{"damage_healed":0.0,"max_hp_gain":0.0,"max_hp_loss":0.0,"gold_gain":0.0,"event_name":"Back to Basics","player_choice":"Simplicity","floor":19.0,"gold_loss":0.0,"damage_taken":0.0,"cards_upgraded":["Strike_B","Strike_B","Strike_B","Defend_B","Defend_B","Defend_B","Defend_B"]},{"damage_healed":0.0,"max_hp_gain":0.0,"max_hp_loss":0.0,"gold_gain":0.0,"event_name":"Ghosts","player_choice":"Ignored","floor":20.0,"gold_loss":0.0,"damage_taken":0.0},{"damage_healed":0.0,"max_hp_gain":0.0,"max_hp_loss":5.0,"gold_gain":0.0,"event_name":"Winding Halls","player_choice":"Max HP","floor":37.0,"gold_loss":0.0,"damage_taken":0.0},{"damage_healed":0.0,"max_hp_gain":0.0,"max_hp_loss":0.0,"gold_gain":0.0,"event_name":"MindBloom","player_choice":"Fight","floor":38.0,"gold_loss":0.0,"damage_taken":0.0},{"damage_healed":0.0,"max_hp_gain":0.0,"max_hp_loss":0.0,"gold_gain":0.0,"event_name":"Tomb of Lord Red Mask","player_choice":"Paid","floor":44.0,"gold_loss":227.0,"damage_taken":0.0,"relics_obtained":["Red Mask"]},{"cards_removed":["Sunder"],"damage_healed":0.0,"max_hp_gain":0.0,"max_hp_loss":0.0,"gold_gain":0.0,"event_name":"Falling","player_choice":"Removed Attack","floor":45.0,"gold_loss":0.0,"damage_taken":0.0}],"is_beta":false,"boss_relics":[{"not_picked":["Philosopher\u0027s Stone","Busted Crown"],"picked":"Velvet Choker"},{"not_picked":["Lizard Tail","Astrolabe"],"picked":"Fusion Hammer"}],"items_purged_floors":[36],"is_endless":false,"potions_floor_spawned":[3,6,8,14,18,22,24,31,38,46],"killed_by":"Time Eater","ascension_level":20}