{"gold_per_floor":[217,30,40,51,62,62,93,107,107,21,37,37,53,83,83,157,157,170,188,30,40,52,52,67,96,146,146,71,71,105,105,105,179,179,199,199,199,215,215,215,249,267,344,78,78],"floor_reached":45,"playtime":4563,"items_purged":[],"score":1016,"play_id":"b8dcdbd0-6eda-41a3-aeab-7118ca6cb47e","local_time":"20190225185410","is_ascension_mode":true,"campfire_choices":[{"data":"Streamline","floor":6.0,"key":"SMITH"},{"floor":12.0,"key":"REST"},{"floor":15.0,"key":"REST"},{"floor":23.0,"key":"REST"},{"data":"Coolheaded","floor":27.0,"key":"SMITH"},{"floor":29.0,"key":"REST"},{"data":"Buffer","floor":32.0,"key":"SMITH"},{"data":"Coolheaded","floor":40.0,"key":"SMITH"}],"neow_cost":"NONE","seed_source_timestamp":0,"circlet_count":0,"master_deck":["AscendersBane","Defend_B","Defend_B","Defend_B","Defend_B","Zap","Dualcast","Streamline+1","Steam","Stack","Genetic Algorithm","Ball Lightning","Capacitor","Coolheaded+1","Buffer+1","Cold Snap","Ball Lightning+1","Leap","Reinforced Body","Defragment+1","Cold Snap","Conserve Battery","Electrodynamics","Cold Snap+1","Bite+1","Bite+1","Bite+1","Bite+1","Bite+1","Seek","Go for the Eyes+1","Conserve Battery+1","Sunder+1","Coolheaded+1","Mind Blast+1","Coolheaded","Sweeping Beam+1","Static Discharge"],"special_seed":0,"relics":["Cracked Core","Anchor","Mercury Hourglass","Mango","Prayer Wheel","Velvet Choker","PreservedInsect","Turnip","Molten Egg 2","Eternal Feather","Pear","Singing Bowl","Cables"],"potions_floor_usage":[41],"damage_taken":[{"damage":1.0,"enemies":"Cultist","floor":1.0,"turns":3.0},{"damage":0.0,"enemies":"Small Slimes","floor":3.0,"turns":2.0},{"damage":0.0,"enemies":"Jaw Worm","floor":4.0,"turns":2.0},{"damage":1.0,"enemies":"Looter","floor":5.0,"turns":3.0},{"damage":57.0,"enemies":"Gremlin Nob","floor":7.0,"turns":5.0},{"damage":7.0,"enemies":"Blue Slaver","floor":8.0,"turns":3.0},{"damage":0.0,"enemies":"Exordium Wildlife","floor":11.0,"turns":3.0},{"damage":0.0,"enemies":"2 Fungi Beasts","floor":13.0,"turns":2.0},{"damage":24.0,"enemies":"Lagavulin","floor":14.0,"turns":5.0},{"damage":22.0,"enemies":"Slime Boss","floor":16.0,"turns":8.0},{"damage":13.0,"enemies":"Shell Parasite","floor":18.0,"turns":5.0},{"damage":10.0,"enemies":"Chosen","floor":19.0,"turns":5.0},{"damage":0.0,"enemies":"Snecko","floor":21.0,"turns":7.0},{"damage":23.0,"enemies":"Snake Plant","floor":22.0,"turns":5.0},{"damage":6.0,"enemies":"Shelled Parasite and Fungi","floor":24.0,"turns":6.0},{"damage":1.0,"enemies":"Gremlin Leader","floor":25.0,"turns":6.0},{"damage":14.0,"enemies":"Book of Stabbing","floor":30.0,"turns":4.0},{"damage":59.0,"enemies":"Automaton","floor":33.0,"turns":11.0},{"damage":0.0,"enemies":"Orb Walker","floor":35.0,"turns":4.0},{"damage":22.0,"enemies":"3 Darklings","floor":38.0,"turns":6.0},{"damage":40,"enemies":"Reptomancer","floor":41,"turns":6},{"damage":29,"enemies":"Spire Growth","floor":42,"turns":7},{"damage":82,"enemies":"Giant Head","floor":45,"turns":7}],"seed_played":"8912666584725988096","potions_obtained":[{"floor":3.0,"key":"Regen Potion"},{"floor":8.0,"key":"SpeedPotion"},{"floor":11.0,"key":"SmokeBomb"},{"floor":16.0,"key":"Swift Potion"},{"floor":25.0,"key":"FocusPotion"},{"floor":35.0,"key":"Strength Potion"}],"is_trial":false,"path_per_floor":["M","$","M","M","M","R","E","M","T","$","M","R","M","E","R","B",null,"M","M","$","M","M","R","M","E","T","R","?","R","E","?","R","B",null,"M","?","$","M","?","R","E","M","T","$","E"],"character_chosen":"DEFECT","items_purchased":["Anchor","Streamline","Capacitor","Coolheaded","PreservedInsect","Cables"],"campfire_rested":4,"item_purchase_floors":[2,2,10,10,20,44],"current_hp_per_floor":[63,63,63,63,62,62,19,12,26,26,26,51,51,27,52,30,71,58,48,48,48,25,50,44,43,43,43,43,68,56,56,56,27,71,80,80,80,70,60,81,57,40,40,40,0],"gold":78,"neow_bonus":"HUNDRED_GOLD","is_prod":false,"is_daily":false,"chose_seed":false,"campfire_upgraded":4,"win_rate":0,"timestamp":1551142450,"path_taken":["M","$","M","M","?","R","E","M","T","$","?","R","M","E","R","BOSS","M","?","$","M","M","R","?","E","T","R","?","R","E","?","R","BOSS","M","?","$","M","?","R","E","M","T","$","E"],"build_version":"2019-01-23","purchased_purges":0,"victory":false,"max_hp_per_floor":[71,71,71,71,71,71,71,71,85,85,85,85,85,85,85,85,85,85,85,85,85,85,85,85,85,85,85,85,85,85,85,85,85,85,85,85,85,85,85,85,95,95,95,95,95],"card_choices":[{"not_picked":["Sweeping Beam","Tempest"],"picked":"Rebound","floor":1.0},{"not_picked":["Turbo","Heatsinks"],"picked":"Steam","floor":3.0},{"not_picked":["Sweeping Beam","Streamline"],"picked":"Gash","floor":4.0},{"not_picked":["Hologram","Streamline"],"picked":"Stack","floor":5.0},{"not_picked":["Thunder Strike","White Noise"],"picked":"Genetic Algorithm","floor":7.0},{"not_picked":["Steam","Sweeping Beam"],"picked":"Ball Lightning","floor":8.0},{"not_picked":["Stack","Streamline","Rebound"],"picked":"SKIP","floor":11.0},{"not_picked":["Compile Driver","Steam"],"picked":"Buffer","floor":13.0},{"not_picked":["Creative AI","Streamline"],"picked":"Cold Snap","floor":14.0},{"not_picked":["Beam Cell","Hello World"],"picked":"Ball Lightning+1","floor":18.0},{"not_picked":["Reprogram","Turbo","Force Field"],"picked":"SKIP","floor":18.0},{"not_picked":["Ball Lightning","Turbo"],"picked":"Leap","floor":19.0},{"not_picked":["Rebound","Beam Cell"],"picked":"Reinforced Body","floor":19.0},{"not_picked":["Go for the Eyes","Rebound","Steam"],"picked":"SKIP","floor":21.0},{"not_picked":["Sweeping Beam","Go for the Eyes","White Noise"],"picked":"SKIP","floor":21.0},{"not_picked":["Cold Snap","FTL"],"picked":"Defragment+1","floor":22.0},{"not_picked":["Blizzard","Aggregate"],"picked":"Cold Snap","floor":22.0},{"not_picked":["White Noise","Compile Driver"],"picked":"Conserve Battery","floor":24.0},{"not_picked":["Sweeping Beam","Force Field","Gash"],"picked":"SKIP","floor":24.0},{"not_picked":["Stack","Force Field"],"picked":"Electrodynamics","floor":25.0},{"not_picked":["Amplify","Hologram"],"picked":"Cold Snap","floor":30.0},{"not_picked":["Machine Learning","Electrodynamics"],"picked":"Seek","floor":33.0},{"not_picked":["Hologram","Coolheaded"],"picked":"Go for the Eyes+1","floor":35.0},{"not_picked":["Storm+1","Leap+1"],"picked":"Conserve Battery+1","floor":35.0},{"not_picked":["FTL+1","Steam"],"picked":"Sunder+1","floor":38.0},{"not_picked":["Conserve Battery+1","Leap+1"],"picked":"Coolheaded","floor":38.0},{"not_picked":["Secret Technique","Deep Breath"],"picked":"Mind Blast+1","floor":39.0},{"not_picked":["Hologram","Thunder Strike+1"],"picked":"Coolheaded","floor":41},{"not_picked":["Redo","Leap+1"],"picked":"Sweeping Beam+1","floor":42},{"not_picked":["Turbo","Skim"],"picked":"Static Discharge","floor":42}],"player_experience":530521,"relics_obtained":[{"floor":7.0,"key":"Mercury Hourglass"},{"floor":9.0,"key":"Mango"},{"floor":14.0,"key":"Prayer Wheel"},{"floor":25.0,"key":"Turnip"},{"floor":26.0,"key":"Blood Vial"},{"floor":30.0,"key":"Molten Egg 2"},{"floor":41,"key":"Pear"},{"floor":43,"key":"Singing Bowl"}],"event_choices":[{"cards_removed":["Gash"],"damage_healed":0.0,"max_hp_gain":0.0,"max_hp_loss":0.0,"gold_gain":0.0,"event_name":"Beggar","player_choice":"Gave Gold","floor":28.0,"gold_loss":75.0,"damage_taken":0.0},{"damage_healed":0.0,"max_hp_gain":0.0,"max_hp_loss":0.0,"gold_gain":0.0,"event_name":"Vampires","player_choice":"Became a vampire (Vial)","floor":31.0,"relics_lost":["Blood Vial"],"gold_loss":0.0,"damage_taken":0.0,"cards_obtained":["Bite","Bite","Bite","Bite","Bite"]},{"cards_removed":["Rebound"],"damage_healed":0.0,"max_hp_gain":0.0,"max_hp_loss":0.0,"gold_gain":0.0,"event_name":"Falling","player_choice":"Removed Attack","floor":36.0,"gold_loss":0.0,"damage_taken":0.0},{"damage_healed":0.0,"max_hp_gain":0.0,"max_hp_loss":0.0,"gold_gain":0.0,"event_name":"SensoryStone","player_choice":"Memory 3","floor":39.0,"gold_loss":0.0,"damage_taken":10.0}],"is_beta":false,"boss_relics":[{"not_picked":["Runic Pyramid","Tiny House"],"picked":"Velvet Choker"},{"not_picked":["Astrolabe","Black Star"],"picked":"Eternal Feather"}],"items_purged_floors":[],"is_endless":false,"potions_floor_spawned":[3,8,11,16,19,21,25,35],"killed_by":"Giant Head","ascension_level":18}