{"gold_per_floor":[111,160,45,220,239,265,265,284,310,310,367,194,229,241,241,336,336,351,363,363,363,59,59,94,94,121,121,220,233,244,259,259,356,356,371,126,146,146,146,146,246,264,264,264,264,284,284,309,309,309],"floor_reached":51,"playtime":3698,"items_purged":["Strike_B","Doubt","Writhe"],"score":951,"play_id":"1140f8bd-2a5d-41c4-95e6-89a67e75c5b8","local_time":"20180711001202","is_ascension_mode":false,"campfire_choices":[{"data":"Creative AI","floor":7,"key":"SMITH"},{"data":"Storm","floor":10,"key":"SMITH"},{"floor":15,"key":"REST"},{"floor":23,"key":"REST"},{"data":"Loop","floor":25,"key":"SMITH"},{"data":"Static Discharge","floor":27,"key":"SMITH"},{"floor":32,"key":"REST"},{"floor":40,"key":"REST"},{"data":"Biased Cognition","floor":44,"key":"SMITH"},{"floor":49,"key":"REST"}],"neow_cost":"NONE","seed_source_timestamp":14768174259397,"circlet_count":0,"master_deck":["Strike_B","Strike_B","Strike_B","Defend_B","Defend_B","Defend_B","Defend_B","Zap","Dualcast","Rebound","Storm+1","Sweeping Beam","Creative AI+1","White Noise+1","Sunder","Genetic Algorithm+1","Multi-Cast+1","Loop+1","Amplify+1","Doom and Gloom","Storm+1","Static Discharge+1","Reinforced Body+1","Biased Cognition+1"],"relics":["Cracked Core","NeowsBlessing","Ancient Tea Set","Toxic Egg 2","Juzu Bracelet","Gremlin Horn","Lantern","Busted Crown","Pen Nib","Orichalcum","Potion Belt","Bag of Marbles","White Beast Statue","Mummified Hand","Pear","Gambling Chip","Mango"],"potions_floor_usage":[16,50,50,50,50,50],"damage_taken":[{"damage":0,"enemies":"Cultist","floor":1,"turns":1},{"damage":0,"enemies":"Small Slimes","floor":5,"turns":1},{"damage":0,"enemies":"Lagavulin","floor":6,"turns":1},{"damage":1,"enemies":"Jaw Worm","floor":8,"turns":3},{"damage":24,"enemies":"Lagavulin Event","floor":11,"turns":4},{"damage":26,"enemies":"3 Sentries","floor":13,"turns":6},{"damage":9,"enemies":"2 Fungi Beasts","floor":14,"turns":3},{"damage":56,"enemies":"Hexaghost","floor":16,"turns":10},{"damage":17,"enemies":"Shell Parasite","floor":18,"turns":4},{"damage":0,"enemies":"3 Byrds","floor":19,"turns":4},{"damage":0,"enemies":"Gremlin Leader","floor":24,"turns":5},{"damage":14,"enemies":"Snecko","floor":29,"turns":4},{"damage":0,"enemies":"Snake Plant","floor":30,"turns":2},{"damage":18,"enemies":"Slaver and Parasite","floor":31,"turns":3},{"damage":64,"enemies":"Collector","floor":33,"turns":6},{"damage":4,"enemies":"Orb Walker","floor":35,"turns":3},{"damage":18,"enemies":"3 Darklings","floor":37,"turns":3},{"damage":19,"enemies":"Maw","floor":42,"turns":3},{"damage":17,"enemies":"Sphere and 2 Shapes","floor":46,"turns":4},{"damage":4,"floor":47,"turns":2},{"damage":13,"enemies":"Nemesis","floor":48,"turns":3},{"damage":32,"enemies":"Time Eater","floor":50,"turns":6}],"seed_played":"2773142279700721164","potions_obtained":[{"floor":1,"key":"SteroidPotion"},{"floor":13,"key":"Ancient Potion"},{"floor":14,"key":"Regen Potion"},{"floor":18,"key":"AttackPotion"},{"floor":29,"key":"LiquidBronze"},{"floor":31,"key":"FocusPotion"},{"floor":35,"key":"Fire Potion"},{"floor":37,"key":"Fire Potion"},{"floor":42,"key":"FocusPotion"}],"is_trial":false,"path_per_floor":["M","T","$","?","M","E","R","M","T","R","?","$","E","M","R","B",null,"M","M","?","?","$","R","E","R","T","R","?","M","M","M","R","B",null,"M","$","M","$","?","R","?","M","T","R","?","M","?","E","R","B"],"character_chosen":"DEFECT","items_purchased":["Storm","Genetic Algorithm+1","Static Discharge","Orichalcum","Mummified Hand"],"campfire_rested":5,"item_purchase_floors":[3,12,22,22,36],"current_hp_per_floor":[75,75,75,75,75,75,75,74,74,74,50,50,31,22,44,3,75,58,58,58,58,58,75,75,75,75,75,75,61,61,43,65,8,75,71,71,53,53,53,75,75,56,66,66,66,49,45,46,75,43],"gold":309,"neow_bonus":"THREE_ENEMY_KILL","is_prod":false,"is_daily":false,"chose_seed":false,"campfire_upgraded":5,"win_rate":0,"timestamp":1531293122,"path_taken":["M","?","?","?","?","E","R","?","T","R","?","$","E","M","R","BOSS","M","M","?","?","$","R","E","R","T","R","?","M","M","M","R","BOSS","M","$","M","?","?","R","?","M","T","R","?","M","?","E","R","BOSS"],"build_version":"2018-07-05","purchased_purges":3,"victory":true,"max_hp_per_floor":[75,75,75,75,75,75,75,75,75,75,75,75,75,75,75,75,75,75,75,75,75,75,75,75,75,75,75,75,75,75,75,75,75,75,75,75,75,75,75,75,75,75,85,85,85,85,85,99,99,99],"card_choices":[{"not_picked":["Aggregate","Double Energy"],"picked":"Rebound","floor":1},{"not_picked":["Darkness","Coolheaded"],"picked":"Sweeping Beam","floor":5},{"not_picked":["Steam","Coolheaded"],"picked":"Creative AI","floor":6},{"not_picked":["Gash","Streamline"],"picked":"White Noise+1","floor":8},{"not_picked":["Barrage","FTL"],"picked":"Sunder","floor":11},{"not_picked":["Go for the Eyes","Redo+1"],"picked":"Multi-Cast+1","floor":13},{"not_picked":["Steam+1","Barrage"],"picked":"Loop","floor":14},{"not_picked":["Multi-Cast+1","All For One"],"picked":"Amplify+1","floor":16},{"not_picked":[],"picked":"Doom and Gloom","floor":18},{"not_picked":["Gash"],"picked":"SKIP","floor":19},{"not_picked":["Cold Snap"],"picked":"SKIP","floor":24},{"not_picked":["Go for the Eyes"],"picked":"SKIP","floor":29},{"not_picked":[],"picked":"Reinforced Body+1","floor":30},{"not_picked":["Hologram+1"],"picked":"SKIP","floor":31},{"not_picked":[],"picked":"Biased Cognition","floor":33},{"not_picked":["Cold Snap"],"picked":"SKIP","floor":35},{"not_picked":["Barrage"],"picked":"SKIP","floor":37},{"not_picked":["Beam Cell+1"],"picked":"SKIP","floor":42},{"not_picked":["Beam Cell+1"],"picked":"SKIP","floor":46},{"not_picked":["Rebound"],"picked":"SKIP","floor":48}],"player_experience":20025,"relics_obtained":[{"floor":2,"key":"Ancient Tea Set"},{"floor":6,"key":"Toxic Egg 2"},{"floor":9,"key":"Juzu Bracelet"},{"floor":11,"key":"Gremlin Horn"},{"floor":13,"key":"Lantern"},{"floor":24,"key":"Potion Belt"},{"floor":26,"key":"Bag of Marbles"},{"floor":43,"key":"Pear"},{"floor":47,"key":"Gambling Chip"},{"floor":48,"key":"Mango"}],"event_choices":[{"event_name":"Liars Game","player_choice":"agreed","floor":4,"damage_taken":0},{"event_name":"Dead Adventurer","player_choice":"Searched \u00272\u0027 times","floor":11,"damage_taken":0},{"event_name":"Duplicator","player_choice":"One dupe","floor":20,"damage_taken":0},{"event_name":"The Mausoleum","player_choice":"Yes","floor":21,"damage_taken":0},{"event_name":"Nest","player_choice":"Stole From Cult","floor":28,"damage_taken":0},{"event_name":"FaceTrader","player_choice":"Leave","floor":39,"damage_taken":0},{"event_name":"Golden Shrine","player_choice":"Pray","floor":41,"damage_taken":0},{"event_name":"SensoryStone","player_choice":"Memory 1","floor":45,"damage_taken":0},{"event_name":"MindBloom","player_choice":"Fight","floor":47,"damage_taken":0}],"boss_relics":[{"not_picked":["Runic Dome","Orrery"],"picked":"Busted Crown"},{"not_picked":["Coffee Dripper","Eternal Feather"],"picked":"White Beast Statue"}],"items_purged_floors":[3,12,22],"is_endless":false,"potions_floor_spawned":[1,11,13,14,18,29,31,35,37,42,46,47,48],"ascension_level":0}