{"gold_per_floor":[119,119,136,151,72,72,90,90,117,151,170,125,125,142,142,240,240,240],"floor_reached":18,"playtime":3588,"items_purged":[],"score":162,"play_id":"ea9449f8-bfba-46b1-a48d-871da47fc8d5","local_time":"20180926043109","is_ascension_mode":false,"campfire_choices":[{"data":"Neutralize","floor":6,"key":"SMITH"},{"data":"Footwork","floor":13,"key":"SMITH"},{"floor":15,"key":"REST"}],"neow_cost":"","seed_source_timestamp":63282894099389,"circlet_count":0,"master_deck":["Defend_G+1","Defend_G","Defend_G+1","Defend_G","Defend_G","Strike_G","Strike_G","Strike_G","Survivor","Neutralize+1","Outmaneuver","Well Laid Plans","Escape Plan","After Image","Footwork+1","Acrobatics","Venomology"],"relics":["Ring of the Snake","War Paint","Anchor","Cursed Key"],"potions_floor_usage":[16,16,16],"damage_taken":[{"damage":0,"enemies":"2 Louse","floor":1,"turns":3},{"damage":2,"enemies":"Cultist","floor":3,"turns":5},{"damage":0,"enemies":"Small Slimes","floor":4,"turns":6},{"damage":4,"enemies":"3 Louse","floor":7,"turns":6},{"damage":11,"enemies":"3 Sentries","floor":10,"turns":19},{"damage":1,"enemies":"Exordium Wildlife","floor":11,"turns":10},{"damage":0,"enemies":"Looter","floor":12,"turns":5},{"damage":0,"enemies":"2 Fungi Beasts","floor":14,"turns":6},{"damage":40,"enemies":"Slime Boss","floor":16,"turns":31},{"damage":0,"enemies":"3 Byrds","floor":18,"turns":2}],"seed_played":"566164775748995429","potions_obtained":[{"floor":3,"key":"LiquidBronze"},{"floor":4,"key":"Fire Potion"},{"floor":14,"key":"AttackPotion"},{"floor":16,"key":"FearPotion"}],"is_trial":false,"path_per_floor":["M","?","M","M","$","R","M","?","T","E","M","M","R","M","R","B",null],"character_chosen":"THE_SILENT","items_purchased":["Escape Plan"],"campfire_rested":1,"item_purchase_floors":[5],"current_hp_per_floor":[70,70,68,68,68,68,64,57,57,46,45,45,45,45,66,26,70,70],"gold":240,"neow_bonus":"","is_prod":false,"is_daily":false,"chose_seed":false,"campfire_upgraded":2,"win_rate":0.0,"timestamp":1537925469,"path_taken":["M","?","M","M","$","R","M","?","T","E","M","M","R","M","R","BOSS","M"],"build_version":"2018-09-20","purchased_purges":0,"victory":false,"max_hp_per_floor":[70,70,70,70,70,70,70,70,70,70,70,70,70,70,70,70,70,70],"card_choices":[{"not_picked":["PiercingWail","Sucker Punch"],"picked":"Outmaneuver","floor":1},{"not_picked":["Outmaneuver","Blade Dance","Dagger Spray"],"picked":"SKIP","floor":3},{"not_picked":["Sucker Punch","Dagger Spray"],"picked":"Well Laid Plans","floor":4},{"not_picked":["Sucker Punch","Finisher"],"picked":"After Image","floor":7},{"not_picked":["Bane","Blade Dance","Burst"],"picked":"SKIP","floor":10},{"not_picked":["Riddle With Holes","Backstab"],"picked":"Footwork","floor":11},{"not_picked":["All Out Attack","Dodge and Roll"],"picked":"Acrobatics","floor":12},{"not_picked":["Blade Dance","Terror","Outmaneuver"],"picked":"SKIP","floor":14},{"not_picked":["Die Die Die","Phantasmal Killer"],"picked":"Venomology","floor":16}],"player_experience":100809,"relics_obtained":[{"floor":9,"key":"War Paint"},{"floor":10,"key":"Anchor"}],"event_choices":[{"event_name":"Bonfire Elementals","player_choice":"BASIC","floor":2,"damage_taken":0},{"event_name":"Golden Wing","player_choice":"Card Removal","floor":8,"damage_taken":0}],"is_beta":false,"boss_relics":[{"not_picked":["Snecko Eye","White Beast Statue"],"picked":"Cursed Key"}],"items_purged_floors":[],"is_endless":false,"potions_floor_spawned":[3,4,14,16],"killed_by":"3 Byrds","ascension_level":0}