{"gold_per_floor":[116,116,142,156,168,168,198,273,273,290,290,290,308,325,325,325],"floor_reached":16,"playtime":563,"items_purged":[],"score":189,"play_id":"b88a63b2-18cf-408a-8e14-91b0ae65134d","local_time":"20190308214940","is_ascension_mode":true,"campfire_choices":[{"data":"Bash","floor":6,"key":"SMITH"},{"data":"Clash","floor":15,"key":"SMITH"}],"neow_cost":"NONE","seed_source_timestamp":424634052643555,"circlet_count":0,"master_deck":["AscendersBane","Strike_R","Strike_R","Strike_R","Defend_R","Defend_R","Defend_R","Defend_R","Bash+1","Feel No Pain","Shrug It Off","Iron Wave","Clash+1","Shrug It Off","Parasite","Anger","Metallicize"],"relics":["Empty Cage","Ancient Tea Set","Meat on the Bone","Pantograph"],"potions_floor_usage":[7,16,16],"damage_taken":[{"damage":9,"enemies":"Jaw Worm","floor":1,"turns":4},{"damage":12,"enemies":"Small Slimes","floor":4,"turns":5},{"damage":0,"enemies":"2 Louse","floor":5,"turns":4},{"damage":31,"enemies":"Lagavulin","floor":7,"turns":8},{"damage":3,"enemies":"2 Fungi Beasts","floor":10,"turns":5},{"damage":3,"enemies":"Blue Slaver","floor":13,"turns":7},{"damage":16,"enemies":"Large Slime","floor":14,"turns":7},{"damage":69,"enemies":"Hexaghost","floor":16,"turns":14}],"seed_played":"1047633376307085897","potions_obtained":[{"floor":4,"key":"Poison Potion"},{"floor":13,"key":"AttackPotion"},{"floor":14,"key":"Swift Potion"}],"is_trial":false,"path_per_floor":["M","?","T","M","M","R","E","?","T","M","?","?","M","M","R","B"],"character_chosen":"IRONCLAD","items_purchased":[],"campfire_rested":0,"item_purchase_floors":[],"current_hp_per_floor":[59,59,59,47,47,47,16,5,5,14,14,32,41,37,37,0],"gold":325,"neow_bonus":"BOSS_RELIC","is_prod":false,"is_daily":false,"chose_seed":false,"campfire_upgraded":2,"win_rate":0,"timestamp":1552099780,"path_taken":["M","?","?","M","M","R","E","?","T","M","?","?","M","M","R","BOSS"],"build_version":"2019-01-23","purchased_purges":0,"victory":false,"max_hp_per_floor":[75,75,75,75,75,75,75,75,75,75,75,75,75,75,75,75],"card_choices":[{"not_picked":["Flex","Thunderclap"],"picked":"Feel No Pain","floor":1},{"not_picked":["Clash","Flex"],"picked":"Shrug It Off","floor":4},{"not_picked":["Shrug It Off","Havoc"],"picked":"Iron Wave","floor":5},{"not_picked":["Rupture","Carnage"],"picked":"Clash","floor":7},{"not_picked":["Flex","Twin Strike"],"picked":"Shrug It Off","floor":10},{"not_picked":["Warcry","Armaments"],"picked":"Anger","floor":13},{"not_picked":["Combust","Thunderclap"],"picked":"Metallicize","floor":14}],"player_experience":879508,"relics_obtained":[{"floor":3,"key":"Ancient Tea Set"},{"floor":7,"key":"Meat on the Bone"},{"floor":9,"key":"Pantograph"}],"event_choices":[{"damage_healed":0,"gold_gain":0,"player_choice":"Leave","damage_taken":0,"max_hp_gain":0,"max_hp_loss":0,"event_name":"The Cleric","floor":2,"gold_loss":0},{"damage_healed":0,"gold_gain":75,"player_choice":"Gather Gold","damage_taken":11,"max_hp_gain":0,"max_hp_loss":0,"event_name":"World of Goop","floor":8,"gold_loss":0},{"damage_healed":0,"gold_gain":0,"player_choice":"Ignored","damage_taken":0,"max_hp_gain":0,"max_hp_loss":0,"event_name":"Shining Light","floor":11,"gold_loss":0},{"damage_healed":18,"gold_gain":0,"player_choice":"Healed and dodged fight","damage_taken":0,"max_hp_gain":0,"max_hp_loss":0,"event_name":"Mushrooms","floor":12,"gold_loss":0,"cards_obtained":["Parasite"]}],"is_beta":false,"boss_relics":[],"items_purged_floors":[],"is_endless":false,"potions_floor_spawned":[4,13,14],"killed_by":"Hexaghost","ascension_level":17}