{"gold_per_floor":[117,117,131,306,29,55,67,92,128,140,180,203,215,247,259,375,387,412,424],"floor_reached":19,"playtime":1432,"items_purged":["Doubt"],"score":195,"play_id":"702ef23e-40cb-46f6-b6a8-99602638e8ab","local_time":"20190302235052","is_ascension_mode":true,"campfire_choices":[{"data":"Perfected Strike","floor":7,"key":"SMITH"},{"data":"Wild Strike","floor":10,"key":"SMITH"},{"data":"Whirlwind","floor":15,"key":"SMITH"}],"neow_cost":"NONE","seed_source_timestamp":21586618137050,"circlet_count":0,"master_deck":["Strike_R","Strike_R","Strike_R","Strike_R","Defend_R","Defend_R","Defend_R","Defend_R","Bash","Perfected Strike+1","Wild Strike+1","Pommel Strike","Ghostly Armor","Whirlwind+1","Shrug It Off","Feed","True Grit","Anger","Headbutt","Double Tap"],"relics":["Burning Blood","Sling","MawBank","Blood Vial","Regal Pillow","Orrery"],"potions_floor_usage":[16,16,18],"damage_taken":[{"damage":11,"enemies":"Small Slimes","floor":1,"turns":5},{"damage":3,"enemies":"Jaw Worm","floor":3,"turns":6},{"damage":31,"enemies":"Lagavulin","floor":6,"turns":6},{"damage":0,"enemies":"2 Louse","floor":8,"turns":2},{"damage":11,"enemies":"Gremlin Nob","floor":11,"turns":3},{"damage":0,"enemies":"Exordium Wildlife","floor":12,"turns":1},{"damage":5,"enemies":"Gremlin Gang","floor":14,"turns":4},{"damage":59,"enemies":"Slime Boss","floor":16,"turns":10},{"damage":38,"enemies":"Shell Parasite","floor":18,"turns":7}],"seed_played":"-7230683988004207066","potions_obtained":[{"floor":0,"key":"SteroidPotion"},{"floor":0,"key":"FearPotion"},{"floor":0,"key":"SneckoOil"},{"floor":1,"key":"PowerPotion"},{"floor":11,"key":"EssenceOfSteel"},{"floor":16,"key":"Fire Potion"},{"floor":18,"key":"Weak Potion"}],"is_trial":false,"path_per_floor":["M","?","M","?","$","E","R","M","T","R","E","M","$","M","R","B",null,"M","$"],"character_chosen":"IRONCLAD","items_purchased":["Sling"],"campfire_rested":0,"item_purchase_floors":[5],"current_hp_per_floor":[75,68,71,71,71,46,46,52,52,52,49,57,57,60,60,9,80,48,48],"gold":424,"neow_bonus":"THREE_SMALL_POTIONS","is_prod":false,"is_daily":false,"chose_seed":false,"campfire_upgraded":3,"win_rate":0,"timestamp":1551563452,"path_taken":["M","?","M","?","$","E","R","M","T","R","E","M","?","M","R","BOSS","M","$"],"build_version":"2019-01-23","purchased_purges":1,"victory":false,"max_hp_per_floor":[80,80,80,80,80,80,80,80,80,80,80,80,80,80,80,80,80,80,80],"card_choices":[{"not_picked":["Whirlwind","Armaments"],"picked":"Perfected Strike","floor":1},{"not_picked":["Searing Blow","Headbutt"],"picked":"Wild Strike","floor":3},{"not_picked":["Carnage","Pummel"],"picked":"Pommel Strike","floor":6},{"not_picked":["Dropkick","Wild Strike","Sword Boomerang"],"picked":"SKIP","floor":8},{"not_picked":["Flex","Rampage"],"picked":"Ghostly Armor","floor":11},{"not_picked":["Power Through","Thunderclap"],"picked":"Whirlwind","floor":12},{"not_picked":["Whirlwind","Anger"],"picked":"Shrug It Off","floor":14},{"not_picked":["Reaper","Bludgeon"],"picked":"Feed","floor":16},{"not_picked":["Dropkick","Body Slam"],"picked":"True Grit","floor":17},{"not_picked":["Clash","Havoc"],"picked":"Anger","floor":17},{"not_picked":["Perfected Strike","Havoc"],"picked":"Headbutt","floor":17},{"not_picked":["Twin Strike","Sword Boomerang"],"picked":"Double Tap","floor":17},{"not_picked":["Clash+1","Heavy Blade","Sword Boomerang"],"picked":"SKIP","floor":18}],"player_experience":588985,"relics_obtained":[{"floor":6,"key":"MawBank"},{"floor":9,"key":"Blood Vial"},{"floor":11,"key":"Regal Pillow"}],"event_choices":[{"cards_removed":["Strike_R"],"damage_healed":0,"gold_gain":0,"player_choice":"Card Removal","damage_taken":7,"max_hp_gain":0,"max_hp_loss":0,"event_name":"Golden Wing","floor":2,"gold_loss":0},{"damage_healed":0,"gold_gain":175,"player_choice":"AGREE","damage_taken":0,"max_hp_gain":0,"max_hp_loss":0,"event_name":"Liars Game","floor":4,"gold_loss":0,"cards_obtained":["Doubt"]}],"is_beta":false,"boss_relics":[{"not_picked":["Tiny House","White Beast Statue"],"picked":"Orrery"}],"items_purged_floors":[5],"is_endless":false,"potions_floor_spawned":[1,11,14,16,18],"ascension_level":2}