{"path_per_floor":["M","M","$","M","?","M","R","M","T","$","M","?","E","M","R","B",null,"M","M","?","M","M"],"character_chosen":"IRONCLAD","items_purchased":["Purity"],"gold_per_floor":[112,128,36,49,14,29,29,46,46,46,66,66,96,115,115,215,215,229,244,169,183,198],"floor_reached":23,"campfire_rested":1,"playtime":2088,"current_hp_per_floor":[73,73,73,54,74,78,78,75,75,75,74,58,28,34,58,31,80,65,55,55,43,15],"items_purged":[],"gold":198,"play_id":"e61e9547-93ba-4200-a270-7de3bf620682","is_prod":false,"is_daily":false,"campfire_rituals":0,"campfire_upgraded":1,"is_hardmode":false,"path_taken":["M","?","?","M","?","M","R","M","T","$","?","?","E","M","R","BOSS","M","M","?","M","?","E"],"build_version":"2018-01-11-PROD2","purchased_purges":0,"victory":false,"master_deck":["Strike_R","Strike_R","Strike_R","Strike_R","Defend_R","Defend_R","Defend_R","Defend_R","Bash","Offering","Rupture","Purity","Pommel Strike","Thunderclap","Bloodletting","Thunderclap","Berserk","Inflame","Thunderclap","Headbutt","Shrug It Off"],"max_hp_per_floor":[80,80,80,80,80,80,80,80,80,80,80,80,80,80,80,80,80,80,80,80,80,80],"relics":["Black Blood","Torii","Shuriken"],"campfire_meditates":0,"card_choices":[{"not_picked":["True Grit","Disarm"],"picked":"Offering"},{"not_picked":["Body Slam","Heavy Blade"],"picked":"Rupture"},{"not_picked":["Armaments","Headbutt"],"picked":"Pommel Strike"},{"not_picked":["Barricade","Rupture"],"picked":"Thunderclap"},{"not_picked":["Sever Soul","Clash"],"picked":"Bloodletting"},{"not_picked":["Clash","Cleave"],"picked":"Thunderclap"},{"not_picked":["Brutality","Impervious"],"picked":"Berserk"},{"not_picked":["Shockwave","Perfected Strike"],"picked":"Inflame"},{"not_picked":["Rage","Flex"],"picked":"Thunderclap"},{"not_picked":["Rage","Sword Boomerang"],"picked":"Headbutt"},{"not_picked":["Clothesline","True Grit"],"picked":"Shrug It Off"}],"player_experience":43006,"potions_floor_usage":[6,16,16,21,21,22],"damage_taken":[{"damage":13,"enemies":"Blue Slaver","floor":1,"turns":5},{"damage":6,"enemies":"Jaw Worm","floor":2,"turns":3},{"damage":25,"enemies":"Small Slimes","floor":4,"turns":5},{"damage":2,"enemies":"Red Slaver","floor":6,"turns":5},{"damage":9,"enemies":"Exordium Thugs","floor":8,"turns":5},{"damage":7,"enemies":"3 Louse","floor":11,"turns":4},{"damage":36,"enemies":"Lagavulin","floor":13,"turns":4},{"damage":0,"enemies":"Exordium Wildlife","floor":14,"turns":3},{"damage":33,"enemies":"Slime Boss","floor":16,"turns":10},{"damage":25,"enemies":"3 Byrds","floor":18,"turns":5},{"damage":20,"enemies":"Chosen","floor":19,"turns":4},{"damage":22,"enemies":"Snake Plant","floor":21,"turns":2},{"damage":38,"enemies":"Centurion and Healer","floor":22,"turns":4},{"damage":11,"enemies":"Gremlin Leader","floor":23,"turns":3}],"event_choices":[{"event_name":"The Cleric","player_choice":"Healed","floor":5,"damage_taken":0},{"event_name":"Shining Light","player_choice":"Entered Light","floor":12,"damage_taken":0},{"event_name":"Beggar","player_choice":"Gave Gold","floor":20,"damage_taken":0}],"boss_relics":[{"not_picked":["Black Star","Cursed Key"],"picked":"Black Blood"}],"potions_floor_spawned":[4,6,14,16,18,19],"seed_played":"-2791565629127940584","killed_by":"Gremlin Leader","is_trial":false}