{"gold_per_floor":[112,131,131,147,147,147,162,162,241,266,310,333,346,364,364,484,484,500,500,521,551,5,40,40,63,133,149,168,168,187,187,187,312,312,337,350,366,60,60,60,79,123,147,147,47,62,81,127,127,127],"floor_reached":51,"playtime":7029,"items_purged":["Shame","Injury"],"score":755,"play_id":"635828b9-0035-42cd-8f85-1b1fe74caa0f","local_time":"20190201200232","is_ascension_mode":false,"campfire_choices":[{"data":"Prepared","floor":6,"key":"SMITH"},{"data":"Tactician","floor":15,"key":"SMITH"},{"data":"Metamorphosis","floor":24,"key":"SMITH"},{"floor":32,"key":"RECALL"},{"data":"Well Laid Plans","floor":40,"key":"SMITH"},{"data":"Adrenaline","floor":44,"key":"SMITH"},{"data":"Burst","floor":49,"key":"SMITH"}],"neow_cost":"NONE","seed_source_timestamp":1670121658237785,"circlet_count":0,"master_deck":["Survivor+1","Neutralize","Expertise","Poisoned Stab","Tactician+1","Prepared+1","Bane","Escape Plan","Well Laid Plans+1","Cloak And Dagger","Burst+1","Deadly Poison","Envenom","Acrobatics+1","Bite","Bite","Bite","Bite","Bite","Slice+1","Noxious Fumes","Metamorphosis+1","Prepared","Dodge and Roll+1","After Image","Crippling Poison","Blur","Backflip+1","Adrenaline","Underhanded Strike","Backstab","Infinite Blades+1","Phantasmal Killer","All Out Attack","Tactician+1","Deflect+1","Deflect","Adrenaline+1","Choke","Backflip","Predator+1","Backflip+1","Corpse Explosion"],"relics":["Ring of the Snake","Golden Idol","PreservedInsect","Kunai","Bird Faced Urn","Coffee Dripper","Tiny Chest","Mummified Hand","Snake Skull","Frozen Egg 2","Letter Opener","Pandora\u0027s Box","DollysMirror","Pocketwatch","Dodecahedron","Bronze Scales","Oddly Smooth Stone"],"potions_floor_usage":[11,18,23,23,27,28,33,37,50,50,50],"damage_taken":[{"damage":2,"enemies":"2 Louse","floor":1,"turns":4},{"damage":0,"enemies":"Jaw Worm","floor":2,"turns":5},{"damage":0,"enemies":"Small Slimes","floor":4,"turns":3},{"damage":3,"enemies":"Red Slaver","floor":7,"turns":5},{"damage":7,"enemies":"Looter","floor":10,"turns":4},{"damage":5,"enemies":"3 Sentries","floor":11,"turns":7},{"damage":2,"enemies":"3 Louse","floor":12,"turns":5},{"damage":7,"enemies":"Lots of Slimes","floor":13,"turns":7},{"damage":0,"enemies":"Exordium Wildlife","floor":14,"turns":3},{"damage":24,"enemies":"Hexaghost","floor":16,"turns":12},{"damage":0,"enemies":"Chosen","floor":18,"turns":4},{"damage":4,"enemies":"3 Byrds","floor":20,"turns":6},{"damage":33,"enemies":"Slavers","floor":23,"turns":6},{"damage":18,"enemies":"Shelled Parasite and Fungi","floor":25,"turns":5},{"damage":15,"enemies":"Centurion and Healer","floor":27,"turns":5},{"damage":11,"enemies":"Cultist and Chosen","floor":28,"turns":6},{"damage":0,"enemies":"Sentry and Sphere","floor":30,"turns":4},{"damage":46,"enemies":"Automaton","floor":33,"turns":10},{"damage":10,"enemies":"3 Darklings","floor":35,"turns":3},{"damage":19,"enemies":"3 Shapes","floor":36,"turns":4},{"damage":12,"enemies":"3 Darklings","floor":37,"turns":4},{"damage":0,"enemies":"Maw","floor":41,"turns":5},{"damage":0,"enemies":"Reptomancer","floor":42,"turns":2},{"damage":0,"enemies":"Sphere and 2 Shapes","floor":46,"turns":4},{"damage":5,"enemies":"Spire Growth","floor":47,"turns":4},{"damage":33,"enemies":"Time Eater","floor":50,"turns":10}],"seed_played":"7421234229831599221","potions_obtained":[{"floor":1,"key":"Dexterity Potion"},{"floor":7,"key":"Fruit Juice"},{"floor":10,"key":"Explosive Potion"},{"floor":16,"key":"SteroidPotion"},{"floor":20,"key":"SkillPotion"},{"floor":25,"key":"SkillPotion"},{"floor":27,"key":"Weak Potion"},{"floor":33,"key":"Ancient Potion"},{"floor":35,"key":"Weak Potion"},{"floor":36,"key":"AttackPotion"},{"floor":47,"key":"Poison Potion"}],"is_trial":false,"path_per_floor":["M","M","?","M","?","R","M","?","T","M","E","M","M","M","R","B",null,"M","?","M","?","$","E","R","M","T","M","M","?","M","T","R","B",null,"M","M","M","$","T","R","M","E","T","R","$","M","M","T","R","B",null],"character_chosen":"THE_SILENT","items_purchased":["Mummified Hand","Noxious Fumes","Metamorphosis","Prepared","DollysMirror","Choke"],"campfire_rested":0,"item_purchase_floors":[22,22,22,22,38,38],"current_hp_per_floor":[68,68,68,68,68,68,65,65,65,58,53,53,48,50,50,28,70,75,52,52,52,52,33,33,35,35,34,31,31,45,45,45,12,52,52,37,45,45,45,45,52,52,52,52,52,52,51,51,51,37],"gold":127,"neow_bonus":"TRANSFORM_CARD","is_prod":false,"is_daily":false,"chose_seed":false,"campfire_upgraded":6,"win_rate":0,"timestamp":1549047752,"path_taken":["M","M","?","M","?","R","M","?","T","M","E","?","M","M","R","BOSS","M","?","M","?","$","E","R","M","T","M","M","?","M","?","R","BOSS","M","M","M","$","?","R","M","E","T","R","$","M","M","?","R","BOSS"],"build_version":"2019-01-23","purchased_purges":2,"victory":true,"max_hp_per_floor":[70,70,70,70,70,70,70,70,70,70,70,70,70,70,70,70,70,75,52,52,52,52,52,52,52,52,52,52,52,52,52,52,52,52,52,52,52,52,52,52,52,52,52,52,52,52,52,52,52,52],"card_choices":[{"not_picked":["Endless Agony","Sucker Punch"],"picked":"Poisoned Stab","floor":1},{"not_picked":["Slice","Finisher"],"picked":"Tactician","floor":2},{"not_picked":["Deflect","Acrobatics"],"picked":"Prepared","floor":4},{"not_picked":["Dagger Throw","Skewer"],"picked":"Bane","floor":7},{"not_picked":["Acrobatics","PiercingWail"],"picked":"Escape Plan","floor":10},{"not_picked":["Poisoned Stab","Dagger Spray"],"picked":"Well Laid Plans","floor":11},{"not_picked":["Dodge and Roll","Terror"],"picked":"Cloak And Dagger","floor":12},{"not_picked":["Flechettes","Bane"],"picked":"Burst","floor":13},{"not_picked":["Flechettes","Dash"],"picked":"Deadly Poison","floor":14},{"not_picked":["Phantasmal Killer","Malaise"],"picked":"Envenom","floor":16},{"not_picked":["Poisoned Stab","Reflex"],"picked":"Acrobatics+1","floor":18},{"not_picked":["Prepared","PiercingWail"],"picked":"Slice+1","floor":20},{"not_picked":["Cloak And Dagger","Underhanded Strike"],"picked":"Dodge and Roll+1","floor":23},{"not_picked":["Setup","Noxious Fumes"],"picked":"After Image","floor":25},{"not_picked":["Dagger Spray","Masterful Stab"],"picked":"Crippling Poison","floor":27},{"not_picked":["Poisoned Stab+1","Flying Knee+1"],"picked":"Blur","floor":28},{"not_picked":["Cloak And Dagger+1","Flying Knee"],"picked":"Backflip+1","floor":30},{"not_picked":["Bullet Time","After Image+1"],"picked":"Adrenaline","floor":33},{"not_picked":["Terror","Flying Knee"],"picked":"Tactician+1","floor":35},{"not_picked":["Underhanded Strike","Dagger Spray"],"picked":"Deflect+1","floor":36},{"not_picked":["Dodge and Roll+1","Sucker Punch"],"picked":"Deflect","floor":37},{"not_picked":["Dagger Spray","Eviscerate+1"],"picked":"Backflip","floor":41},{"not_picked":["Heel Hook+1","Flying Knee+1"],"picked":"Predator+1","floor":42},{"not_picked":["Deadly Poison","Catalyst"],"picked":"Backflip+1","floor":46},{"not_picked":["Blade Dance+1","Crippling Poison+1"],"picked":"Corpse Explosion","floor":47}],"player_experience":114730,"relics_obtained":[{"floor":8,"key":"PreservedInsect"},{"floor":9,"key":"Kunai"},{"floor":11,"key":"Bird Faced Urn"},{"floor":23,"key":"Snake Skull"},{"floor":26,"key":"Frozen Egg 2"},{"floor":39,"key":"Pocketwatch"},{"floor":42,"key":"Dodecahedron"},{"floor":43,"key":"Bronze Scales"},{"floor":48,"key":"Oddly Smooth Stone"}],"event_choices":[{"damage_healed":0,"gold_gain":0,"player_choice":"Grow","damage_taken":0,"max_hp_gain":0,"max_hp_loss":0,"event_name":"Living Wall","floor":3,"gold_loss":0,"cards_upgraded":["Survivor"]},{"damage_healed":0,"gold_gain":0,"player_choice":"Take Wound","damage_taken":0,"relics_obtained":["Golden Idol"],"max_hp_gain":0,"max_hp_loss":0,"event_name":"Golden Idol","floor":5,"gold_loss":0,"cards_obtained":["Injury"]},{"damage_healed":0,"gold_gain":0,"player_choice":"Relic","damage_taken":0,"max_hp_gain":0,"max_hp_loss":0,"event_name":"Wheel of Change","floor":8,"gold_loss":0},{"damage_healed":0,"gold_gain":0,"player_choice":"Became a vampire","damage_taken":0,"max_hp_gain":0,"max_hp_loss":23,"event_name":"Vampires","floor":19,"gold_loss":0,"cards_obtained":["Bite","Bite","Bite","Bite","Bite"]},{"damage_healed":0,"gold_gain":0,"player_choice":"Stole Relic","damage_taken":0,"relics_obtained":["Tiny Chest"],"max_hp_gain":0,"max_hp_loss":0,"event_name":"Addict","floor":21,"gold_loss":0,"cards_obtained":["Shame"]},{"damage_healed":0,"gold_gain":0,"player_choice":"Opened","damage_taken":0,"relics_obtained":["Letter Opener"],"max_hp_gain":0,"max_hp_loss":0,"event_name":"The Mausoleum","floor":29,"gold_loss":0}],"is_beta":false,"boss_relics":[{"not_picked":["Runic Pyramid","Cursed Key"],"picked":"Coffee Dripper"},{"not_picked":["Orrery","Lizard Tail"],"picked":"Pandora\u0027s Box"}],"items_purged_floors":[38,45],"is_endless":false,"potions_floor_spawned":[1,7,10,16,20,25,27,33,35,36,47],"ascension_level":0}