{"path_per_floor":["M","?","?","M","M","E","M","R","T","?","?","M","$","M","R","B",null,"M","?","M","?","M","E","R","E","T","$","R","$","M","M","R","B",null,"M","$","?","?","?","E","R","?","T","$","M","?","?","M","R","B"],"character_chosen":"IRONCLAD","items_purchased":["True Grit","Juzu Bracelet","Flash of Steel"],"gold_per_floor":[14,14,14,30,49,77,47,47,96,96,171,190,62,75,75,175,175,190,115,134,134,144,177,177,210,265,19,19,19,32,42,42,144,144,164,59,59,59,59,91,91,91,148,98,116,116,116,130,130,130],"floor_reached":51,"campfire_rested":0,"playtime":3756,"current_hp_per_floor":[66,66,59,56,54,24,30,30,30,30,19,23,23,30,30,31,80,80,80,79,79,80,87,87,87,87,87,87,87,87,86,86,87,87,85,85,85,75,75,77,77,77,77,77,77,77,77,69,69,60],"items_purged":["Strike_R","Strike_R","Normality"],"gold":130,"play_id":"1a71af59-ef63-4d71-926c-f0b4a1385564","is_prod":false,"is_daily":false,"campfire_rituals":0,"campfire_upgraded":5,"is_hardmode":false,"path_taken":["M","?","?","M","?","E","M","R","T","?","?","M","$","M","R","BOSS","M","?","M","?","?","E","R","E","T","$","R","?","M","M","R","BOSS","M","$","?","?","?","E","R","?","T","$","M","?","?","M","R","BOSS"],"build_version":"2018-01-18-PROD4","purchased_purges":3,"victory":true,"master_deck":["Defend_R","Defend_R","Defend_R","Defend_R","Bash","Barricade","Reaper","Shrug It Off","Armaments","Metallicize","Body Slam","True Grit","Offering","True Grit","Body Slam","Shrug It Off","Writhe","Shrug It Off","Offering","Body Slam","Flash of Steel","Madness","Madness","Flash of Steel","Doubt","Entrench"],"max_hp_per_floor":[80,80,80,80,80,80,80,80,80,80,80,80,80,80,80,80,80,80,80,80,80,80,87,87,87,87,87,87,87,87,87,87,87,87,87,87,87,87,87,87,87,87,87,87,87,87,87,87,87,87],"relics":["Burning Blood","Art of War","Toxic Egg","Cursed Key","Strawberry","Bag of Marbles","Regal Pillow","Juzu Bracelet","Mark of Pain","Centennial Puzzle","Shovel","Smiling Mask","Tiny Chest","Vajra"],"campfire_meditates":0,"card_choices":[{"not_picked":["Shrug It Off","Fire Breathing"],"picked":"Clash"},{"not_picked":["Headbutt","Wild Strike"],"picked":"Shrug It Off"},{"not_picked":["Pommel Strike","Heavy Blade"],"picked":"Armaments"},{"not_picked":["Body Slam","Feed"],"picked":"Metallicize"},{"not_picked":["Disarm","Iron Wave"],"picked":"Body Slam"},{"not_picked":["Exhume","Fiend Fire"],"picked":"Offering"},{"not_picked":["Armaments","Pummel"],"picked":"True Grit"},{"not_picked":["Wild Strike","Havoc"],"picked":"Body Slam"},{"not_picked":["Clothesline","Heavy Blade"],"picked":"Shrug It Off"},{"not_picked":["Iron Wave","Havoc"],"picked":"Shrug It Off"},{"not_picked":["Fiend Fire","Limit Break"],"picked":"Offering"},{"not_picked":["Armaments","Sword Boomerang"],"picked":"Body Slam"},{"not_picked":["Sever Soul","Perfected Strike"],"picked":"Entrench"}],"player_experience":304290,"potions_floor_usage":[6,6,14,23,31,50,50,50],"damage_taken":[{"damage":20,"enemies":"Jaw Worm","floor":1,"turns":6},{"damage":13,"enemies":"Blue Slaver","floor":4,"turns":6},{"damage":12,"enemies":"Small Slimes","floor":5,"turns":6},{"damage":42,"enemies":"Gremlin Nob","floor":6,"turns":6},{"damage":0,"enemies":"Looter","floor":7,"turns":4},{"damage":8,"enemies":"Large Slime","floor":12,"turns":9},{"damage":19,"enemies":"Gremlin Gang","floor":14,"turns":7},{"damage":10,"enemies":"The Guardian","floor":16,"turns":8},{"damage":4,"enemies":"Chosen","floor":18,"turns":6},{"damage":11,"enemies":"Shell Parasite","floor":20,"turns":5},{"damage":4,"enemies":"Sentry and Sphere","floor":22,"turns":7},{"damage":4,"enemies":"Gremlin Leader","floor":23,"turns":4},{"damage":9,"enemies":"Book of Stabbing","floor":25,"turns":8},{"damage":9,"enemies":"Snecko","floor":30,"turns":6},{"damage":7,"enemies":"Snake Plant","floor":31,"turns":3},{"damage":4,"enemies":"Collector","floor":33,"turns":6},{"damage":8,"enemies":"3 Shapes","floor":35,"turns":7},{"damage":8,"enemies":"2 Orb Walkers","floor":40,"turns":7},{"damage":11,"enemies":"Orb Walker","floor":45,"turns":5},{"damage":24,"enemies":"4 Shapes","floor":48,"turns":9},{"damage":30,"enemies":"Donu and Deca","floor":50,"turns":13}],"event_choices":[{"event_name":"Match and Keep!","player_choice":"1 cards matched","floor":2,"damage_taken":0},{"event_name":"Golden Wing","player_choice":"Card Removal","floor":3,"damage_taken":0},{"event_name":"Living Wall","player_choice":"Grow","floor":10,"damage_taken":0},{"event_name":"World of Goop","player_choice":"Gather Gold","floor":11,"damage_taken":0},{"event_name":"Beggar","player_choice":"Gave Gold","floor":19,"damage_taken":0},{"event_name":"The Lab","player_choice":"Got Potions","floor":21,"damage_taken":0},{"event_name":"Winding Halls","player_choice":"Embrace Madness","floor":38,"damage_taken":0},{"event_name":"Accursed Blacksmith","player_choice":"Rummage","floor":39,"damage_taken":0},{"event_name":"Match and Keep!","player_choice":"1 cards matched","floor":42,"damage_taken":0},{"event_name":"Match and Keep!","player_choice":"1 cards matched","floor":42,"damage_taken":0},{"event_name":"Tomb of Lord Red Mask","player_choice":"Ignored","floor":46,"damage_taken":0},{"event_name":"Mysterious Sphere","player_choice":"Ignore","floor":47,"damage_taken":0}],"boss_relics":[{"not_picked":["Lizard Tail","Snecko Eye"],"picked":"Cursed Key"},{"not_picked":["Philosopher\u0027s Stone","Sozu"],"picked":"Mark of Pain"}],"potions_floor_spawned":[4,5,6,23,31,33,35],"seed_played":"626727437039841823","is_trial":false}