{"path_per_floor":["M","M","M","M","$","R","E","$","T","R","T","M","R","M","R","B",null,"M","M","$","M","M","R","?","R","T"],"character_chosen":"THE_SILENT","items_purchased":["Footwork"],"gold_per_floor":[116,132,148,159,159,159,193,81,106,106,159,178,178,192,192,290,290,301,317,217,236,253,253,153,153,179],"floor_reached":27,"campfire_rested":0,"playtime":1839,"current_hp_per_floor":[61,61,60,58,58,58,46,46,46,46,46,48,48,50,50,33,63,63,52,52,29,20,20,20,20,20],"items_purged":["Strike_G","Strike_G"],"gold":179,"play_id":"dd387e2c-007c-4c8e-a195-fd12c96bfa48","is_prod":false,"is_daily":false,"campfire_rituals":0,"campfire_upgraded":1,"is_hardmode":false,"path_taken":["M","M","?","M","$","R","E","?","T","R","?","?","R","M","R","BOSS","M","M","$","M","M","R","?","R","T","E"],"build_version":"2018-01-18-PROD4","purchased_purges":2,"victory":false,"master_deck":["Defend_G","Defend_G","Defend_G","Defend_G","Defend_G","Strike_G","Strike_G","Strike_G","Survivor","Neutralize","Infinite Blades","Wraith Form","Escape Plan","Dagger Spray","Backflip","Footwork","Endless Agony","Backflip","After Image","Riddle With Holes","Terror","Reflex","Dash","J.A.X."],"max_hp_per_floor":[63,63,63,63,63,63,63,63,63,63,63,63,63,63,63,63,63,63,63,63,63,63,63,63,63,63],"relics":["Ring of the Snake","Shovel","Oddly Smooth Stone","War Paint","Blood Vial","Dream Catcher","Toxic Egg","Ornamental Fan","Runic Dome","Snake Skull","Vajra","Bag of Preparation"],"campfire_meditates":0,"card_choices":[{"not_picked":["Poisoned Stab","Prepared"],"picked":"Infinite Blades"},{"not_picked":["Backstab","Cloak And Dagger"],"picked":"Wraith Form"},{"not_picked":["Sucker Punch","Deadly Poison"],"picked":"Escape Plan"},{"not_picked":["Dagger Throw","Slice"],"picked":"Dagger Spray"},{"not_picked":["Distraction","Prepared"],"picked":"Backflip"},{"not_picked":["Backstab","Bouncing Flask"],"picked":"Endless Agony"},{"not_picked":["Distraction","Poisoned Stab"],"picked":"Backflip"},{"not_picked":["Venomology","Tactician"],"picked":"After Image"},{"not_picked":["Underhanded Strike","Outmaneuver"],"picked":"Riddle With Holes"},{"not_picked":["Eviscerate","Bane"],"picked":"Terror"},{"not_picked":["Infinite Blades","Escape Plan"],"picked":"Reflex"},{"not_picked":["Malaise","Distraction"],"picked":"Dash"}],"player_experience":382863,"potions_floor_usage":[4,7,14,16,27],"damage_taken":[{"damage":2,"enemies":"Blue Slaver","floor":1,"turns":8},{"damage":0,"enemies":"Cultist","floor":2,"turns":4},{"damage":1,"enemies":"Jaw Worm","floor":3,"turns":5},{"damage":2,"enemies":"3 Louse","floor":4,"turns":2},{"damage":12,"enemies":"Lagavulin","floor":7,"turns":9},{"damage":0,"enemies":"Exordium Wildlife","floor":12,"turns":4},{"damage":0,"enemies":"2 Fungi Beasts","floor":14,"turns":3},{"damage":19,"enemies":"Slime Boss","floor":16,"turns":8},{"damage":0,"enemies":"Chosen","floor":18,"turns":7},{"damage":11,"enemies":"3 Byrds","floor":19,"turns":5},{"damage":25,"enemies":"Sentry and Sphere","floor":21,"turns":8},{"damage":11,"enemies":"Snake Plant","floor":22,"turns":7},{"damage":28,"enemies":"Gremlin Leader","floor":27,"turns":2}],"event_choices":[{"event_name":"Drug Dealer","player_choice":"Got JAXXED","floor":24,"damage_taken":0}],"boss_relics":[{"not_picked":["Eternal Feather","Black Star"],"picked":"Runic Dome"}],"potions_floor_spawned":[1,3,7,12,14,18,21,22],"seed_played":"4002525508871913422","killed_by":"Gremlin Leader","is_trial":false}