{"gold_per_floor":[113,113,127,52,52,52,83,115,115,146,146,146,156,122,122,217,217,234,246,260,260,260],"floor_reached":22,"playtime":1450,"items_purged":["Strike_B"],"score":232,"play_id":"ae33be34-a308-40ef-9916-b25cb277c34b","local_time":"20181004220716","is_ascension_mode":true,"campfire_choices":[{"data":"Zap","floor":6,"key":"SMITH"},{"floor":12,"key":"REST"},{"data":"Defragment","floor":15,"key":"SMITH"}],"neow_cost":"","seed_source_timestamp":395352827659891,"circlet_count":0,"master_deck":["Strike_B","Strike_B","Strike_B","Defend_B","Defend_B","Defend_B","Defend_B","Zap+1","Dualcast","Self Repair","Conserve Battery","Steam","Compile Driver","Reboot","Defragment+1","Tempest","Core Surge","Ball Lightning+1","Writhe"],"relics":["Cracked Core","WingedGreaves","Bottled Flame","Pen Nib","Calipers","Ancient Tea Set","Snecko Eye","Happy Flower"],"potions_floor_usage":[10,10,22,22],"damage_taken":[{"damage":0,"enemies":"Small Slimes","floor":1,"turns":2},{"damage":1,"enemies":"Jaw Worm","floor":3,"turns":4},{"damage":34,"enemies":"Lagavulin","floor":7,"turns":8},{"damage":32,"enemies":"3 Sentries","floor":8,"turns":10},{"damage":15,"enemies":"Lagavulin","floor":10,"turns":7},{"damage":0,"enemies":"2 Louse","floor":13,"turns":3},{"damage":37,"enemies":"Hexaghost","floor":16,"turns":11},{"damage":7,"enemies":"Chosen","floor":18,"turns":3},{"damage":13,"enemies":"Spheric Guardian","floor":19,"turns":4},{"damage":26,"enemies":"Snake Plant","floor":20,"turns":4},{"damage":50,"enemies":"Centurion and Healer","floor":22,"turns":8}],"seed_played":"1389660668998377997","potions_obtained":[{"floor":1,"key":"Dexterity Potion"},{"floor":7,"key":"Ancient Potion"},{"floor":16,"key":"Ancient Potion"},{"floor":18,"key":"GamblersBrew"},{"floor":20,"key":"FocusPotion"}],"is_trial":false,"path_per_floor":["M","?","M","$","?","R","E","E","T","E","?","R","M","$","R","B",null,"M","M","M","?"],"character_chosen":"DEFECT","items_purchased":["Tempest"],"campfire_rested":1,"item_purchase_floors":[14],"current_hp_per_floor":[75,72,71,71,71,71,44,19,19,11,11,33,40,40,40,10,75,75,69,50,50,0],"gold":260,"neow_bonus":"","is_prod":false,"is_daily":false,"chose_seed":false,"campfire_upgraded":2,"win_rate":0,"timestamp":1538708836,"path_taken":["M","?","?","$","?","R","E","E","T","E","?","R","M","$","R","BOSS","M","M","M","?","M"],"build_version":"2018-10-04","purchased_purges":1,"victory":false,"max_hp_per_floor":[75,75,75,75,75,75,75,75,75,75,75,75,75,75,75,75,75,75,75,75,75,75],"card_choices":[{"not_picked":["Go for the Eyes","Barrage"],"picked":"Self Repair","floor":1},{"not_picked":["Scrape","Turbo"],"picked":"Conserve Battery","floor":3},{"not_picked":["Heatsinks","Redo"],"picked":"Steam","floor":7},{"not_picked":["Redo","Turbo"],"picked":"Compile Driver","floor":8},{"not_picked":["Leap","Beam Cell"],"picked":"Reboot","floor":10},{"not_picked":["Redo","Stack"],"picked":"Defragment","floor":13},{"not_picked":["Hyperbeam","All For One"],"picked":"Core Surge","floor":16},{"not_picked":["Beam Cell","Aggregate+1","Gash"],"picked":"SKIP","floor":18},{"not_picked":["Heatsinks","Lockon"],"picked":"Ball Lightning+1","floor":19},{"not_picked":["Stack","Hello World+1","Barrage+1"],"picked":"SKIP","floor":20}],"player_experience":106529,"relics_obtained":[{"floor":7,"key":"Bottled Flame"},{"floor":8,"key":"Pen Nib"},{"floor":9,"key":"Calipers"},{"floor":10,"key":"Ancient Tea Set"}],"event_choices":[{"event_name":"Scrap Ooze","player_choice":"success","floor":2,"damage_taken":3},{"event_name":"Wheel of Change","player_choice":"Curse","floor":5,"damage_taken":0},{"event_name":"Living Wall","player_choice":"Forget","floor":11,"damage_taken":0},{"event_name":"The Mausoleum","player_choice":"Yes","floor":21,"damage_taken":0}],"is_beta":false,"boss_relics":[{"not_picked":["Velvet Choker","Black Star"],"picked":"Snecko Eye"}],"items_purged_floors":[4],"is_endless":false,"potions_floor_spawned":[1,7,16,18,20],"killed_by":"Centurion and Healer","ascension_level":3}