{"gold_per_floor":[366,366,377,394,405,405,110,126,126,126,26,26,37,48,48,153,153,171,171,171,81,94,94,110,110,134,184,203,203,77,92,92,193,193,206,206,220,74,74,104,104,58,128,128,0,0,0,14,14,14],"floor_reached":51,"playtime":1897,"items_purged":["Regret","Strike_B"],"score":665,"play_id":"f32ed735-d437-4c7d-a275-1b546b66c45c","local_time":"20190309042153","is_ascension_mode":false,"campfire_choices":[{"data":"Zap","floor":6.0,"key":"SMITH"},{"data":"Defragment","floor":10.0,"key":"SMITH"},{"data":"Hologram","floor":12.0,"key":"SMITH"},{"data":"Dualcast","floor":15.0,"key":"SMITH"},{"data":"Tempest","floor":23,"key":"SMITH"},{"data":"Tempest","floor":25,"key":"SMITH"},{"data":"Go for the Eyes","floor":29,"key":"SMITH"},{"data":"Hello World","floor":32,"key":"SMITH"},{"floor":46,"key":"RECALL"}],"neow_cost":"CURSE","seed_source_timestamp":25710976949054,"circlet_count":0,"master_deck":["Strike_B","Strike_B","Defend_B","Defend_B","Defend_B","Defend_B+1","Zap+1","Dualcast+1","Tempest+1","Self Repair","Hologram+1","Compile Driver","Defragment+1","Cold Snap","Leap","Tempest+1","Meteor Strike","Rebound+1","Conserve Battery","Hello World+1","Coolheaded","Electrodynamics","Go for the Eyes+1","Glacier","Discovery","Panacea","Trip","Cold Snap+1","Ball Lightning","Cold Snap+1"],"special_seed":0,"relics":["Cracked Core","DataDisk","Art of War","Coffee Dripper","Pen Nib","Tiny Chest","Fusion Hammer","Juzu Bracelet","Dream Catcher","Symbiotic Virus","Red Mask"],"potions_floor_usage":[16,33,33,40,50,50,50],"damage_taken":[{"damage":6.0,"enemies":"2 Louse","floor":1.0,"turns":2.0},{"damage":2.0,"enemies":"Small Slimes","floor":3.0,"turns":3.0},{"damage":6.0,"enemies":"Jaw Worm","floor":4.0,"turns":4.0},{"damage":7.0,"enemies":"Looter","floor":5.0,"turns":4.0},{"damage":13.0,"enemies":"Red Slaver","floor":8.0,"turns":2.0},{"damage":0.0,"enemies":"3 Louse","floor":13.0,"turns":1.0},{"damage":0.0,"enemies":"Lots of Slimes","floor":14.0,"turns":3.0},{"damage":24,"enemies":"Hexaghost","floor":16,"turns":9},{"damage":17,"enemies":"Shell Parasite","floor":18,"turns":5},{"damage":40,"enemies":"Colosseum Slavers","floor":20,"turns":4},{"damage":0,"enemies":"Spheric Guardian","floor":22,"turns":3},{"damage":0,"enemies":"Cultist and Chosen","floor":24,"turns":4},{"damage":0,"enemies":"Chosen and Byrds","floor":28,"turns":3},{"damage":0,"enemies":"Sentry and Sphere","floor":31,"turns":3},{"damage":38,"enemies":"Champ","floor":33,"turns":12},{"damage":8,"enemies":"3 Shapes","floor":35,"turns":4},{"damage":0,"enemies":"Orb Walker","floor":37,"turns":3},{"damage":20,"enemies":"Nemesis","floor":40,"turns":7},{"damage":14,"enemies":"Jaw Worm Horde","floor":48,"turns":3},{"damage":18,"enemies":"Awakened One","floor":50,"turns":16}],"seed_played":"3056234713675067886","potions_obtained":[{"floor":1.0,"key":"Poison Potion"},{"floor":8.0,"key":"AttackPotion"},{"floor":14.0,"key":"Energy Potion"},{"floor":18,"key":"Dexterity Potion"},{"floor":24,"key":"Strength Potion"},{"floor":28,"key":"Regen Potion"},{"floor":35,"key":"SkillPotion"},{"floor":37,"key":"Swift Potion"},{"floor":40,"key":"LiquidBronze"},{"floor":47,"key":"FocusPotion"}],"is_trial":false,"path_per_floor":["M","?","M","M","M","R","$","M","T","R","$","R","M","M","R","B",null,"M","?","?","?","M","R","M","R","T","?","M","R","$","M","R","B",null,"M","$","M","$","?","E","?","$","T","?","?","R","?","M","R","B",null],"character_chosen":"DEFECT","items_purchased":["DataDisk","Defragment","Tiny Chest","Juzu Bracelet","Ball Lightning"],"campfire_rested":0,"item_purchase_floors":[7,7,30,38,42],"current_hp_per_floor":[69,74,72,73,73,73,73,67,67,67,67,67,67,74,74,57,80,70,70,37,37,44,44,51,51,51,51,51,51,51,58,58,27,80,79,79,79,79,69,56,56,56,56,56,56,56,56,49,49,53],"gold":14,"neow_bonus":"TWO_FIFTY_GOLD","is_prod":false,"is_daily":false,"chose_seed":false,"campfire_upgraded":8,"win_rate":0,"timestamp":1552126913,"path_taken":["M","?","M","M","M","R","$","M","T","R","$","R","M","M","R","BOSS","M","?","?","?","M","R","?","R","T","?","M","R","$","M","R","BOSS","M","?","M","$","?","E","?","$","T","?","?","R","?","M","R","BOSS"],"build_version":"2019-01-23","purchased_purges":2,"victory":true,"max_hp_per_floor":[75,80,80,80,80,80,80,80,80,80,80,80,80,80,80,80,80,80,80,80,80,80,80,80,80,80,80,80,80,80,80,80,80,80,80,80,80,80,80,80,80,80,80,80,80,80,80,80,80,80],"card_choices":[{"not_picked":["Leap","Fusion"],"picked":"Tempest","floor":1.0},{"not_picked":["Stack","Redo"],"picked":"Self Repair","floor":3.0},{"not_picked":["Lockon","Leap"],"picked":"Hologram","floor":4.0},{"not_picked":["Steam","Amplify"],"picked":"Compile Driver","floor":5.0},{"not_picked":["Capacitor","Heatsinks"],"picked":"Cold Snap","floor":8.0},{"not_picked":["Redo","Rebound"],"picked":"Leap","floor":13.0},{"not_picked":["Compile Driver","Hologram"],"picked":"Tempest","floor":14.0},{"not_picked":["Amplify","Reboot"],"picked":"Meteor Strike","floor":16},{"not_picked":["Go for the Eyes","Lockon"],"picked":"Rebound+1","floor":18},{"not_picked":["Doom and Gloom+1","Steam"],"picked":"Hello World","floor":22},{"not_picked":["BootSequence+1","Rebound+1"],"picked":"Go for the Eyes","floor":24},{"not_picked":["Fusion","Redo+1"],"picked":"Coolheaded","floor":28},{"not_picked":["Sweeping Beam","Gash","Redo"],"picked":"SKIP","floor":31},{"not_picked":["Fission","Buffer"],"picked":"Electrodynamics","floor":33},{"not_picked":["Auto Shields+1","Genetic Algorithm"],"picked":"Go for the Eyes+1","floor":35},{"not_picked":["Leap","Beam Cell"],"picked":"Glacier","floor":37},{"not_picked":["Enlightenment","Impatience"],"picked":"Discovery","floor":39},{"not_picked":["Violence","Magnetism"],"picked":"Panacea","floor":39},{"not_picked":["PanicButton","Thinking Ahead"],"picked":"Trip","floor":39},{"not_picked":["Redo+1","Turbo+1"],"picked":"Cold Snap+1","floor":40},{"not_picked":["Hologram","Redo+1"],"picked":"Cold Snap+1","floor":48}],"player_experience":1004604,"relics_obtained":[{"floor":9.0,"key":"Art of War"},{"floor":26,"key":"Pen Nib"},{"floor":40,"key":"Dream Catcher"},{"floor":43,"key":"Symbiotic Virus"}],"event_choices":[{"damage_healed":0.0,"max_hp_gain":5.0,"max_hp_loss":0.0,"gold_gain":0.0,"event_name":"Big Fish","player_choice":"Donut","floor":2.0,"gold_loss":0.0,"damage_taken":0.0},{"damage_healed":0,"gold_gain":0,"player_choice":"Read","damage_taken":0,"max_hp_gain":0,"max_hp_loss":0,"event_name":"The Library","floor":19,"gold_loss":0,"cards_obtained":["Conserve Battery"]},{"damage_healed":0,"gold_gain":0,"player_choice":"Fight","damage_taken":0,"max_hp_gain":0,"max_hp_loss":0,"event_name":"Colosseum","floor":20,"gold_loss":0},{"damage_healed":0,"gold_gain":0,"player_choice":"Fled From Nobs","damage_taken":0,"max_hp_gain":0,"max_hp_loss":0,"event_name":"Colosseum","floor":20,"gold_loss":0},{"cards_removed":["Strike_B"],"damage_healed":0,"gold_gain":0,"player_choice":"Upgrade and Remove","damage_taken":0,"max_hp_gain":0,"max_hp_loss":0,"event_name":"Designer","floor":21,"gold_loss":90,"cards_upgraded":["Defend_B"]},{"damage_healed":0,"gold_gain":100,"player_choice":"Bet on Murderer","damage_taken":0,"max_hp_gain":0,"max_hp_loss":0,"event_name":"The Joust","floor":27,"gold_loss":50},{"damage_healed":0,"gold_gain":0,"player_choice":"Memory 3","damage_taken":10,"max_hp_gain":0,"max_hp_loss":0,"event_name":"SensoryStone","floor":39,"gold_loss":0},{"cards_removed":["Go for the Eyes"],"damage_healed":0,"gold_gain":0,"player_choice":"Removed Attack","damage_taken":0,"max_hp_gain":0,"max_hp_loss":0,"event_name":"Falling","floor":41,"gold_loss":0},{"damage_healed":0,"gold_gain":0,"player_choice":"Ignored","damage_taken":0,"max_hp_gain":0,"max_hp_loss":0,"event_name":"SecretPortal","floor":44,"gold_loss":0},{"damage_healed":0,"gold_gain":0,"player_choice":"Paid","damage_taken":0,"relics_obtained":["Red Mask"],"max_hp_gain":0,"max_hp_loss":0,"event_name":"Tomb of Lord Red Mask","floor":45,"gold_loss":128},{"damage_healed":0,"gold_gain":0,"player_choice":"Got Potions","damage_taken":0,"max_hp_gain":0,"max_hp_loss":0,"event_name":"Lab","floor":47,"gold_loss":0}],"is_beta":false,"boss_relics":[{"not_picked":["Orrery","FrozenCore"],"picked":"Coffee Dripper"},{"not_picked":["Calling Bell","Runic Dome"],"picked":"Fusion Hammer"}],"items_purged_floors":[7,11],"is_endless":false,"potions_floor_spawned":[1,8,14,18,24,28,35,37,40],"ascension_level":0}