{"gold_per_floor":[119,135,85,260,40,68,68,102,102,114,114,127,127,142,142,239,239,254,267,280,299,499,499,516,547,547,567,159,169,169,179,179,179],"floor_reached":33,"playtime":2420,"items_purged":["Doubt"],"score":309,"play_id":"7834cf9c-bb8f-489c-92ce-1bf86a8940c8","local_time":"20190207225142","is_ascension_mode":true,"campfire_choices":[{"data":"Zap","floor":7,"key":"SMITH"},{"data":"1","floor":11,"key":"LIFT"},{"data":"2","floor":13,"key":"LIFT"},{"floor":15,"key":"REST"},{"data":"3","floor":23,"key":"LIFT"},{"data":"Dualcast","floor":30,"key":"SMITH"},{"data":"Hologram","floor":32,"key":"SMITH"}],"neow_cost":"NONE","seed_source_timestamp":353688426480466,"circlet_count":0,"master_deck":["Strike_B","Strike_B","Defend_B","Defend_B","Zap+1","Dualcast+1","Purity","Consume","FTL","Darkness","Conserve Battery","Hologram","Leap","Gash","Biased Cognition","Self Repair+1","Self Repair+1","Aggregate+1","Sweeping Beam+1","Darkness+1","FTL","Auto Shields+1","Doom and Gloom","Loop+1","Master of Strategy","Storm+1","Reprogram","Hologram+1"],"relics":["Cracked Core","Happy Flower","Incense Burner","Mummified Hand","Girya","Astrolabe","Vajra","Frozen Egg 2","Ancient Tea Set"],"potions_floor_usage":[6,16,21,21,24],"damage_taken":[{"damage":2,"enemies":"Jaw Worm","floor":1,"turns":3},{"damage":0,"enemies":"Small Slimes","floor":2,"turns":3},{"damage":15,"enemies":"3 Sentries","floor":6,"turns":9},{"damage":16,"enemies":"Lagavulin","floor":8,"turns":6},{"damage":0,"enemies":"Cultist","floor":10,"turns":3},{"damage":2,"enemies":"Exordium Wildlife","floor":12,"turns":4},{"damage":9,"enemies":"Red Slaver","floor":14,"turns":2},{"damage":29,"enemies":"The Guardian","floor":16,"turns":8},{"damage":20,"enemies":"Chosen","floor":18,"turns":6},{"damage":23,"enemies":"2 Thieves","floor":19,"turns":4},{"damage":8,"enemies":"Snecko","floor":20,"turns":5},{"damage":0,"enemies":"3 Cultists","floor":21,"turns":3},{"damage":0,"enemies":"Cultist and Chosen","floor":24,"turns":4},{"damage":24,"enemies":"Book of Stabbing","floor":25,"turns":5},{"damage":21,"enemies":"Shelled Parasite and Fungi","floor":27,"turns":5},{"damage":15,"enemies":"Snecko","floor":29,"turns":4},{"damage":3,"enemies":"Sentry and Sphere","floor":31,"turns":3},{"damage":84,"enemies":"Champ","floor":33,"turns":7}],"seed_played":"5843044746085058005","potions_obtained":[{"floor":2,"key":"EssenceOfSteel"},{"floor":8,"key":"LiquidBronze"},{"floor":16,"key":"Explosive Potion"},{"floor":18,"key":"Explosive Potion"},{"floor":19,"key":"Explosive Potion"}],"is_trial":false,"path_per_floor":["M","M","?","?","$","E","R","E","T","M","R","M","R","M","R","B",null,"M","M","M","M","?","R","M","E","T","M","$","M","R","M","R","B"],"character_chosen":"DEFECT","items_purchased":["Happy Flower","Master of Strategy","Storm+1","Ancient Tea Set"],"campfire_rested":1,"item_purchase_floors":[5,28,28,28],"current_hp_per_floor":[73,73,73,73,73,58,58,42,42,42,42,40,40,31,53,24,75,75,72,75,75,75,75,75,61,61,60,60,65,65,72,72,0],"gold":179,"neow_bonus":"RANDOM_COLORLESS","is_prod":false,"is_daily":false,"chose_seed":false,"campfire_upgraded":3,"win_rate":0,"timestamp":1549576302,"path_taken":["M","M","?","?","$","E","R","E","T","M","R","M","R","M","R","BOSS","M","M","M","M","?","R","M","E","T","?","$","M","R","M","R","BOSS"],"build_version":"2019-01-23","purchased_purges":1,"victory":false,"max_hp_per_floor":[75,75,75,75,75,75,75,75,75,75,75,75,75,75,75,75,75,75,75,75,75,75,75,75,75,75,75,75,75,75,75,75,75],"card_choices":[{"not_picked":["Lockon","Sweeping Beam"],"picked":"Consume","floor":1},{"not_picked":["Stack","Doom and Gloom"],"picked":"FTL","floor":2},{"not_picked":["Storm","White Noise"],"picked":"Darkness","floor":6},{"not_picked":["Go for the Eyes","Cold Snap"],"picked":"Conserve Battery","floor":8},{"not_picked":["Double Energy","Streamline"],"picked":"Hologram","floor":10},{"not_picked":["Compile Driver","Streamline"],"picked":"Leap","floor":12},{"not_picked":["Rebound","Compile Driver"],"picked":"Gash","floor":14},{"not_picked":["Meteor Strike","Creative AI"],"picked":"Biased Cognition","floor":16},{"not_picked":["Coolheaded+1","Turbo+1"],"picked":"Sweeping Beam+1","floor":18},{"not_picked":["Loop","Self Repair"],"picked":"Darkness+1","floor":19},{"not_picked":["Hyperbeam","Coolheaded+1"],"picked":"FTL","floor":20},{"not_picked":["Ball Lightning","Stack"],"picked":"Auto Shields+1","floor":21},{"not_picked":["Conserve Battery+1","Recycle+1"],"picked":"Doom and Gloom","floor":24},{"not_picked":["Streamline","Steam"],"picked":"Loop+1","floor":25},{"not_picked":["Cold Snap+1","Aggregate","Barrage"],"picked":"SKIP","floor":27},{"not_picked":["Beam Cell","Doom and Gloom"],"picked":"Reprogram","floor":29},{"not_picked":["Steam","Doom and Gloom"],"picked":"Hologram","floor":31}],"player_experience":228422,"relics_obtained":[{"floor":6,"key":"Incense Burner"},{"floor":8,"key":"Mummified Hand"},{"floor":9,"key":"Girya"},{"floor":25,"key":"Vajra"},{"floor":26,"key":"Frozen Egg 2"}],"event_choices":[{"cards_removed":["Strike_B"],"damage_healed":0,"gold_gain":0,"player_choice":"Card Removal","damage_taken":0,"max_hp_gain":0,"max_hp_loss":0,"event_name":"The Cleric","floor":3,"gold_loss":50},{"damage_healed":0,"gold_gain":175,"player_choice":"AGREE","damage_taken":0,"max_hp_gain":0,"max_hp_loss":0,"event_name":"Liars Game","floor":4,"gold_loss":0,"cards_obtained":["Doubt"]},{"damage_healed":0,"gold_gain":250,"player_choice":"Bet on Owner","damage_taken":0,"max_hp_gain":0,"max_hp_loss":0,"event_name":"The Joust","floor":22,"gold_loss":50}],"is_beta":false,"boss_relics":[{"not_picked":["Orrery","Calling Bell"],"picked":"Astrolabe"}],"items_purged_floors":[5],"is_endless":false,"potions_floor_spawned":[2,8,16,18,19,20],"killed_by":"Champ","ascension_level":2}