{"gold_per_floor":[109,128,128,53,69,103,103,134,134,134],"floor_reached":10,"playtime":469,"items_purged":["Regret"],"score":87,"play_id":"a78c64dc-9d49-4eb6-a771-079f373b531c","local_time":"20181031213440","is_ascension_mode":true,"campfire_choices":[{"floor":7,"key":"REST"}],"neow_cost":"NONE","seed_source_timestamp":1071177359936904,"circlet_count":0,"master_deck":["Defend_G","Defend_G","Defend_G","Defend_G","Defend_G","Strike_G","Strike_G","Strike_G","Strike_G","Strike_G","Survivor","Neutralize","Dash","Backstab","Dash"],"relics":["Ring of the Snake","Gremlin Horn","Boot","Snake Skull","Letter Opener"],"potions_floor_usage":[6,6,10],"damage_taken":[{"damage":3,"enemies":"2 Louse","floor":1,"turns":3},{"damage":1,"enemies":"Jaw Worm","floor":2,"turns":4},{"damage":1,"enemies":"Cultist","floor":5,"turns":4},{"damage":42,"enemies":"Lagavulin","floor":6,"turns":12},{"damage":46,"enemies":"Gremlin Nob","floor":8,"turns":6},{"damage":7,"enemies":"Lagavulin","floor":10,"turns":5}],"seed_played":"-8951195557639249882","potions_obtained":[{"floor":1,"key":"GhostInAJar"},{"floor":5,"key":"SkillPotion"},{"floor":8,"key":"GamblersBrew"}],"is_trial":false,"path_per_floor":["M","M","?","$","M","E","R","E","T"],"character_chosen":"THE_SILENT","items_purchased":[],"campfire_rested":1,"item_purchase_floors":[],"current_hp_per_floor":[74,73,73,73,72,30,53,7,7,0],"gold":134,"neow_bonus":"TEN_PERCENT_HP_BONUS","is_prod":false,"is_daily":false,"chose_seed":false,"campfire_upgraded":0,"win_rate":0,"timestamp":1541039680,"path_taken":["M","M","?","$","M","E","R","E","T","E"],"build_version":"2018-10-25v2","purchased_purges":1,"victory":false,"max_hp_per_floor":[77,77,77,77,77,77,77,77,77,77],"card_choices":[{"not_picked":["Slice","Masterful Stab"],"picked":"Dash","floor":1},{"not_picked":["Blade Dance","Dagger Spray","Poisoned Stab"],"picked":"SKIP","floor":2},{"not_picked":["Endless Agony","Choke","Blade Dance"],"picked":"SKIP","floor":5},{"not_picked":["Poisoned Stab","Escape Plan"],"picked":"Backstab","floor":6},{"not_picked":["Slice","Burst"],"picked":"Dash","floor":8}],"player_experience":150805,"relics_obtained":[{"floor":6,"key":"Boot"},{"floor":8,"key":"Snake Skull"},{"floor":9,"key":"Letter Opener"}],"event_choices":[{"damage_healed":0,"gold_gain":0,"player_choice":"Box","damage_taken":0,"relics_obtained":["Gremlin Horn"],"max_hp_gain":0,"max_hp_loss":0,"event_name":"Big Fish","floor":3,"gold_loss":0,"cards_obtained":["Regret"]}],"is_beta":false,"boss_relics":[],"items_purged_floors":[4],"is_endless":false,"potions_floor_spawned":[1,5,8],"killed_by":"Lagavulin","ascension_level":3}