{"gold_per_floor":[111,189,208,226,241,241,241,316,316,345,7,36,51,51,51,148,148,166,180,180,195,294,294,306,318,372,387,413,413,80,105,105,205,205,220,220,240,257,267,293,310,310,310,326,326,2,2,2,2,2],"floor_reached":50,"playtime":3474,"items_purged":[],"score":624,"play_id":"d81a1200-93ad-443b-8b03-cceaf65c774c","local_time":"20180728030701","is_ascension_mode":false,"campfire_choices":[{"floor":7,"key":"REST"},{"data":"Defragment","floor":15,"key":"SMITH"},{"data":"Dualcast","floor":23,"key":"SMITH"},{"floor":32,"key":"REST"},{"floor":42,"key":"REST"},{"floor":45,"key":"REST"},{"floor":49,"key":"REST"}],"neow_cost":"","seed_source_timestamp":1320534510211425,"circlet_count":0,"master_deck":["Strike_B","Strike_B","Strike_B","Strike_B","Defend_B","Defend_B","Defend_B","Defend_B","Zap+1","Dualcast+1","Melter+1","Redo+1","Ball Lightning","Hologram+1","Conserve Battery+1","Defragment+1","Ball Lightning","All For One","Sweeping Beam","Static Discharge+1","Redo+1","Streamline+1","Gash+1","Electrodynamics","Scrape","Buffer","Zap+1","Conserve Battery+1","Panache","Flash of Steel","Beam Cell","Seek+1","Steam+1","Steam+1","Beam Cell","Defragment","Gash+1","Gash","Madness+1","Madness+1","Steam+1","Double Energy+1","Leap+1","BootSequence+1","Rebound","Jack Of All Trades+1","Static Discharge","Stack+1"],"relics":["Cracked Core","Toxic Egg 2","Ornamental Fan","Kunai","Happy Flower","Lee\u0027s Waffle","Art of War","Blue Candle","Lizard Tail","Tiny Chest","Letter Opener","Regal Pillow","Orrery","Omamori","Molten Egg 2","Sundial"],"potions_floor_usage":[16,21,24,31,37,39,44,50,50,50],"damage_taken":[{"damage":1,"enemies":"Cultist","floor":1,"turns":3},{"damage":11,"enemies":"Jaw Worm","floor":3,"turns":2},{"damage":7,"enemies":"2 Louse","floor":4,"turns":2},{"damage":0,"enemies":"Large Slime","floor":5,"turns":3},{"damage":8,"enemies":"Gremlin Nob","floor":10,"turns":3},{"damage":12,"enemies":"Lagavulin","floor":12,"turns":4},{"damage":0,"enemies":"2 Fungi Beasts","floor":13,"turns":2},{"damage":0,"enemies":"Slime Boss","floor":16,"turns":6},{"damage":0,"enemies":"Spheric Guardian","floor":18,"turns":2},{"damage":0,"enemies":"Chosen","floor":19,"turns":3},{"damage":5,"enemies":"Snecko","floor":21,"turns":4},{"damage":8,"enemies":"Centurion and Healer","floor":24,"turns":4},{"damage":7,"enemies":"3 Cultists","floor":25,"turns":4},{"damage":10,"enemies":"Cultist and Chosen","floor":27,"turns":4},{"damage":15,"enemies":"Gremlin Leader","floor":28,"turns":6},{"damage":12,"enemies":"Book of Stabbing","floor":31,"turns":4},{"damage":69,"enemies":"Collector","floor":33,"turns":7},{"damage":5,"enemies":"Orb Walker","floor":35,"turns":3},{"damage":13,"enemies":"3 Shapes","floor":37,"turns":3},{"damage":22,"enemies":"3 Darklings","floor":38,"turns":3},{"damage":18,"enemies":"4 Shapes","floor":39,"turns":6},{"damage":0,"enemies":"Nemesis","floor":40,"turns":5},{"damage":36,"enemies":"Flame Bruiser 2 Orb","floor":41,"turns":3},{"damage":43,"enemies":"Transient","floor":44,"turns":5},{"damage":0,"floor":47,"turns":4},{"damage":133,"enemies":"Time Eater","floor":50,"turns":10}],"seed_played":"-7166574106468624659","potions_obtained":[{"floor":1,"key":"FairyPotion"},{"floor":4,"key":"Fire Potion"},{"floor":10,"key":"GamblersBrew"},{"floor":13,"key":"Block Potion"},{"floor":18,"key":"Poison Potion"},{"floor":19,"key":"Fruit Juice"},{"floor":27,"key":"AttackPotion"},{"floor":33,"key":"Ancient Potion"},{"floor":35,"key":"Block Potion"},{"floor":39,"key":"SteroidPotion"},{"floor":40,"key":"GamblersBrew"}],"is_trial":false,"path_per_floor":["M","T","M","M","M","?","R","?","T","E","$","E","M","?","R","B",null,"M","M","?","M","?","R","M","M","T","M","E","?","$","E","R","B",null,"M","?","M","M","M","E","M","R","T","M","R","$","?","$","R"],"character_chosen":"DEFECT","items_purchased":["Happy Flower","Lee\u0027s Waffle","Panache","Flash of Steel","Beam Cell","Jack Of All Trades+1","Fire Potion","Poison Potion","Weak Potion","Static Discharge"],"campfire_rested":5,"item_purchase_floors":[11,11,30,30,30,46,46,46,46,46],"current_hp_per_floor":[74,74,63,56,56,41,63,52,52,44,82,70,70,67,67,67,82,82,82,82,82,82,82,74,67,67,57,42,42,42,30,71,2,87,82,71,58,36,18,18,8,49,49,6,47,47,47,47,87,0],"gold":2,"neow_bonus":"","is_prod":false,"is_daily":false,"chose_seed":false,"campfire_upgraded":2,"win_rate":0,"timestamp":1532736421,"path_taken":["M","?","M","M","M","?","R","?","T","E","$","E","?","?","R","BOSS","M","M","?","M","?","R","M","M","T","M","E","?","$","E","R","BOSS","M","?","M","?","M","E","M","R","T","M","R","$","?","?","R","BOSS"],"build_version":"2018-07-26","purchased_purges":0,"victory":false,"max_hp_per_floor":[75,75,75,75,75,75,75,75,75,75,82,82,82,82,82,82,82,82,82,82,87,87,87,87,87,87,87,87,87,87,87,87,87,87,87,87,87,87,87,87,87,87,87,87,87,87,87,87,87,87],"card_choices":[{"not_picked":["Gash","Ball Lightning"],"picked":"Melter","floor":1},{"not_picked":["Auto Shields+1","Sweeping Beam"],"picked":"Redo+1","floor":3},{"not_picked":["Scrape","Darkness+1"],"picked":"Ball Lightning","floor":4},{"not_picked":["Gash","Rebound"],"picked":"Hologram+1","floor":5},{"not_picked":["Undo+1","Storm"],"picked":"Conserve Battery+1","floor":10},{"not_picked":["Beam Cell","Electrodynamics"],"picked":"Defragment","floor":12},{"not_picked":["Gash","Steam+1"],"picked":"Ball Lightning","floor":13},{"not_picked":["Reboot+1","Electrodynamics"],"picked":"All For One","floor":16},{"not_picked":["Hologram+1","Blizzard"],"picked":"Sweeping Beam","floor":18},{"not_picked":["Compile Driver","Rebound"],"picked":"Static Discharge+1","floor":19},{"not_picked":["Go for the Eyes+1","Heatsinks"],"picked":"Streamline+1","floor":21},{"not_picked":["Barrage","Redo+1"],"picked":"Gash+1","floor":24},{"not_picked":["Auto Shields+1","Compile Driver"],"picked":"Electrodynamics","floor":25},{"not_picked":["White Noise+1","Storm"],"picked":"Scrape","floor":27},{"not_picked":["Reprogram+1","Thunder Strike"],"picked":"Buffer","floor":28},{"not_picked":["Capacitor+1","Compile Driver","Streamline+1"],"picked":"SKIP","floor":31},{"not_picked":["Biased Cognition","Fission+1"],"picked":"Seek+1","floor":33},{"not_picked":["Sweeping Beam+1","Lockon"],"picked":"Steam+1","floor":34},{"not_picked":["Streamline+1","Cold Snap"],"picked":"Steam+1","floor":34},{"not_picked":["Skim+1","Leap+1"],"picked":"Beam Cell","floor":34},{"not_picked":["Streamline","Beam Cell"],"picked":"Defragment","floor":34},{"not_picked":["Barrage","Sweeping Beam"],"picked":"Gash+1","floor":34},{"not_picked":["Tempest+1","Recycle+1"],"picked":"Gash","floor":35},{"not_picked":["Genetic Algorithm+1","Barrage"],"picked":"Steam+1","floor":37},{"not_picked":["Leap+1","Skim+1"],"picked":"Double Energy+1","floor":38},{"not_picked":["Lockon+1","Barrage+1"],"picked":"Leap+1","floor":39},{"not_picked":["Hologram+1","Go for the Eyes"],"picked":"BootSequence+1","floor":40},{"not_picked":["Blizzard","Steam Power+1"],"picked":"Rebound","floor":41},{"not_picked":["Fission+1","Barrage+1","Force Field+1"],"picked":"SKIP","floor":44},{"not_picked":["Aggregate+1","Sunder+1"],"picked":"Stack+1","floor":47}],"player_experience":142472,"relics_obtained":[{"floor":2,"key":"Toxic Egg 2"},{"floor":9,"key":"Ornamental Fan"},{"floor":10,"key":"Kunai"},{"floor":12,"key":"Art of War"},{"floor":26,"key":"Tiny Chest"},{"floor":28,"key":"Letter Opener"},{"floor":31,"key":"Regal Pillow"},{"floor":40,"key":"Omamori"},{"floor":43,"key":"Molten Egg 2"},{"floor":47,"key":"Sundial"}],"event_choices":[{"event_name":"Shining Light","player_choice":"Entered Light","floor":6,"damage_taken":0},{"event_name":"World of Goop","player_choice":"Gather Gold","floor":8,"damage_taken":0},{"event_name":"Scrap Ooze","player_choice":"success","floor":14,"damage_taken":3},{"event_name":"Duplicator","player_choice":"One dupe","floor":20,"damage_taken":0},{"event_name":"Nest","player_choice":"Stole From Cult","floor":22,"damage_taken":0},{"event_name":"Match and Keep!","player_choice":"2 cards matched","floor":29,"damage_taken":0},{"event_name":"Winding Halls","player_choice":"Embrace Madness","floor":36,"damage_taken":0},{"event_name":"MindBloom","player_choice":"Fight","floor":47,"damage_taken":0}],"is_beta":false,"boss_relics":[{"not_picked":["Eternal Feather","Empty Cage"],"picked":"Lizard Tail"},{"not_picked":["Black Star","Runic Dome"],"picked":"Orrery"}],"items_purged_floors":[],"is_endless":false,"potions_floor_spawned":[1,4,10,13,18,19,27,33,35,39,40,47],"killed_by":"Time Eater","ascension_level":0}