{"gold_per_floor":[112,129,146,165,185,210,210,228,228,245,245,261,279,308,308,308],"floor_reached":16,"playtime":1275,"items_purged":[],"score":118,"play_id":"63e1f441-d7ec-496a-93f0-93f1b44c8fe5","local_time":"20180723164430","is_ascension_mode":false,"campfire_choices":[{"data":"Bash","floor":7,"key":"SMITH"},{"data":"Shrug It Off","floor":15,"key":"SMITH"}],"neow_cost":"FIFTY_PERCENT_DAMAGE","seed_source_timestamp":939772794768203,"circlet_count":0,"master_deck":["Strike_R","Strike_R","Strike_R","Strike_R","Defend_R","Defend_R","Defend_R","Defend_R","Bash+1","Impervious","True Grit","Shrug It Off+1","Carnage"],"relics":["Burning Blood","Oddly Smooth Stone","Pantograph","Juzu Bracelet"],"potions_floor_usage":[6,6,14,16,16],"damage_taken":[{"damage":0,"enemies":"2 Louse","floor":1,"turns":3},{"damage":6,"enemies":"Cultist","floor":2,"turns":3},{"damage":5,"enemies":"Small Slimes","floor":3,"turns":4},{"damage":8,"enemies":"Looter","floor":4,"turns":3},{"damage":8,"enemies":"2 Fungi Beasts","floor":5,"turns":7},{"damage":4,"enemies":"3 Sentries","floor":6,"turns":14},{"damage":0,"enemies":"Large Slime","floor":8,"turns":9},{"damage":0,"enemies":"Exordium Wildlife","floor":10,"turns":6},{"damage":5,"enemies":"Exordium Thugs","floor":12,"turns":4},{"damage":8,"enemies":"Looter","floor":13,"turns":4},{"damage":25,"enemies":"Lagavulin","floor":14,"turns":9},{"damage":82,"enemies":"The Guardian","floor":16,"turns":21}],"seed_played":"-3214630071741194114","potions_obtained":[{"floor":1,"key":"EssenceOfSteel"},{"floor":3,"key":"Explosive Potion"},{"floor":5,"key":"Block Potion"},{"floor":8,"key":"Fire Potion"},{"floor":10,"key":"Regen Potion"}],"is_trial":false,"path_per_floor":["M","M","M","M","M","E","R","M","T","M","?","M","M","E","R"],"character_chosen":"IRONCLAD","items_purchased":[],"campfire_rested":0,"item_purchase_floors":[],"current_hp_per_floor":[46,46,47,45,43,45,45,51,51,57,57,58,56,37,37,0],"gold":308,"neow_bonus":"THREE_RARE_CARDS","is_prod":false,"is_daily":false,"chose_seed":false,"campfire_upgraded":2,"win_rate":0,"timestamp":1532353470,"path_taken":["M","M","M","M","M","E","R","M","T","M","?","M","M","E","R","BOSS"],"build_version":"2018-07-19v2","purchased_purges":0,"victory":false,"max_hp_per_floor":[80,80,80,80,80,80,80,80,80,80,80,80,80,80,80,80],"card_choices":[{"not_picked":["Dark Embrace","Fiend Fire"],"picked":"Impervious","floor":0},{"not_picked":["Hemokinesis","Anger"],"picked":"True Grit","floor":1},{"not_picked":["Body Slam","Bloodletting","Sword Boomerang"],"picked":"SKIP","floor":2},{"not_picked":["Headbutt","Battle Trance","Sword Boomerang"],"picked":"SKIP","floor":3},{"not_picked":["Uppercut","Headbutt","Reckless Charge"],"picked":"SKIP","floor":4},{"not_picked":["Pommel Strike","Flex"],"picked":"Shrug It Off","floor":5},{"not_picked":["Infernal Blade","Spot Weakness","Burning Pact"],"picked":"SKIP","floor":6},{"not_picked":["Anger","Combust","Iron Wave"],"picked":"SKIP","floor":8},{"not_picked":["Power Through","Bloodletting","Twin Strike"],"picked":"SKIP","floor":10},{"not_picked":["Iron Wave","Fire Breathing","Heavy Blade"],"picked":"SKIP","floor":12},{"not_picked":["Fiend Fire","Havoc","Perfected Strike"],"picked":"SKIP","floor":13},{"not_picked":["Rupture","Bludgeon","Carnage"],"picked":"SKIP","floor":14}],"player_experience":130332,"relics_obtained":[{"floor":6,"key":"Oddly Smooth Stone"},{"floor":9,"key":"Pantograph"},{"floor":14,"key":"Juzu Bracelet"}],"event_choices":[{"event_name":"Living Wall","player_choice":"Change","floor":11,"damage_taken":0}],"is_beta":false,"boss_relics":[],"items_purged_floors":[],"is_endless":false,"potions_floor_spawned":[1,3,5,8,10],"killed_by":"The Guardian","ascension_level":0}