{"path_per_floor":["M","M","M","M","?","R","?","R","T","M","$","R","T","E","R","B",null,"M","?","?","?","M","R","M","M","T","R","$","?","?","E","R","B",null,"M","M","M","$","T","R","M","M","T","M","R","E","T","M","R","B"],"character_chosen":"IRONCLAD","items_purchased":["Inflame","Lantern"],"gold_per_floor":[118,129,148,168,243,243,243,243,243,258,145,145,145,177,177,282,282,282,282,282,282,237,237,237,237,237,237,88,11,11,11,11,11,11,11,11,11,11,11,11,11,11,11,11,11,11,11,11,11,11],"floor_reached":51,"campfire_rested":2,"playtime":3534,"current_hp_per_floor":[71,71,77,80,69,69,69,69,69,72,72,72,72,54,54,43,71,68,75,75,58,53,53,53,59,59,59,59,59,59,62,62,45,80,83,74,56,56,56,83,64,63,77,74,74,52,52,39,70,31],"items_purged":["Strike_R"],"gold":11,"score":1021,"play_id":"f24589cf-96b6-4a80-ab94-7bd053e5f23f","local_time":"20180506030518","is_prod":false,"is_daily":false,"chose_seed":false,"is_ascension_mode":true,"campfire_upgraded":8,"timestamp":1525590318,"path_taken":["M","M","M","M","?","R","?","R","T","M","$","R","?","E","R","BOSS","M","?","?","?","?","R","M","M","T","R","$","?","?","E","R","BOSS","M","?","?","$","?","R","M","M","T","M","R","E","?","?","R","BOSS"],"build_version":"2018-05-03","seed_source_timestamp":359612757100749,"purchased_purges":1,"victory":true,"master_deck":["Strike_R+1","Strike_R+1","Strike_R+1","Strike_R+1","Defend_R+1","Defend_R+1","Defend_R+1","Defend_R+1","Bash+1","AscendersBane","Shrug It Off+1","Pommel Strike+1","Headbutt","True Grit+1","Inflame+1","Fiend Fire+1","Fiend Fire","Spot Weakness+1","J.A.X.+1","Double Tap","Flame Barrier+1","Fire Breathing+1","Bloodletting+1","Battle Trance+1","Reaper+1"],"max_hp_per_floor":[80,80,80,80,80,80,80,80,80,80,80,80,80,80,80,80,80,80,87,87,92,92,92,92,92,92,92,92,92,92,92,92,92,92,92,92,92,92,92,92,92,92,106,106,106,106,106,106,106,106],"relics":["Burning Blood","Anchor","Meat on the Bone","Frozen Egg 2","Bottled Tornado","Ectoplasm","Strawberry","War Paint","Lantern","Mummified Hand","Runic Pyramid","Art of War","Mango","Molten Egg 2","Darkstone Periapt"],"card_choices":[{"not_picked":["Intimidate","Evolve"],"picked":"Armaments","floor":1},{"not_picked":["Bloodletting","Disarm"],"picked":"Shrug It Off","floor":2},{"not_picked":["Warcry","Wild Strike"],"picked":"Pommel Strike","floor":3},{"not_picked":["Armaments","Wild Strike"],"picked":"Headbutt","floor":4},{"not_picked":["Armaments","Clash"],"picked":"True Grit","floor":10},{"not_picked":["Dual Wield","Sword Boomerang"],"picked":"Fiend Fire","floor":14},{"not_picked":["Bludgeon","Impervious"],"picked":"Fiend Fire","floor":16},{"not_picked":["Combust","Flame Barrier"],"picked":"Spot Weakness","floor":24},{"not_picked":["Juggernaut","Bludgeon"],"picked":"Double Tap","floor":33},{"not_picked":["Cleave","Body Slam"],"picked":"Flame Barrier","floor":35},{"not_picked":["Twin Strike","Cleave"],"picked":"Fire Breathing","floor":36},{"not_picked":["Wild Strike","Pommel Strike"],"picked":"Bloodletting","floor":42},{"not_picked":["Anger","Burning Pact"],"picked":"Battle Trance","floor":44},{"not_picked":["Shockwave","Anger"],"picked":"Reaper","floor":46}],"player_experience":518788,"potions_floor_usage":[16,16,25,31,33,33,42,44,50,50],"damage_taken":[{"damage":7,"enemies":"Small Slimes","floor":1,"turns":3},{"damage":6,"enemies":"Jaw Worm","floor":2,"turns":5},{"damage":0,"enemies":"Cultist","floor":3,"turns":5},{"damage":2,"enemies":"Looter","floor":4,"turns":5},{"damage":3,"enemies":"Exordium Wildlife","floor":10,"turns":6},{"damage":24,"enemies":"Lagavulin","floor":14,"turns":7},{"damage":29,"enemies":"Hexaghost","floor":16,"turns":8},{"damage":9,"enemies":"Shell Parasite","floor":18,"turns":4},{"damage":23,"enemies":"2 Thieves","floor":22,"turns":3},{"damage":18,"enemies":"Snecko","floor":24,"turns":3},{"damage":12,"enemies":"Snake Plant","floor":25,"turns":3},{"damage":15,"enemies":"Slavers","floor":31,"turns":5},{"damage":35,"enemies":"Collector","floor":33,"turns":6},{"damage":3,"enemies":"3 Shapes","floor":35,"turns":5},{"damage":15,"enemies":"Orb Walker","floor":36,"turns":3},{"damage":24,"enemies":"4 Shapes","floor":37,"turns":8},{"damage":25,"enemies":"Maw","floor":41,"turns":6},{"damage":7,"enemies":"Sphere and 2 Shapes","floor":42,"turns":7},{"damage":21,"enemies":"3 Darklings","floor":44,"turns":5},{"damage":40,"enemies":"2 Orb Walkers","floor":46,"turns":4},{"damage":39,"enemies":"Maw","floor":48,"turns":6},{"damage":79,"enemies":"Donu and Deca","floor":50,"turns":8}],"event_choices":[{"event_name":"World of Goop","player_choice":"Gather Gold","floor":5,"damage_taken":0},{"event_name":"Liars Game","player_choice":"disagreed","floor":7,"damage_taken":0},{"event_name":"The Mausoleum","player_choice":"Yes","floor":19,"damage_taken":0},{"event_name":"Back to Basics","player_choice":"Simplicity","floor":20,"damage_taken":0},{"event_name":"Forgotten Altar","player_choice":"Shed Blood","floor":21,"damage_taken":0},{"event_name":"Drug Dealer","player_choice":"Got JAXXED","floor":29,"damage_taken":0},{"event_name":"Purifier","player_choice":"One Purge","floor":30,"damage_taken":0}],"boss_relics":[{"not_picked":["Runic Dome","Lizard Tail"],"picked":"Ectoplasm"},{"not_picked":["Eternal Feather","Tiny House"],"picked":"Runic Pyramid"}],"potions_floor_spawned":[1,4,10,16,18,24,31,41,42,46,48],"seed_played":"-1852188778480107621","ascension_level":10,"is_trial":false}