{"gold_per_floor":[109,121,72,72,88,88,101,132,132,149,149,163,163,173,173,276,276,293,305,323,323,337,337,372,372,372,397,196,214,138,158,158,263,263,277,277],"floor_reached":36,"playtime":2151,"items_purged":["Strike_B"],"score":408,"play_id":"b9be4578-81f4-4772-a6ed-08c39976de5c","local_time":"20190301214008","is_ascension_mode":false,"campfire_choices":[{"data":"Zap","floor":6,"key":"SMITH"},{"data":"Static Discharge","floor":11,"key":"SMITH"},{"data":"Coolheaded","floor":13,"key":"SMITH"},{"data":"Hologram","floor":15,"key":"SMITH"},{"data":"Zap","floor":23,"key":"SMITH"},{"data":"Self Repair","floor":25,"key":"SMITH"},{"data":"Hologram","floor":32,"key":"SMITH"}],"neow_cost":"NONE","seed_source_timestamp":120819576001847,"circlet_count":0,"master_deck":["Strike_B","Strike_B","Strike_B","Defend_B","Defend_B","Defend_B+1","Defend_B","Zap+1","Dualcast+1","Leap","Coolheaded+1","Streamline+1","Static Discharge+1","Turbo+1","Compile Driver","Hologram+1","Electrodynamics","Steam","Go for the Eyes+1","Zap+1","FTL","Self Repair+1","Hologram+1","Capacitor+1","Cold Snap","Biased Cognition+1","Auto Shields","Buffer+1","Sweeping Beam"],"relics":["Cracked Core","Pantograph","Letter Opener","Sozu","Cables","War Paint","Frozen Egg 2","Nuclear Battery"],"potions_floor_usage":[],"damage_taken":[{"damage":0,"enemies":"2 Louse","floor":1,"turns":2},{"damage":1,"enemies":"Jaw Worm","floor":2,"turns":4},{"damage":0,"enemies":"Cultist","floor":5,"turns":2},{"damage":8,"enemies":"Exordium Wildlife","floor":7,"turns":3},{"damage":15,"enemies":"3 Sentries","floor":8,"turns":7},{"damage":6,"enemies":"Blue Slaver","floor":10,"turns":3},{"damage":4,"enemies":"3 Louse","floor":12,"turns":3},{"damage":0,"enemies":"Exordium Thugs","floor":14,"turns":3},{"damage":23,"enemies":"Hexaghost","floor":16,"turns":7},{"damage":5,"enemies":"2 Thieves","floor":18,"turns":3},{"damage":0,"enemies":"Chosen","floor":19,"turns":4},{"damage":6,"enemies":"Centurion and Healer","floor":20,"turns":4},{"damage":9,"enemies":"Snecko","floor":22,"turns":6},{"damage":13,"enemies":"Book of Stabbing","floor":24,"turns":4},{"damage":25,"enemies":"Slavers","floor":27,"turns":4},{"damage":20,"enemies":"Snake Plant","floor":29,"turns":2},{"damage":1,"enemies":"Cultist and Chosen","floor":31,"turns":4},{"damage":24,"enemies":"Champ","floor":33,"turns":9},{"damage":13,"enemies":"3 Darklings","floor":35,"turns":3}],"seed_played":"1726718038207184948","potions_obtained":[{"floor":7,"key":"Swift Potion"},{"floor":10,"key":"Regen Potion"},{"floor":12,"key":"Poison Potion"},{"floor":14,"key":"Explosive Potion"}],"is_trial":false,"path_per_floor":["M","M","$","?","M","R","M","E","T","M","R","M","R","M","R","B",null,"M","M","M","?","M","R","E","R","T","E","$","M","$","M","R","B",null,"M","$"],"character_chosen":"DEFECT","items_purchased":["Streamline","Capacitor+1","Cold Snap","Auto Shields"],"campfire_rested":0,"item_purchase_floors":[3,28,28,30],"current_hp_per_floor":[82,81,81,65,65,65,57,42,42,36,36,32,32,32,32,34,82,77,77,71,71,62,62,49,49,49,24,24,14,14,23,23,34,82,69,69],"gold":277,"neow_bonus":"TEN_PERCENT_HP_BONUS","is_prod":false,"is_daily":false,"chose_seed":false,"campfire_upgraded":7,"win_rate":0,"timestamp":1551469208,"path_taken":["M","M","$","?","M","R","M","E","T","M","R","M","R","M","R","BOSS","M","M","M","?","M","R","E","R","T","E","?","M","$","?","R","BOSS","M","$"],"build_version":"2019-01-23","purchased_purges":1,"victory":false,"max_hp_per_floor":[82,82,82,82,82,82,82,82,82,82,82,82,82,82,82,82,82,82,82,82,82,82,82,82,82,82,82,82,82,82,82,82,82,82,82,82],"card_choices":[{"not_picked":["Redo","Storm"],"picked":"Leap","floor":1},{"not_picked":["Leap","Steam"],"picked":"Coolheaded","floor":2},{"not_picked":["Gash","Skim","Scrape"],"picked":"SKIP","floor":5},{"not_picked":["Auto Shields","Melter"],"picked":"Static Discharge","floor":7},{"not_picked":["Aggregate","Force Field"],"picked":"Turbo","floor":8},{"not_picked":["Scrape","Gash","Darkness"],"picked":"SKIP","floor":10},{"not_picked":["Stack","Reprogram"],"picked":"Compile Driver","floor":12},{"not_picked":["Beam Cell","Ball Lightning"],"picked":"Hologram","floor":14},{"not_picked":["Amplify","Hyperbeam"],"picked":"Electrodynamics","floor":16},{"not_picked":["Hello World","Beam Cell","Hologram"],"picked":"SKIP","floor":18},{"not_picked":["Reprogram","Fusion"],"picked":"Steam","floor":19},{"not_picked":["Streamline+1","Steam"],"picked":"Go for the Eyes+1","floor":20},{"not_picked":["Force Field","Hologram"],"picked":"FTL","floor":22},{"not_picked":["FTL","Cold Snap+1"],"picked":"Self Repair","floor":24},{"not_picked":["BootSequence+1","Steam"],"picked":"Hologram","floor":27},{"not_picked":["Blizzard","Steam"],"picked":"Biased Cognition+1","floor":29},{"not_picked":["Ball Lightning","Redo","Scrape"],"picked":"SKIP","floor":31},{"not_picked":["Thunder Strike","Multi-Cast"],"picked":"Buffer+1","floor":33},{"not_picked":["Beam Cell","Heatsinks+1"],"picked":"Sweeping Beam","floor":35}],"player_experience":552119,"relics_obtained":[{"floor":8,"key":"Pantograph"},{"floor":9,"key":"Letter Opener"},{"floor":24,"key":"Cables"},{"floor":26,"key":"War Paint"},{"floor":27,"key":"Frozen Egg 2"}],"event_choices":[{"damage_healed":0,"gold_gain":0,"player_choice":"Entered Light","damage_taken":16,"max_hp_gain":0,"max_hp_loss":0,"event_name":"Shining Light","floor":4,"gold_loss":0,"cards_upgraded":["Streamline","Dualcast"]},{"damage_healed":0,"gold_gain":0,"player_choice":"1 cards matched","damage_taken":0,"max_hp_gain":0,"max_hp_loss":0,"event_name":"Match and Keep!","floor":21,"gold_loss":0,"cards_obtained":["Zap"]}],"is_beta":false,"boss_relics":[{"not_picked":["Lizard Tail","White Beast Statue"],"picked":"Sozu"},{"not_picked":["Busted Crown","Calling Bell"],"picked":"Nuclear Battery"}],"items_purged_floors":[28],"is_endless":false,"potions_floor_spawned":[7,10,12,14,16,19,20,22,31],"ascension_level":0}