{"path_per_floor":["M","$","M","M","M","R","E","?","T","R","M","R","M","M","R","B",null,"M","M","$","?","M","R","E","M","T","E","?","R","?","?","R"],"character_chosen":"IRONCLAD","items_purchased":["Perfected Strike","Meat on the Bone","Shrug It Off"],"gold_per_floor":[209,80,98,110,124,124,149,149,149,149,168,168,184,194,194,289,289,303,315,14,14,28,28,93,107,107,141,141,141,141,66,66,66],"floor_reached":33,"campfire_rested":0,"playtime":2117,"current_hp_per_floor":[64,64,70,68,62,62,45,45,45,45,49,49,54,49,49,24,68,63,36,36,36,53,53,26,35,35,39,39,39,39,39,39,0],"items_purged":["Defend_R"],"gold":66,"score":477,"play_id":"2e396223-1815-481d-87d3-5583c8fb64e7","local_time":"20180505120702","is_prod":false,"is_daily":false,"chose_seed":false,"is_ascension_mode":true,"campfire_upgraded":7,"timestamp":1525536422,"path_taken":["M","$","M","?","M","R","E","?","T","R","M","R","M","M","R","BOSS","M","M","$","?","M","R","E","M","T","E","?","R","?","?","R","BOSS"],"build_version":"2018-05-03","seed_source_timestamp":307143142971033,"purchased_purges":1,"victory":false,"master_deck":["Strike_R+1","Strike_R+1","Strike_R+1","Strike_R+1","Strike_R+1","Defend_R+1","Defend_R+1","Defend_R+1","Bash","Perfected Strike+1","Cleave","Bloodletting+1","Whirlwind+1","Feed+1","Disarm+1","Offering+1","Battle Trance+1","Pommel Strike","Pommel Strike","True Grit","Inflame","Shrug It Off","Writhe","Offering","Flex","Combust+1","Ghostly","Ghostly","Ghostly","Ghostly","Ghostly"],"max_hp_per_floor":[80,80,80,80,80,80,80,80,80,80,80,80,80,83,83,83,83,83,83,83,83,87,87,87,91,91,91,91,91,45,45,45,45],"relics":["Burning Blood","Centennial Puzzle","Blue Candle","Question Card","Orrery","Meat on the Bone","War Paint","Tiny Chest","Bottled Tornado","Juzu Bracelet"],"card_choices":[{"not_picked":["Sword Boomerang","Clothesline"],"picked":"Cleave","floor":3},{"not_picked":["Anger","Fire Breathing"],"picked":"Bloodletting","floor":5},{"not_picked":["Havoc","Metallicize"],"picked":"Whirlwind","floor":7},{"not_picked":["Heavy Blade","Sword Boomerang","Warcry"],"picked":"Twin Strike","floor":11},{"not_picked":["Wild Strike","Seeing Red","Twin Strike"],"picked":"Feed","floor":13},{"not_picked":["Havoc","Heavy Blade","Iron Wave"],"picked":"Disarm","floor":14},{"not_picked":["Demon Form","Fiend Fire","Juggernaut"],"picked":"Offering","floor":16},{"not_picked":["Infernal Blade","True Grit","Whirlwind"],"picked":"Battle Trance","floor":17},{"not_picked":["Flex","Armaments","Body Slam"],"picked":"Pommel Strike","floor":17},{"not_picked":["Demon Form","Reckless Charge","Armaments"],"picked":"Pommel Strike","floor":17},{"not_picked":["Headbutt","Dual Wield","Flex"],"picked":"True Grit","floor":17},{"not_picked":["Pommel Strike","Armaments","Body Slam"],"picked":"Inflame","floor":19},{"not_picked":["Carnage","Clothesline","Evolve"],"picked":"Offering","floor":22},{"not_picked":["Warcry","Iron Wave","Twin Strike"],"picked":"Flex","floor":24},{"not_picked":["Reckless Charge","Warcry","Anger"],"picked":"Combust","floor":25}],"player_experience":487946,"potions_floor_usage":[7,11,16,16,24,33],"damage_taken":[{"damage":14,"enemies":"Cultist","floor":1,"turns":6},{"damage":0,"enemies":"Small Slimes","floor":3,"turns":3},{"damage":8,"enemies":"2 Louse","floor":4,"turns":2},{"damage":12,"enemies":"Exordium Wildlife","floor":5,"turns":3},{"damage":23,"enemies":"Lagavulin","floor":7,"turns":3},{"damage":2,"enemies":"3 Louse","floor":11,"turns":2},{"damage":1,"enemies":"Gremlin Gang","floor":13,"turns":2},{"damage":14,"enemies":"Exordium Thugs","floor":14,"turns":2},{"damage":31,"enemies":"Slime Boss","floor":16,"turns":10},{"damage":11,"enemies":"Spheric Guardian","floor":18,"turns":3},{"damage":33,"enemies":"Chosen","floor":19,"turns":5},{"damage":5,"enemies":"Centurion and Healer","floor":22,"turns":5},{"damage":57,"enemies":"Book of Stabbing","floor":24,"turns":5},{"damage":13,"enemies":"3 Cultists","floor":25,"turns":4},{"damage":14,"enemies":"Gremlin Leader","floor":27,"turns":7},{"damage":56,"enemies":"Collector","floor":33,"turns":6}],"event_choices":[{"event_name":"Wheel of Change","player_choice":"Relic","floor":8,"damage_taken":0},{"event_name":"The Mausoleum","player_choice":"Yes","floor":21,"damage_taken":0},{"event_name":"Back to Basics","player_choice":"Simplicity","floor":28,"damage_taken":0},{"event_name":"Ghosts","player_choice":"Became a Ghost","floor":30,"damage_taken":0},{"event_name":"Beggar","player_choice":"Gave Gold","floor":31,"damage_taken":0}],"boss_relics":[{"not_picked":["Black Star","Astrolabe"],"picked":"Orrery"}],"potions_floor_spawned":[1,5,7,13,22,27],"seed_played":"8552364784067189783","killed_by":"Collector","ascension_level":9,"is_trial":false}