{"gold_per_floor":[109,123,140,152,164,164,191,191,191,220,220,234,234,234,234,335,335,355,369,111,111,111,111,140,140,140,165,165,165,177,188,188,188],"floor_reached":33,"playtime":1070,"items_purged":["Defend_B"],"score":394,"play_id":"a050e72f-00df-4234-a4f2-548b09b56d34","local_time":"20180928203502","is_ascension_mode":true,"campfire_choices":[{"data":"Dualcast","floor":6,"key":"SMITH"},{"data":"Hyperbeam","floor":13,"key":"SMITH"},{"data":"Beam Cell","floor":15,"key":"SMITH"},{"data":"RitualDagger","floor":23,"key":"SMITH"},{"data":"Hologram","floor":25,"key":"SMITH"},{"data":"Seek","floor":29,"key":"SMITH"},{"data":"Turbo","floor":32,"key":"SMITH"}],"neow_cost":"TEN_PERCENT_HP_LOSS","seed_source_timestamp":446213604896551,"circlet_count":0,"master_deck":["Strike_B","Strike_B","Strike_B","Strike_B","Defend_B","Defend_B","Defend_B","Zap","Dualcast+1","Beam Cell+1","Ball Lightning","Self Repair","Machine Learning","Double Energy","Gash","Sunder+1","Hyperbeam+1","Seek+1","Hologram+1","Beam Cell+1","RitualDagger+1","Streamline+1","Normality","Gash","Regret","Steam","Turbo+1"],"relics":["Cracked Core","Ice Cream","Pear","The Courier","Bottled Tornado","Cursed Key","Meat on the Bone","Darkstone Periapt","Question Card","Bag of Preparation","Turnip"],"potions_floor_usage":[16,18,24,31,33],"damage_taken":[{"damage":0,"enemies":"Cultist","floor":1,"turns":3},{"damage":5,"enemies":"2 Louse","floor":2,"turns":3},{"damage":2,"enemies":"Jaw Worm","floor":3,"turns":2},{"damage":6,"enemies":"Blue Slaver","floor":4,"turns":4},{"damage":0,"enemies":"Large Slime","floor":5,"turns":4},{"damage":37,"enemies":"Gremlin Nob","floor":7,"turns":4},{"damage":30,"enemies":"3 Sentries","floor":10,"turns":7},{"damage":0,"enemies":"2 Fungi Beasts","floor":12,"turns":2},{"damage":28,"enemies":"The Guardian","floor":16,"turns":6},{"damage":17,"enemies":"2 Thieves","floor":18,"turns":3},{"damage":12,"enemies":"Chosen","floor":19,"turns":3},{"damage":13,"enemies":"Gremlin Leader","floor":24,"turns":3},{"damage":29,"enemies":"Slavers","floor":27,"turns":2},{"damage":8,"enemies":"Centurion and Healer","floor":30,"turns":4},{"damage":13,"enemies":"Snecko","floor":31,"turns":3},{"damage":72,"enemies":"Champ","floor":33,"turns":7}],"seed_played":"-8352624982357901990","potions_obtained":[{"floor":2,"key":"Ancient Potion"},{"floor":10,"key":"LiquidBronze"},{"floor":12,"key":"FocusPotion"},{"floor":16,"key":"SpeedPotion"},{"floor":18,"key":"PowerPotion"},{"floor":30,"key":"PowerPotion"},{"floor":31,"key":"EssenceOfSteel"}],"is_trial":false,"path_per_floor":["M","M","M","M","M","R","E","?","T","E","?","M","R","?","R","B",null,"M","M","$","?","?","R","E","R","T","E","T","R","M","M","R"],"character_chosen":"DEFECT","items_purchased":["Meat on the Bone"],"campfire_rested":0,"item_purchase_floors":[20],"current_hp_per_floor":[68,63,61,62,68,68,48,48,48,25,25,32,32,32,32,11,61,51,46,46,46,40,40,46,46,52,35,41,41,52,58,58,0],"gold":188,"neow_bonus":"ONE_RARE_RELIC","is_prod":false,"is_daily":false,"chose_seed":false,"campfire_upgraded":7,"win_rate":0,"timestamp":1538181302,"path_taken":["M","M","M","M","?","R","E","?","T","E","?","?","R","?","R","BOSS","M","M","$","?","?","R","E","R","T","E","?","R","?","M","R","BOSS"],"build_version":"2018-09-27","purchased_purges":1,"victory":false,"max_hp_per_floor":[68,68,68,68,68,68,78,78,78,78,78,78,78,78,78,78,78,78,78,78,78,78,78,78,78,84,84,90,90,90,90,90,90],"card_choices":[{"not_picked":["Hologram","Redo"],"picked":"Beam Cell","floor":1},{"not_picked":["Steam","Leap"],"picked":"Ball Lightning","floor":2},{"not_picked":["Consume","Capacitor"],"picked":"Self Repair","floor":3},{"not_picked":["Barrage","Compile Driver"],"picked":"Machine Learning","floor":4},{"not_picked":["Leap","Barrage"],"picked":"Double Energy","floor":5},{"not_picked":["Beam Cell","Turbo"],"picked":"Gash","floor":7},{"not_picked":["Leap","Capacitor"],"picked":"Sunder","floor":10},{"not_picked":["Steam Power","Redo"],"picked":"Hyperbeam","floor":12},{"not_picked":["Core Surge","Rainbow"],"picked":"Seek","floor":16},{"not_picked":["Blizzard","Barrage"],"picked":"Hologram","floor":18},{"not_picked":["Steam Power","Conserve Battery"],"picked":"Beam Cell+1","floor":19},{"not_picked":["Rebound","Hologram"],"picked":"Streamline+1","floor":24},{"not_picked":["Electrodynamics","Streamline","Defragment"],"picked":"Gash","floor":27},{"not_picked":["Melter","Hello World","Turbo"],"picked":"Steam","floor":30},{"not_picked":["Streamline+1","Loop","Go for the Eyes"],"picked":"Turbo","floor":31}],"player_experience":614756,"relics_obtained":[{"floor":7,"key":"Pear"},{"floor":9,"key":"The Courier"},{"floor":10,"key":"Bottled Tornado"},{"floor":24,"key":"Darkstone Periapt"},{"floor":26,"key":"Question Card"},{"floor":27,"key":"Bag of Preparation"},{"floor":28,"key":"Turnip"}],"event_choices":[{"event_name":"Dead Adventurer","player_choice":"Searched \u00271\u0027 times","floor":8,"damage_taken":0},{"event_name":"The Woman in Blue","player_choice":"Bought 0 Potions","floor":11,"damage_taken":0},{"event_name":"Upgrade Shrine","player_choice":"Upgraded","floor":14,"damage_taken":0},{"event_name":"The Mausoleum","player_choice":"No","floor":21,"damage_taken":0},{"event_name":"Nest","player_choice":"Joined the Cult","floor":22,"damage_taken":0}],"is_beta":false,"boss_relics":[{"not_picked":["Calling Bell","Astrolabe"],"picked":"Cursed Key"}],"items_purged_floors":[20],"is_endless":false,"potions_floor_spawned":[2,10,12,16,18,30,31],"killed_by":"Champ","ascension_level":5}