{"gold_per_floor":[109,109,3,16,16,43,54,54,66,78,102,79,123,135,147,234,246,270,293,318,349,29,29],"floor_reached":23,"playtime":917,"items_purged":[],"score":464,"play_id":"2889bdca-7964-4c2c-9a6b-78da844acebb","local_time":"20190305020837","is_ascension_mode":true,"campfire_choices":[{"data":"Neutralize","floor":10,"key":"SMITH"},{"data":"Slice","floor":15,"key":"SMITH"}],"neow_cost":"NONE","seed_source_timestamp":94212284780246,"circlet_count":0,"master_deck":["AscendersBane","Defend_G","Defend_G","Defend_G","Defend_G","Defend_G","Strike_G","Survivor","Neutralize+1","Slice+1","Footwork","Dagger Spray","Riddle With Holes","Skewer+1","Escape Plan","Dash","After Image","Eviscerate+1","Crippling Poison+1","Deadly Poison+1","Noxious Fumes","Tactician+1","Acrobatics","PanicButton","Endless Agony"],"relics":["Ring of the Snake","NeowsBlessing","Paper Crane","MawBank","The Courier","Oddly Smooth Stone","Astrolabe","Strawberry"],"potions_floor_usage":[13,13,16,19,20,23],"damage_taken":[{"damage":0,"enemies":"Cultist","floor":1,"turns":1},{"damage":0,"enemies":"Jaw Worm","floor":4,"turns":1},{"damage":0,"enemies":"3 Sentries","floor":6,"turns":1},{"damage":4,"enemies":"Small Slimes","floor":7,"turns":3},{"damage":0,"enemies":"2 Fungi Beasts","floor":11,"turns":2},{"damage":0,"enemies":"Gremlin Nob","floor":13,"turns":2},{"damage":37,"enemies":"Slime Boss","floor":16,"turns":9},{"damage":15,"enemies":"Shell Parasite","floor":18,"turns":7},{"damage":7,"enemies":"Chosen","floor":19,"turns":6},{"damage":12,"enemies":"Snecko","floor":20,"turns":7},{"damage":6,"enemies":"Snake Plant","floor":21,"turns":5},{"damage":25,"enemies":"Gremlin Leader","floor":23,"turns":4}],"seed_played":"-8617959649705820279","potions_obtained":[{"floor":1,"key":"Energy Potion"},{"floor":6,"key":"SteroidPotion"},{"floor":13,"key":"Energy Potion"},{"floor":18,"key":"Ancient Potion"},{"floor":19,"key":"SpeedPotion"}],"is_trial":false,"path_per_floor":["M","?","$","M","$","E","M","?","T","R","M","?","E","?","R","B",null,"M","M","M","M","$","E"],"character_chosen":"THE_SILENT","items_purchased":["Footwork","Dagger Spray","PanicButton","Strawberry","Endless Agony","Poison Potion"],"campfire_rested":0,"item_purchase_floors":[3,3,22,22,22,22],"current_hp_per_floor":[59,59,59,59,59,59,55,44,44,44,44,60,60,60,60,23,55,40,33,21,15,22,0],"gold":29,"neow_bonus":"THREE_ENEMY_KILL","is_prod":false,"is_daily":false,"chose_seed":false,"campfire_upgraded":2,"win_rate":0,"timestamp":1551769717,"path_taken":["M","?","$","?","?","E","M","?","T","R","M","?","E","?","R","BOSS","M","M","M","M","$","E"],"build_version":"2019-01-23","purchased_purges":0,"victory":false,"max_hp_per_floor":[66,66,66,66,66,66,66,66,66,66,66,66,66,66,66,66,66,66,66,66,66,73,73],"card_choices":[{"not_picked":["Finisher","Bane"],"picked":"Slice","floor":1},{"not_picked":["Dagger Throw","Acrobatics"],"picked":"Riddle With Holes","floor":4},{"not_picked":["Outmaneuver","Dagger Spray","Heel Hook"],"picked":"SKIP","floor":6},{"not_picked":["Deadly Poison","Underhanded Strike"],"picked":"Skewer","floor":7},{"not_picked":["Caltrops","Bane"],"picked":"Escape Plan","floor":11},{"not_picked":["Poisoned Stab","Acrobatics"],"picked":"Dash","floor":13},{"not_picked":["Grand Finale","Bullet Time"],"picked":"After Image","floor":16},{"not_picked":["Caltrops","Escape Plan"],"picked":"Noxious Fumes","floor":18},{"not_picked":["Bane","Dash"],"picked":"Tactician+1","floor":19},{"not_picked":["Quick Slash","Flying Knee","Tactician+1"],"picked":"SKIP","floor":20},{"not_picked":["Poisoned Stab","Flying Knee"],"picked":"Acrobatics","floor":21}],"player_experience":858019,"relics_obtained":[{"floor":6,"key":"Paper Crane"},{"floor":9,"key":"The Courier"},{"floor":13,"key":"Oddly Smooth Stone"}],"event_choices":[{"cards_removed":["Strike_G"],"damage_healed":0,"gold_gain":0,"player_choice":"Offered Basic","damage_taken":0,"max_hp_gain":0,"max_hp_loss":0,"event_name":"Bonfire Elementals","floor":2,"gold_loss":0},{"damage_healed":0,"gold_gain":0,"player_choice":"Success","damage_taken":11,"relics_obtained":["MawBank"],"max_hp_gain":0,"max_hp_loss":0,"event_name":"Scrap Ooze","floor":8,"gold_loss":0},{"damage_healed":16,"gold_gain":0,"player_choice":"Healed","damage_taken":0,"max_hp_gain":0,"max_hp_loss":0,"event_name":"The Cleric","floor":12,"gold_loss":35},{"damage_healed":0,"gold_gain":0,"player_choice":"Grow","damage_taken":0,"max_hp_gain":0,"max_hp_loss":0,"event_name":"Living Wall","floor":14,"gold_loss":0,"cards_upgraded":["Skewer"]}],"is_beta":false,"boss_relics":[{"not_picked":["Calling Bell","Black Star"],"picked":"Astrolabe"}],"items_purged_floors":[],"is_endless":false,"potions_floor_spawned":[1,6,13,18,19],"killed_by":"Gremlin Leader","ascension_level":17}