{"gold_per_floor":[209,219,229,2,19,50,50,68,93,104,4,30,30,46,46,142,142,152,251,1,21,32,32,49,49,72,72,89,89,89,119,119,218,218,228,248,248,248,263,263,263],"floor_reached":41,"playtime":2355,"items_purged":["Strike_B","Strike_B"],"score":608,"play_id":"92dfed1c-60dd-4552-aa37-23a6b59b7102","local_time":"20181002000140","is_ascension_mode":true,"campfire_choices":[{"data":"Chaos","floor":7,"key":"SMITH"},{"data":"Doom and Gloom","floor":13,"key":"SMITH"},{"data":"Zap","floor":15,"key":"SMITH"},{"floor":23,"key":"REST"},{"floor":25,"key":"REST"},{"floor":29,"key":"REST"},{"floor":32,"key":"REST"},{"floor":40,"key":"REST"}],"neow_cost":"NONE","seed_source_timestamp":13549539054040,"circlet_count":0,"master_deck":["Defend_B+1","Defend_B+1","Defend_B+1","Defend_B+1","Zap+1","Dualcast+1","Cold Snap","Chaos+1","Cold Snap","Go for the Eyes","Compile Driver","Leap","Doom and Gloom+1","Machine Learning","Genetic Algorithm+1","Core Surge","Conserve Battery","Coolheaded+1","Echo Form","Redo","Buffer","Redo+1"],"relics":["Cracked Core","Blood Vial","Ancient Tea Set","Strawberry","Art of War","Fusion Hammer","Letter Opener","Centennial Puzzle","Nilry\u0027s Codex","War Paint","Empty Cage","Toxic Egg 2"],"potions_floor_usage":[6,16,16,31,33,33,35],"damage_taken":[{"damage":2,"enemies":"Jaw Worm","floor":1,"turns":3},{"damage":0,"enemies":"2 Louse","floor":2,"turns":2},{"damage":10,"enemies":"Small Slimes","floor":3,"turns":4},{"damage":7,"enemies":"3 Louse","floor":5,"turns":3},{"damage":4,"enemies":"Gremlin Nob","floor":6,"turns":3},{"damage":0,"enemies":"Blue Slaver","floor":8,"turns":3},{"damage":3,"enemies":"Exordium Thugs","floor":10,"turns":5},{"damage":12,"enemies":"3 Sentries","floor":12,"turns":7},{"damage":14,"enemies":"Gremlin Gang","floor":14,"turns":5},{"damage":2,"enemies":"Hexaghost","floor":16,"turns":7},{"damage":4,"enemies":"Shell Parasite","floor":18,"turns":5},{"damage":11,"enemies":"3 Byrds","floor":21,"turns":5},{"damage":18,"enemies":"Snake Plant","floor":22,"turns":4},{"damage":11,"enemies":"Shelled Parasite and Fungi","floor":24,"turns":5},{"damage":0,"enemies":"Snecko","floor":28,"turns":5},{"damage":0,"enemies":"Gremlin Leader","floor":31,"turns":5},{"damage":9,"enemies":"Champ","floor":33,"turns":12},{"damage":8,"enemies":"3 Shapes","floor":35,"turns":5},{"damage":16,"enemies":"3 Darklings","floor":36,"turns":5},{"damage":4,"enemies":"Sphere and 2 Shapes","floor":39,"turns":4},{"damage":116,"enemies":"Giant Head","floor":41,"turns":9}],"seed_played":"2845129351208768608","potions_obtained":[{"floor":5,"key":"AttackPotion"},{"floor":8,"key":"Dexterity Potion"},{"floor":10,"key":"FocusPotion"},{"floor":18,"key":"Dexterity Potion"},{"floor":28,"key":"LiquidBronze"},{"floor":31,"key":"Dexterity Potion"},{"floor":33,"key":"AttackPotion"},{"floor":39,"key":"Fire Potion"}],"is_trial":false,"path_per_floor":["M","M","M","$","M","E","R","M","T","M","$","E","R","M","R","B",null,"M","?","$","M","M","R","M","R","T","?","M","R","?","E","R","B",null,"M","M","T","$","M","R"],"character_chosen":"DEFECT","items_purchased":["Blood Vial","Letter Opener"],"campfire_rested":5,"item_purchase_floors":[4,20],"current_hp_per_floor":[66,66,56,56,51,49,49,51,58,57,57,47,47,35,35,35,70,68,68,68,59,43,67,58,82,82,66,68,82,82,82,82,73,80,74,60,60,60,58,82,0],"gold":263,"neow_bonus":"HUNDRED_GOLD","is_prod":false,"is_daily":false,"chose_seed":false,"campfire_upgraded":3,"win_rate":0,"timestamp":1538452900,"path_taken":["M","M","M","$","M","E","R","M","T","M","$","E","R","M","R","BOSS","M","?","$","M","M","R","M","R","T","?","?","R","?","E","R","BOSS","M","M","?","$","M","R","E"],"build_version":"2018-09-27","purchased_purges":2,"victory":false,"max_hp_per_floor":[75,75,75,75,75,75,75,75,82,82,82,82,82,82,82,82,82,82,82,82,82,82,82,82,82,82,82,82,82,82,82,82,82,82,82,82,82,82,82,82,82],"card_choices":[{"not_picked":["Ball Lightning","Gash"],"picked":"Cold Snap","floor":1},{"not_picked":["Recycle","Compile Driver"],"picked":"Chaos","floor":2},{"not_picked":["Rip and Tear","Recycle"],"picked":"Cold Snap","floor":3},{"not_picked":["Barrage","Reprogram"],"picked":"Go for the Eyes","floor":5},{"not_picked":["Ball Lightning","Leap"],"picked":"Compile Driver","floor":6},{"not_picked":["Barrage","Double Energy"],"picked":"Leap","floor":8},{"not_picked":["Hello World","Stack"],"picked":"Doom and Gloom","floor":10},{"not_picked":["Storm","Sunder"],"picked":"Machine Learning","floor":12},{"not_picked":["Chaos","Gash"],"picked":"Genetic Algorithm","floor":14},{"not_picked":["Biased Cognition","Thunder Strike"],"picked":"Core Surge","floor":16},{"not_picked":["Gash","Consume+1"],"picked":"Conserve Battery","floor":18},{"not_picked":["Hologram","Ball Lightning+1"],"picked":"Coolheaded+1","floor":21},{"not_picked":["Beam Cell","Defragment"],"picked":"Echo Form","floor":22},{"not_picked":["Leap","Gash","Scrape+1"],"picked":"SKIP","floor":24},{"not_picked":["Steam Power","Conserve Battery","Rebound+1"],"picked":"SKIP","floor":28},{"not_picked":["Auto Shields","Sweeping Beam"],"picked":"Redo","floor":31},{"not_picked":["Creative AI","Echo Form"],"picked":"Buffer","floor":33},{"not_picked":["Turbo","Coolheaded","Streamline"],"picked":"SKIP","floor":35},{"not_picked":["Double Energy","Gash","Capacitor"],"picked":"SKIP","floor":36},{"not_picked":["Go for the Eyes","Gash+1"],"picked":"Redo+1","floor":39}],"player_experience":641248,"relics_obtained":[{"floor":6,"key":"Ancient Tea Set"},{"floor":9,"key":"Strawberry"},{"floor":12,"key":"Art of War"},{"floor":26,"key":"Centennial Puzzle"},{"floor":27,"key":"Nilry\u0027s Codex"},{"floor":31,"key":"War Paint"},{"floor":37,"key":"Toxic Egg 2"}],"event_choices":[{"event_name":"Nest","player_choice":"Stole From Cult","floor":19,"damage_taken":0},{"event_name":"Cursed Tome","player_choice":"Obtained Book","floor":27,"damage_taken":0},{"event_name":"Back to Basics","player_choice":"Simplicity","floor":30,"damage_taken":0}],"is_beta":false,"boss_relics":[{"not_picked":["Astrolabe","White Beast Statue"],"picked":"Fusion Hammer"},{"not_picked":["Philosopher\u0027s Stone","FrozenCore"],"picked":"Empty Cage"}],"items_purged_floors":[4,11],"is_endless":false,"potions_floor_spawned":[5,8,10,18,28,31,33,39],"killed_by":"Giant Head","ascension_level":7}