{"gold_per_floor":[10,21,37,37,56,56,88,88,88,108,143,143,203,220,220,321,321,339,339,41,141,141,169,180,206,229,263,263,263,188,218,218,318,318,332,228,245,4,16,47,47,47,47,47,47,67,97,114,114,114,114,114,1,35,35],"floor_reached":56,"playtime":6308,"items_purged":["Strike_B","Defend_B","Defend_B"],"score":1555,"play_id":"5cee4728-c86c-4c8e-b65c-052348761982","local_time":"20190116195514","is_ascension_mode":true,"campfire_choices":[{"data":"Go for the Eyes","floor":6,"key":"SMITH"},{"data":"Reinforced Body","floor":8,"key":"SMITH"},{"floor":15,"key":"REST"},{"data":"Ghostly","floor":28,"key":"SMITH"},{"floor":32,"key":"REST"},{"data":"Echo Form","floor":41,"key":"SMITH"},{"data":"Ghostly","floor":44,"key":"SMITH"},{"floor":49,"key":"RECALL"},{"data":"Ball Lightning","floor":52,"key":"SMITH"}],"neow_cost":"NO_GOLD","seed_source_timestamp":305884180509040,"circlet_count":0,"master_deck":["Strike_B+1","Defend_B+1","Defend_B+1","Zap+1","Dualcast+1","Go for the Eyes+1","Cold Snap+1","Reinforced Body+1","Ball Lightning+1","Steam Power+1","FTL+1","Echo Form+1","Conserve Battery+1","Go for the Eyes+1","Stack+1","Echo Form+1","Ghostly+1","Ghostly+1","Ghostly+1","Ghostly+1","Ghostly+1","Compile Driver+1","Double Energy+1","Double Energy+1","Sweeping Beam+1","Undo+1","Coolheaded+1","Thunder Strike+1","Blizzard+1","Apotheosis+1","Capacitor+1","Skim+1","Rebound+1","Capacitor+1","Hologram+1","Ball Lightning+1","Storm+1","Defragment+1","Static Discharge+1"],"relics":["Cracked Core","Whetstone","Anchor","Smiling Mask","Frozen Egg 2","Dream Catcher","Cursed Key","OrangePellets","Emotion Chip","Kunai","Singing Bowl","Pen Nib","Happy Flower","The Courier","Gremlin Horn","Runic Pyramid","Ancient Tea Set","Mark of the Bloom","Mummified Hand","Blood Vial"],"potions_floor_usage":[7,7,21,21,33,39,45],"damage_taken":[{"damage":1,"enemies":"Cultist","floor":1,"turns":3},{"damage":6,"enemies":"Jaw Worm","floor":2,"turns":3},{"damage":12,"enemies":"Small Slimes","floor":3,"turns":3},{"damage":0,"enemies":"Exordium Wildlife","floor":5,"turns":3},{"damage":5,"enemies":"3 Sentries","floor":7,"turns":3},{"damage":0,"enemies":"Large Slime","floor":10,"turns":3},{"damage":6,"enemies":"Gremlin Nob","floor":11,"turns":3},{"damage":16,"enemies":"Gremlin Nob","floor":13,"turns":4},{"damage":0,"enemies":"3 Louse","floor":14,"turns":2},{"damage":41,"enemies":"Hexaghost","floor":16,"turns":9},{"damage":1,"enemies":"Shell Parasite","floor":18,"turns":4},{"damage":0,"enemies":"Colosseum Slavers","floor":21,"turns":6},{"damage":0,"enemies":"Colosseum Nobs","floor":21,"turns":6},{"damage":3,"enemies":"Book of Stabbing","floor":23,"turns":6},{"damage":3,"enemies":"Spheric Guardian","floor":24,"turns":6},{"damage":3,"enemies":"Gremlin Leader","floor":25,"turns":8},{"damage":13,"enemies":"Slavers","floor":27,"turns":8},{"damage":0,"enemies":"Book of Stabbing","floor":31,"turns":6},{"damage":0,"enemies":"Collector","floor":33,"turns":12},{"damage":6,"enemies":"Orb Walker","floor":35,"turns":4},{"damage":7,"enemies":"3 Shapes","floor":37,"turns":5},{"damage":0,"enemies":"Transient","floor":39,"turns":5},{"damage":0,"enemies":"Reptomancer","floor":40,"turns":6},{"damage":0,"enemies":"Spire Growth","floor":46,"turns":6},{"damage":11,"enemies":"Nemesis","floor":47,"turns":7},{"damage":0,"enemies":"Maw","floor":48,"turns":8},{"damage":4,"enemies":"Time Eater","floor":50,"turns":13},{"damage":0,"enemies":"Shield and Spear","floor":54,"turns":6},{"damage":16,"enemies":"The Heart","floor":55,"turns":10}],"seed_played":"-1666371744459166191","potions_obtained":[{"floor":2,"key":"Explosive Potion"},{"floor":3,"key":"Explosive Potion"},{"floor":5,"key":"Ancient Potion"},{"floor":14,"key":"Fire Potion"},{"floor":16,"key":"Poison Potion"},{"floor":21,"key":"FearPotion"},{"floor":23,"key":"Ancient Potion"},{"floor":24,"key":"Energy Potion"},{"floor":27,"key":"AttackPotion"},{"floor":39,"key":"Fruit Juice"},{"floor":40,"key":"EssenceOfSteel"},{"floor":46,"key":"Strength Potion"},{"floor":48,"key":"LiquidBronze"}],"is_trial":false,"path_per_floor":["M","M","M","T","M","R","E","R","T","M","E","T","?","M","R","B",null,"M","?","$","?","?","E","M","E","T","E","R","?","?","E","R","B",null,"M","$","M","$","M","E","R","?","T","R","?","M","E","M","R","B",null,"R","$","E","B",null],"character_chosen":"DEFECT","items_purchased":["OrangePellets","Compile Driver","Blizzard","Apotheosis","Capacitor+1","Storm+1","Defragment+1"],"campfire_rested":2,"item_purchase_floors":[20,20,36,38,38,53,53],"current_hp_per_floor":[88,82,70,70,70,70,65,65,65,65,59,59,43,43,69,28,89,88,44,44,44,44,43,40,37,37,26,26,26,26,28,43,43,50,46,46,41,41,41,41,41,41,41,41,46,46,35,35,35,31,31,31,31,31,15],"gold":35,"neow_bonus":"TWENTY_PERCENT_HP_BONUS","is_prod":false,"is_daily":false,"chose_seed":false,"campfire_upgraded":6,"win_rate":0,"timestamp":1547686514,"path_taken":["M","M","M","?","M","R","E","R","T","M","E","?","?","?","R","BOSS","M","?","$","?","?","E","M","E","T","E","R","?","?","E","R","BOSS","M","$","M","$","M","E","R","?","T","R","?","M","E","M","R","BOSS","R","$","E","BOSS"],"build_version":"2019-01-10","purchased_purges":3,"victory":true,"max_hp_per_floor":[89,89,89,89,89,89,89,89,89,89,89,89,89,89,89,89,89,89,44,44,44,44,46,46,46,46,48,48,48,48,50,50,50,50,52,52,54,54,54,54,54,51,51,51,56,56,56,56,56,56,56,56,56,56,56],"card_choices":[{"not_picked":["Leap","Darkness"],"picked":"Go for the Eyes","floor":1},{"not_picked":["Scrape","Go for the Eyes"],"picked":"Cold Snap","floor":2},{"not_picked":["Fusion","Auto Shields"],"picked":"Reinforced Body","floor":3},{"not_picked":["Stack","Gash"],"picked":"Ball Lightning","floor":5},{"not_picked":["Redo","Beam Cell"],"picked":"Steam Power","floor":7},{"not_picked":["Leap","Machine Learning"],"picked":"FTL","floor":10},{"not_picked":["FTL","Sweeping Beam"],"picked":"Echo Form","floor":11},{"not_picked":["Ball Lightning","Barrage"],"picked":"Conserve Battery","floor":13},{"not_picked":["Reprogram","Stack"],"picked":"Go for the Eyes","floor":14},{"not_picked":["Static Discharge+1","Beam Cell"],"picked":"Stack","floor":15},{"not_picked":["Fission","Reboot"],"picked":"Echo Form+1","floor":16},{"not_picked":["Chill","Beam Cell","Streamline+1"],"picked":"SKIP","floor":18},{"not_picked":["Redo","Steam","Hyperbeam"],"picked":"Singing Bowl","floor":23},{"not_picked":["Scrape","Turbo+1"],"picked":"Sweeping Beam","floor":24},{"not_picked":["Force Field+1","Glacier"],"picked":"Undo","floor":25},{"not_picked":["Steam","Stack","Gash"],"picked":"Singing Bowl","floor":27},{"not_picked":["Stack","Static Discharge+1","Streamline"],"picked":"Singing Bowl","floor":31},{"not_picked":["Rip and Tear","Stack"],"picked":"Coolheaded","floor":32},{"not_picked":["Buffer+1","Meteor Strike"],"picked":"Thunder Strike","floor":33},{"not_picked":["Coolheaded","Doom and Gloom+1","Aggregate"],"picked":"Singing Bowl","floor":35},{"not_picked":["Undo","Turbo","Melter"],"picked":"Singing Bowl","floor":37},{"not_picked":["Doom and Gloom","Blizzard+1"],"picked":"Skim+1","floor":39},{"not_picked":["Turbo+1","Streamline+1"],"picked":"Rebound+1","floor":40},{"not_picked":["Streamline","Rebound+1"],"picked":"Capacitor+1","floor":46},{"not_picked":["Sweeping Beam","FTL"],"picked":"Hologram+1","floor":47},{"not_picked":["Multi-Cast","Barrage+1"],"picked":"Ball Lightning","floor":48},{"not_picked":["Beam Cell+1","Stack"],"picked":"Static Discharge+1","floor":54}],"player_experience":1368528,"relics_obtained":[{"floor":7,"key":"Whetstone"},{"floor":9,"key":"Anchor"},{"floor":11,"key":"Smiling Mask"},{"floor":12,"key":"Frozen Egg 2"},{"floor":13,"key":"Dream Catcher"},{"floor":21,"key":"Emotion Chip"},{"floor":21,"key":"Kunai"},{"floor":23,"key":"Singing Bowl"},{"floor":25,"key":"Pen Nib"},{"floor":26,"key":"Happy Flower"},{"floor":27,"key":"The Courier"},{"floor":31,"key":"Gremlin Horn"},{"floor":40,"key":"Ancient Tea Set"},{"floor":47,"key":"Mummified Hand"},{"floor":54,"key":"Blood Vial"}],"event_choices":[{"damage_healed":0,"gold_gain":0,"player_choice":"Searched \u00271\u0027 times","damage_taken":0,"max_hp_gain":0,"max_hp_loss":0,"event_name":"Dead Adventurer","floor":13,"gold_loss":0},{"damage_healed":0,"gold_gain":0,"player_choice":"Became a Ghost","damage_taken":0,"max_hp_gain":0,"max_hp_loss":45,"event_name":"Ghosts","floor":19,"gold_loss":0,"cards_obtained":["Ghostly","Ghostly","Ghostly","Ghostly","Ghostly"]},{"damage_healed":0,"gold_gain":0,"player_choice":"Fight","damage_taken":0,"max_hp_gain":0,"max_hp_loss":0,"event_name":"Colosseum","floor":21,"gold_loss":0},{"damage_healed":0,"gold_gain":0,"player_choice":"Fought Nobs","damage_taken":0,"max_hp_gain":0,"max_hp_loss":0,"event_name":"Colosseum","floor":21,"gold_loss":0},{"damage_healed":0,"gold_gain":0,"cards_transformed":["Strike_B","Strike_B"],"player_choice":"Became Test Subject","damage_taken":0,"max_hp_gain":0,"max_hp_loss":0,"event_name":"Drug Dealer","floor":22,"gold_loss":0,"cards_obtained":["Double Energy","Double Energy"]},{"damage_healed":0,"gold_gain":0,"player_choice":"Ignored","damage_taken":0,"max_hp_gain":0,"max_hp_loss":0,"event_name":"Vampires","floor":29,"gold_loss":0},{"cards_removed":["Doubt"],"damage_healed":0,"gold_gain":0,"player_choice":"Gave Gold","damage_taken":0,"max_hp_gain":0,"max_hp_loss":0,"event_name":"Beggar","floor":30,"gold_loss":75},{"damage_healed":0,"gold_gain":0,"player_choice":"Max HP","damage_taken":0,"max_hp_gain":0,"max_hp_loss":3,"event_name":"Winding Halls","floor":42,"gold_loss":0},{"damage_healed":0,"gold_gain":0,"player_choice":"Upgrade","damage_taken":0,"relics_obtained":["Mark of the Bloom"],"max_hp_gain":0,"max_hp_loss":0,"event_name":"MindBloom","floor":45,"gold_loss":0,"cards_upgraded":["Defend_B","Defend_B","Zap","Dualcast","Cold Snap","Steam Power","FTL","Conserve Battery","Go for the Eyes","Stack","Ghostly","Ghostly","Ghostly","Compile Driver","Double Energy","Double Energy","Sweeping Beam","Undo","Coolheaded","Thunder Strike","Blizzard","Apotheosis"]}],"is_beta":false,"boss_relics":[{"not_picked":["Fusion Hammer","Eternal Feather"],"picked":"Cursed Key"},{"not_picked":["Nuclear Battery","Astrolabe"],"picked":"Runic Pyramid"}],"items_purged_floors":[20,36,38],"is_endless":false,"potions_floor_spawned":[2,3,5,14,16,21,23,24,27,39,40,46,48],"ascension_level":3}