{"gold_per_floor":[117,117,36,56,56,88,3,3,3,3,32,32,52,81,81,158,158,176,11,11,61,80,80,80,105,105,125,73,73,106,27,27,27],"floor_reached":33,"playtime":792,"items_purged":["Strike_R"],"score":596,"play_id":"ee1dde0b-3c06-4ca1-bdde-8024d8335c4e","local_time":"20190309001709","is_ascension_mode":true,"campfire_choices":[{"data":"Wild Strike","floor":8,"key":"SMITH"},{"data":"Bash","floor":10,"key":"SMITH"},{"data":"Immolate","floor":12,"key":"SMITH"},{"data":"Rampage","floor":15,"key":"SMITH"},{"floor":23,"key":"REST"},{"floor":32,"key":"RECALL"}],"neow_cost":"NONE","seed_source_timestamp":433252636230320,"circlet_count":0,"master_deck":["AscendersBane","Strike_R","Strike_R","Strike_R","Defend_R","Defend_R+1","Defend_R+1","Defend_R","Bash+1","Wild Strike+1","Inflame","Metallicize","Havoc","Battle Trance","Immolate+1","Cleave","Rampage+1","Reaper","Flex+1","Metallicize","Power Through+1","Reckless Charge","Shrug It Off","Disarm+1","Clothesline"],"relics":["Burning Blood","NeowsBlessing","Anchor","Bag of Marbles","Strawberry","Mercury Hourglass","Fusion Hammer","Bronze Scales","MutagenicStrength","War Paint","Lantern","Smiling Mask"],"potions_floor_usage":[22,30],"damage_taken":[{"damage":0,"enemies":"Jaw Worm","floor":1,"turns":1},{"damage":0,"enemies":"Cultist","floor":4,"turns":1},{"damage":0,"enemies":"3 Sentries","floor":6,"turns":1},{"damage":26,"enemies":"Gremlin Nob","floor":11,"turns":4},{"damage":0,"enemies":"Small Slimes","floor":13,"turns":1},{"damage":29,"enemies":"Lagavulin","floor":14,"turns":6},{"damage":2,"enemies":"Slime Boss","floor":16,"turns":5},{"damage":21,"enemies":"Spheric Guardian","floor":18,"turns":4},{"damage":23,"enemies":"Shell Parasite","floor":22,"turns":4},{"damage":22,"enemies":"Book of Stabbing","floor":25,"turns":3},{"damage":16,"enemies":"Snecko","floor":27,"turns":4},{"damage":14,"enemies":"Gremlin Leader","floor":30,"turns":5},{"damage":139,"enemies":"Automaton","floor":33,"turns":12}],"seed_played":"-777147931279119948","potions_obtained":[{"floor":13,"key":"GamblersBrew"},{"floor":16,"key":"Regen Potion"},{"floor":18,"key":"Regen Potion"}],"is_trial":false,"path_per_floor":["M","?","$","M","$","E","$","R","T","R","E","R","M","E","R","B",null,"M","$","?","?","M","R","?","E","T","M","$","$","E","$","R","B"],"character_chosen":"IRONCLAD","items_purchased":["Inflame","Battle Trance","Bronze Scales","Shrug It Off","Clothesline"],"campfire_rested":1,"item_purchase_floors":[3,7,19,28,31],"current_hp_per_floor":[74,74,74,75,75,75,75,75,75,75,62,62,68,45,45,49,74,59,59,59,59,64,82,82,66,66,72,72,72,78,78,78,0],"gold":27,"neow_bonus":"THREE_ENEMY_KILL","is_prod":false,"is_daily":false,"chose_seed":false,"campfire_upgraded":4,"win_rate":0,"timestamp":1552108629,"path_taken":["M","?","$","M","$","E","?","R","T","R","E","R","M","E","R","BOSS","M","$","?","?","M","R","?","E","T","M","?","$","E","$","R","BOSS"],"build_version":"2019-01-23","purchased_purges":1,"victory":false,"max_hp_per_floor":[75,75,75,75,75,75,75,75,75,75,82,82,82,82,82,82,82,82,82,82,82,82,82,82,82,82,82,82,82,82,82,82,82],"card_choices":[{"not_picked":["Cleave","Infernal Blade"],"picked":"Wild Strike","floor":1},{"not_picked":["Flex","Dropkick"],"picked":"Metallicize","floor":4},{"not_picked":["Cleave","Wild Strike"],"picked":"Havoc","floor":6},{"not_picked":["Burning Pact","Seeing Red"],"picked":"Immolate","floor":11},{"not_picked":["Twin Strike","Searing Blow"],"picked":"Cleave","floor":13},{"not_picked":["Body Slam","Pommel Strike"],"picked":"Rampage","floor":14},{"not_picked":["Feed","Impervious"],"picked":"Reaper","floor":16},{"not_picked":["Sword Boomerang","Cleave"],"picked":"Flex+1","floor":18},{"not_picked":["Burning Pact","Pommel Strike+1"],"picked":"Metallicize","floor":22},{"not_picked":["Flex","Heavy Blade"],"picked":"Power Through+1","floor":25},{"not_picked":["Sword Boomerang","Whirlwind"],"picked":"Reckless Charge","floor":27},{"not_picked":["Rupture","Brutality"],"picked":"Disarm+1","floor":30}],"player_experience":885568,"relics_obtained":[{"floor":6,"key":"Anchor"},{"floor":9,"key":"Bag of Marbles"},{"floor":11,"key":"Strawberry"},{"floor":14,"key":"Mercury Hourglass"},{"floor":25,"key":"War Paint"},{"floor":26,"key":"Lantern"},{"floor":30,"key":"Smiling Mask"}],"event_choices":[{"cards_removed":["Strike_R"],"damage_healed":0,"gold_gain":0,"player_choice":"Offered Basic","damage_taken":0,"max_hp_gain":0,"max_hp_loss":0,"event_name":"Bonfire Elementals","floor":2,"gold_loss":0},{"damage_healed":0,"gold_gain":0,"player_choice":"Inject Mutagens","damage_taken":0,"relics_obtained":["MutagenicStrength"],"max_hp_gain":0,"max_hp_loss":0,"event_name":"Drug Dealer","floor":20,"gold_loss":0},{"damage_healed":0,"gold_gain":50,"player_choice":"Stole From Cult","damage_taken":0,"max_hp_gain":0,"max_hp_loss":0,"event_name":"Nest","floor":21,"gold_loss":0},{"damage_healed":0,"gold_gain":0,"player_choice":"Ignored","damage_taken":0,"max_hp_gain":0,"max_hp_loss":0,"event_name":"Vampires","floor":24,"gold_loss":0}],"is_beta":false,"boss_relics":[{"not_picked":["Runic Pyramid","Philosopher\u0027s Stone"],"picked":"Fusion Hammer"}],"items_purged_floors":[31],"is_endless":false,"potions_floor_spawned":[13,16,18],"killed_by":"Automaton","ascension_level":17}