{"gold_per_floor":[14,14,29,47,322,349,349,349,349,360,360],"floor_reached":11,"playtime":642,"items_purged":[],"score":77,"play_id":"296290e9-3e6e-4162-ba5f-875be14ed855","local_time":"20181030235902","is_ascension_mode":true,"campfire_choices":[],"neow_cost":"NO_GOLD","seed_source_timestamp":976503783273796,"circlet_count":0,"master_deck":["Strike_B","Strike_B","Strike_B","Strike_B","Defend_B","Defend_B","Defend_B","Defend_B","Zap+1","Dualcast","Redo","Auto Shields","Rip and Tear","Cold Snap"],"relics":["Cracked Core","Unceasing Top","Dodecahedron","Strawberry"],"potions_floor_usage":[10],"damage_taken":[{"damage":0,"enemies":"Small Slimes","floor":1,"turns":3},{"damage":1,"enemies":"Jaw Worm","floor":3,"turns":3},{"damage":2,"enemies":"2 Louse","floor":4,"turns":2},{"damage":32,"enemies":"Lagavulin","floor":6,"turns":8},{"damage":31,"enemies":"Gremlin Gang","floor":10,"turns":5},{"damage":14,"enemies":"Exordium Wildlife","floor":11,"turns":1}],"seed_played":"-5615747610131625085","potions_obtained":[{"floor":3,"key":"Poison Potion"},{"floor":7,"key":"Fruit Juice"},{"floor":7,"key":"Energy Potion"},{"floor":10,"key":"Block Potion"}],"is_trial":false,"path_per_floor":["M","?","M","M","?","E","?","?","T","M"],"character_chosen":"DEFECT","items_purchased":[],"campfire_rested":0,"item_purchase_floors":[],"current_hp_per_floor":[75,75,74,72,72,40,40,33,40,14,0],"gold":360,"neow_bonus":"ONE_RARE_RELIC","is_prod":false,"is_daily":false,"chose_seed":false,"campfire_upgraded":0,"win_rate":0,"timestamp":1540958342,"path_taken":["M","?","M","?","?","E","?","?","T","M","M"],"build_version":"2018-10-25v2","purchased_purges":0,"victory":false,"max_hp_per_floor":[75,75,75,75,75,75,75,75,82,87,87],"card_choices":[{"not_picked":["Undo","Recycle"],"picked":"Redo","floor":1},{"not_picked":["Hello World","Recycle","Hologram"],"picked":"SKIP","floor":3},{"not_picked":["Lockon","Undo"],"picked":"Auto Shields","floor":4},{"not_picked":["Fusion","Stack"],"picked":"Rip and Tear","floor":6},{"not_picked":["Turbo","Streamline"],"picked":"Cold Snap","floor":10}],"player_experience":1000304,"relics_obtained":[{"floor":6,"key":"Dodecahedron"},{"floor":9,"key":"Strawberry"}],"event_choices":[{"damage_healed":0,"gold_gain":0,"player_choice":"Grow","damage_taken":0,"max_hp_gain":0,"max_hp_loss":0,"event_name":"Living Wall","floor":2,"gold_loss":0,"cards_upgraded":["Zap"]},{"damage_healed":0,"gold_gain":275,"player_choice":"Desecrate","damage_taken":0,"max_hp_gain":0,"max_hp_loss":0,"event_name":"Golden Shrine","floor":5,"gold_loss":0,"cards_obtained":["Regret"]},{"damage_healed":0,"gold_gain":0,"player_choice":"Got Potions","damage_taken":0,"max_hp_gain":0,"max_hp_loss":0,"event_name":"The Lab","floor":7,"gold_loss":0},{"cards_removed":["Regret"],"damage_healed":0,"gold_gain":0,"player_choice":"Card Removal","damage_taken":7,"max_hp_gain":0,"max_hp_loss":0,"event_name":"Golden Wing","floor":8,"gold_loss":0}],"is_beta":false,"boss_relics":[],"items_purged_floors":[],"is_endless":false,"potions_floor_spawned":[3,10],"killed_by":"Exordium Wildlife","ascension_level":1}