{"gold_per_floor":[119,129,129,129,140,167,167,167,167,187,223,0,0,15,15,144,144,159,159,177,197,218,218,143,143,143,178,194,215,215,215,215,336,336,350,371,53,53,73,73,89,102,102,102,63,63,103,3,3,3],"floor_reached":51,"playtime":1634,"items_purged":["Strike_R","Strike_R+1"],"score":934,"play_id":"3c36c442-6c08-40ba-a0a4-74b339631098","local_time":"20180922160954","is_ascension_mode":true,"campfire_choices":[{"data":"Cleave","floor":7,"key":"SMITH"},{"data":"Searing Blow+1","floor":13,"key":"SMITH"},{"data":"Searing Blow+2","floor":15,"key":"SMITH"},{"data":"Demon Form","floor":23,"key":"SMITH"},{"data":"Heavy Blade","floor":25,"key":"SMITH"},{"data":"Searing Blow+3","floor":30,"key":"SMITH"},{"data":"Searing Blow+4","floor":32,"key":"SMITH"},{"data":"Searing Blow+5","floor":40,"key":"SMITH"},{"data":"Searing Blow+6","floor":44,"key":"SMITH"},{"data":"Searing Blow+7","floor":46,"key":"SMITH"},{"data":"Searing Blow+8","floor":49,"key":"SMITH"}],"neow_cost":"NONE","seed_source_timestamp":66073904771988,"circlet_count":0,"master_deck":["Strike_R+1","Strike_R+1","Defend_R","Defend_R","Defend_R+1","Bash","Cleave+1","Headbutt","Heavy Blade+1","Searing Blow+9","Rampage+1","Impervious","Demon Form+1","Battle Trance+1","Exhume","Whirlwind+1","Headbutt+1","Immolate+1","Berserk","Offering","Dual Wield+1","Flame Barrier","Metallicize+1"],"relics":["Burning Blood","PreservedInsect","Molten Egg 2","Golden Idol","Gremlin Horn","Bronze Scales","Lantern","Mark of Pain","MutagenicStrength","Bag of Preparation","Whetstone","Busted Crown","Bottled Flame","StoneCalendar","Vajra"],"potions_floor_usage":[6,16,27,50,50,50],"damage_taken":[{"damage":14,"enemies":"Jaw Worm","floor":1,"turns":3},{"damage":5,"enemies":"Small Slimes","floor":2,"turns":3},{"damage":7,"enemies":"2 Louse","floor":5,"turns":2},{"damage":12,"enemies":"3 Sentries","floor":6,"turns":6},{"damage":9,"enemies":"Looter","floor":10,"turns":3},{"damage":16,"enemies":"Gremlin Nob","floor":11,"turns":3},{"damage":0,"enemies":"2 Fungi Beasts","floor":14,"turns":2},{"damage":21,"enemies":"Slime Boss","floor":16,"turns":9},{"damage":0,"enemies":"Chosen","floor":18,"turns":4},{"damage":17,"enemies":"Shell Parasite","floor":20,"turns":3},{"damage":0,"enemies":"Centurion and Healer","floor":21,"turns":4},{"damage":5,"enemies":"Snecko","floor":22,"turns":4},{"damage":0,"enemies":"Slavers","floor":27,"turns":2},{"damage":0,"enemies":"3 Cultists","floor":28,"turns":1},{"damage":12,"enemies":"Shelled Parasite and Fungi","floor":29,"turns":2},{"damage":16,"enemies":"Automaton","floor":33,"turns":6},{"damage":4,"enemies":"3 Shapes","floor":35,"turns":2},{"damage":0,"enemies":"Orb Walker","floor":36,"turns":1},{"damage":17,"enemies":"Maw","floor":39,"turns":4},{"damage":22,"enemies":"Sphere and 2 Shapes","floor":41,"turns":1},{"damage":0,"enemies":"Spire Growth","floor":42,"turns":2},{"damage":0,"enemies":"2 Orb Walkers","floor":47,"turns":1},{"damage":47,"enemies":"Donu and Deca","floor":50,"turns":7}],"seed_played":"7097742428757100704","potions_obtained":[{"floor":1,"key":"Regen Potion"},{"floor":10,"key":"Dexterity Potion"},{"floor":16,"key":"Fruit Juice"},{"floor":21,"key":"Dexterity Potion"},{"floor":22,"key":"SteroidPotion"},{"floor":27,"key":"EssenceOfSteel"}],"is_trial":false,"path_per_floor":["M","M","?","?","M","E","R","?","T","M","E","$","R","M","R","B",null,"M","?","M","M","M","R","?","R","T","E","M","M","R","?","R","B",null,"M","M","$","?","M","R","M","M","T","R","$","R","E","$","R","B"],"character_chosen":"IRONCLAD","items_purchased":["Lantern","Bottled Flame","Offering","Flame Barrier"],"campfire_rested":0,"item_purchase_floors":[12,37,37,45],"current_hp_per_floor":[72,73,57,57,56,65,65,45,45,42,32,32,32,38,38,28,71,77,77,66,72,73,73,73,73,73,79,85,79,79,79,79,69,81,83,85,85,85,74,74,58,64,64,64,64,64,70,70,70,29],"gold":3,"neow_bonus":"RANDOM_COMMON_RELIC","is_prod":false,"is_daily":false,"chose_seed":false,"campfire_upgraded":11,"win_rate":0,"timestamp":1537646994,"path_taken":["M","M","?","?","M","E","R","?","T","M","E","$","R","M","R","BOSS","M","?","?","M","M","R","?","R","T","E","M","?","R","?","R","BOSS","M","M","$","?","M","R","M","?","T","R","$","R","E","$","R","BOSS"],"build_version":"2018-09-20","purchased_purges":2,"victory":true,"max_hp_per_floor":[80,80,80,80,80,80,80,80,80,80,80,80,80,80,80,85,85,85,85,85,85,85,85,85,85,85,85,85,85,85,85,85,85,85,85,85,85,85,85,85,85,85,85,85,85,85,85,85,85,85],"card_choices":[{"not_picked":["Body Slam","Armaments"],"picked":"Cleave","floor":1},{"not_picked":["Twin Strike","Flex"],"picked":"Headbutt","floor":2},{"not_picked":["Headbutt","Iron Wave"],"picked":"Heavy Blade","floor":5},{"not_picked":["Armaments","Fire Breathing"],"picked":"Searing Blow","floor":6},{"not_picked":["Cleave+1","Fire Breathing"],"picked":"Rampage+1","floor":10},{"not_picked":["Sever Soul+1","True Grit"],"picked":"Impervious","floor":11},{"not_picked":["Anger+1","Armaments","Burning Pact"],"picked":"SKIP","floor":14},{"not_picked":["Bludgeon+1","Barricade"],"picked":"Demon Form","floor":16},{"not_picked":["Wild Strike+1","Shockwave"],"picked":"Battle Trance+1","floor":18},{"not_picked":["Wild Strike+1","Armaments","Exhume"],"picked":"SKIP","floor":20},{"not_picked":["Wild Strike+1","Armaments"],"picked":"Exhume","floor":20},{"not_picked":["Body Slam+1","Clothesline+1"],"picked":"Whirlwind+1","floor":21},{"not_picked":["Havoc","Headbutt+1","Flex"],"picked":"SKIP","floor":22},{"not_picked":["Feel No Pain","Iron Wave+1"],"picked":"Headbutt+1","floor":27},{"not_picked":["Cleave+1","Headbutt+1","Body Slam+1"],"picked":"SKIP","floor":28},{"not_picked":["Rampage+1","Havoc"],"picked":"Immolate+1","floor":29},{"not_picked":["Feed+1","Impervious"],"picked":"Berserk","floor":33},{"not_picked":["Headbutt+1"],"picked":"SKIP","floor":35},{"not_picked":["Havoc"],"picked":"SKIP","floor":36},{"not_picked":[],"picked":"Dual Wield+1","floor":39},{"not_picked":["Perfected Strike+1"],"picked":"SKIP","floor":41},{"not_picked":["Rupture"],"picked":"SKIP","floor":42},{"not_picked":[],"picked":"Metallicize+1","floor":47}],"player_experience":565605,"relics_obtained":[{"floor":6,"key":"Molten Egg 2"},{"floor":9,"key":"Gremlin Horn"},{"floor":11,"key":"Bronze Scales"},{"floor":26,"key":"Bag of Preparation"},{"floor":27,"key":"Whetstone"},{"floor":43,"key":"StoneCalendar"},{"floor":47,"key":"Vajra"}],"event_choices":[{"event_name":"Shining Light","player_choice":"Entered Light","floor":3,"damage_taken":0},{"event_name":"Liars Game","player_choice":"disagreed","floor":4,"damage_taken":0},{"event_name":"Golden Idol","player_choice":"Take Damage","floor":8,"damage_taken":0},{"event_name":"Drug Dealer","player_choice":"Inject Mutagens","floor":19,"damage_taken":0},{"event_name":"Beggar","player_choice":"Gave Gold","floor":24,"damage_taken":0},{"event_name":"Purifier","player_choice":"One Purge","floor":31,"damage_taken":0},{"event_name":"Mysterious Sphere","player_choice":"Ignore","floor":38,"damage_taken":0}],"is_beta":false,"boss_relics":[{"not_picked":["Pandora\u0027s Box","Ectoplasm"],"picked":"Mark of Pain"},{"not_picked":["Astrolabe","Orrery"],"picked":"Busted Crown"}],"items_purged_floors":[12,48],"is_endless":false,"potions_floor_spawned":[1,10,16,21,22,27,29,39,41,42],"ascension_level":5}