{"gold_per_floor":[112,112,112,130,26,26,36,51,51,51,78,103,103,138,138,138],"floor_reached":16,"playtime":1199,"items_purged":[],"score":108,"play_id":"5e3f9658-5966-4860-bfd6-dcce2d1351e0","local_time":"20190130220259","is_ascension_mode":false,"campfire_choices":[{"data":"Survivor","floor":6,"key":"SMITH"},{"data":"Glass Knife","floor":10,"key":"SMITH"},{"data":"Blur","floor":13,"key":"SMITH"},{"floor":15,"key":"REST"}],"neow_cost":"NONE","seed_source_timestamp":1510388331033089,"circlet_count":0,"master_deck":["Defend_G","Defend_G","Defend_G","Defend_G","Defend_G","Strike_G","Strike_G+1","Strike_G+1","Strike_G","Strike_G","Survivor+1","Neutralize","Escape Plan","Footwork","Bouncing Flask","Glass Knife+1","Deflect","Blur+1","Distraction"],"relics":["Ring of the Snake","NeowsBlessing","Nunchaku","The Specimen","Potion Belt","Smiling Mask"],"potions_floor_usage":[16,16],"damage_taken":[{"damage":0,"enemies":"Jaw Worm","floor":1,"turns":1},{"damage":0,"enemies":"Small Slimes","floor":4,"turns":1},{"damage":0,"enemies":"Cultist","floor":7,"turns":1},{"damage":0,"enemies":"Exordium Thugs","floor":8,"turns":5},{"damage":24,"enemies":"Gremlin Nob","floor":11,"turns":4},{"damage":12,"enemies":"3 Sentries","floor":14,"turns":10},{"damage":27,"enemies":"Slime Boss","floor":16,"turns":11}],"seed_played":"-8200189693844313566","potions_obtained":[{"floor":4,"key":"SpeedPotion"},{"floor":11,"key":"SpeedPotion"},{"floor":14,"key":"Energy Potion"}],"is_trial":false,"path_per_floor":["M","?","?","M","$","R","M","M","T","R","E","T","R","E","R","B"],"character_chosen":"THE_SILENT","items_purchased":["Footwork","Bouncing Flask"],"campfire_rested":1,"item_purchase_floors":[5,5],"current_hp_per_floor":[70,56,56,56,56,56,56,56,56,56,32,32,32,20,41,14],"gold":138,"neow_bonus":"THREE_ENEMY_KILL","is_prod":false,"is_daily":false,"chose_seed":false,"campfire_upgraded":3,"win_rate":0,"timestamp":1548882179,"path_taken":["M","?","?","M","$","R","?","M","T","R","E","?","R","E","R","BOSS"],"build_version":"2019-01-23","purchased_purges":0,"victory":false,"max_hp_per_floor":[70,70,70,70,70,70,70,70,70,70,70,70,70,70,70,70],"card_choices":[{"not_picked":["Underhanded Strike","Terror"],"picked":"Deadly Poison","floor":1},{"not_picked":["Riddle With Holes","Sucker Punch"],"picked":"Escape Plan","floor":4},{"not_picked":["Bane","Acrobatics"],"picked":"Glass Knife","floor":7},{"not_picked":["Calculated Gamble","Caltrops"],"picked":"Deflect","floor":8},{"not_picked":["Eviscerate","Flechettes"],"picked":"Blur","floor":11},{"not_picked":["Sucker Punch","Heel Hook"],"picked":"Distraction","floor":14}],"player_experience":103825,"relics_obtained":[{"floor":9,"key":"The Specimen"},{"floor":11,"key":"Potion Belt"},{"floor":14,"key":"Smiling Mask"}],"event_choices":[{"damage_healed":0,"gold_gain":0,"player_choice":"Entered Light","damage_taken":14,"max_hp_gain":0,"max_hp_loss":0,"event_name":"Shining Light","floor":2,"gold_loss":0,"cards_upgraded":["Strike_G","Strike_G"]},{"cards_removed":["Deadly Poison"],"damage_healed":0,"gold_gain":0,"player_choice":"Gave Card","damage_taken":0,"relics_obtained":["Nunchaku"],"max_hp_gain":0,"max_hp_loss":0,"event_name":"WeMeetAgain","floor":3,"gold_loss":0}],"is_beta":false,"boss_relics":[],"items_purged_floors":[],"is_endless":false,"potions_floor_spawned":[4,11,14],"killed_by":"Slime Boss","ascension_level":0}