{"path_per_floor":["M","?","$","M","?","E","T","R","T","E","R","M","M","E","R","B",null,"M","?","M","$","M","R","$","E","T","T","M"],"character_chosen":"THE_SILENT","items_purchased":["Gambling Chip","Well Laid Plans"],"gold_per_floor":[110,110,35,54,54,89,140,140,167,202,202,215,225,253,253,358,358,375,475,441,144,159,159,125,155,155,455,471,471],"floor_reached":29,"campfire_rested":1,"playtime":3425,"current_hp_per_floor":[63,49,49,49,49,30,30,30,30,28,49,49,45,43,43,42,70,50,50,48,48,47,53,53,37,37,37,13,0],"items_purged":["Strike_G"],"gold":471,"score":300,"play_id":"37dfbed0-93ed-49b7-acff-363f002f23c8","local_time":"20180408225116","is_prod":false,"is_daily":false,"is_ascension_mode":true,"campfire_upgraded":3,"timestamp":1523220676,"path_taken":["M","?","$","?","?","E","?","R","T","E","R","M","M","E","R","BOSS","M","?","?","$","M","R","$","E","T","?","?","E"],"build_version":"2018-04-05v2","purchased_purges":1,"victory":false,"master_deck":["Defend_G","Defend_G","Defend_G","Defend_G","Strike_G","Strike_G","Strike_G","Strike_G+1","Survivor","Neutralize+1","Blur+1","Predator","Infinite Blades","Slice","Leg Sweep","Cloak And Dagger","Footwork+1","Burst+1","Quick Slash+1","Well Laid Plans","Slice"],"max_hp_per_floor":[70,70,70,70,70,70,70,70,70,70,70,70,70,70,70,70,70,70,70,70,70,70,70,70,70,70,70,70,70],"relics":["Ring of the Snake","Paper Crane","Dream Catcher","Bag of Marbles","Letter Opener","Gremlin Horn","Eternal Feather","Gambling Chip","Omamori","Sundial","Old Coin"],"card_choices":[{"not_picked":["Acrobatics","Leg Sweep"],"picked":"Blur","floor":1},{"not_picked":["Setup","Acrobatics"],"picked":"Predator","floor":4},{"not_picked":["Grand Finale","Bane"],"picked":"Infinite Blades","floor":10},{"not_picked":["Dagger Throw","Quick Slash"],"picked":"Slice","floor":11},{"not_picked":["Underhanded Strike","Deadly Poison"],"picked":"Leg Sweep","floor":12},{"not_picked":["Choke","Blade Dance"],"picked":"Cloak And Dagger","floor":13},{"not_picked":["All Out Attack","Underhanded Strike"],"picked":"Footwork","floor":14},{"not_picked":["Glass Knife","Grand Finale"],"picked":"Burst","floor":16},{"not_picked":["Riddle With Holes","Noxious Fumes"],"picked":"Quick Slash","floor":18},{"not_picked":["Dagger Throw","Outmaneuver"],"picked":"Slice","floor":28}],"player_experience":131021,"potions_floor_usage":[10,16,16,25],"damage_taken":[{"damage":7,"enemies":"Jaw Worm","floor":1,"turns":7},{"damage":0,"enemies":"Small Slimes","floor":4,"turns":5},{"damage":19,"enemies":"Gremlin Nob","floor":6,"turns":5},{"damage":2,"enemies":"3 Sentries","floor":10,"turns":8},{"damage":0,"enemies":"2 Louse","floor":12,"turns":2},{"damage":4,"enemies":"Red Slaver","floor":13,"turns":4},{"damage":2,"enemies":"Lagavulin","floor":14,"turns":8},{"damage":1,"enemies":"Slime Boss","floor":16,"turns":6},{"damage":20,"enemies":"Spheric Guardian","floor":18,"turns":10},{"damage":2,"enemies":"2 Thieves","floor":20,"turns":5},{"damage":1,"enemies":"Chosen and Byrds","floor":22,"turns":7},{"damage":16,"enemies":"Slavers","floor":25,"turns":10},{"damage":24,"enemies":"Centurion and Healer","floor":28,"turns":10},{"damage":13,"enemies":"Gremlin Leader","floor":29,"turns":8}],"event_choices":[{"event_name":"Shining Light","player_choice":"Entered Light","floor":2,"damage_taken":0},{"event_name":"Living Wall","player_choice":"Forget","floor":5,"damage_taken":0},{"event_name":"Golden Shrine","player_choice":"Pray","floor":19,"damage_taken":0}],"boss_relics":[{"not_picked":["White Beast Statue","Calling Bell"],"picked":"Eternal Feather"}],"potions_floor_spawned":[4,12,14,20],"seed_played":"-8929474338544639757","killed_by":"Gremlin Leader","ascension_level":3,"is_trial":false}