{"path_per_floor":["M","?","M","M","M","E","$","E","T","T","$","M"],"character_chosen":"DEFECT","items_purchased":["Beam Cell","Steam"],"gold_per_floor":[113,113,123,143,153,188,66,95,122,122,73,90,90],"floor_reached":13,"campfire_rested":0,"playtime":1351,"item_purchase_floors":[7,11],"current_hp_per_floor":[72,57,57,57,47,31,31,4,4,4,4,4,0],"items_purged":["Strike_B"],"gold":90,"score":95,"play_id":"5a17e4bc-c25b-4e2a-a028-e49bdc22254b","local_time":"20180605121218","is_prod":false,"is_daily":false,"chose_seed":false,"is_ascension_mode":false,"campfire_upgraded":0,"win_rate":0.0,"timestamp":1528215138,"campfire_choices":[],"path_taken":["M","?","M","M","M","E","$","E","T","?","$","M","E"],"build_version":"2018-05-31","seed_source_timestamp":40878022922989,"purchased_purges":1,"victory":false,"master_deck":["Strike_B","Strike_B","Strike_B","Defend_B","Defend_B+1","Defend_B","Defend_B","Zap","Dualcast+1","Static Discharge","Leap","Streamline","Defragment","All For One","Beam Cell","Cold Snap","Steam","Chaos"],"max_hp_per_floor":[75,75,75,75,75,75,75,75,75,75,75,75,75],"relics":["Cracked Core","Bottled Flame","Bag of Preparation","Bag of Marbles","Bottled Lightning"],"card_choices":[{"not_picked":["Compile Driver","Self Repair"],"picked":"Static Discharge","floor":1},{"not_picked":["Redo","Go for the Eyes"],"picked":"Leap","floor":3},{"not_picked":["Stack","Hologram"],"picked":"Streamline","floor":4},{"not_picked":["Coolheaded","Leap"],"picked":"Defragment","floor":5},{"not_picked":["Go for the Eyes","Barrage"],"picked":"All For One","floor":6},{"not_picked":["Capacitor","Compile Driver"],"picked":"Cold Snap","floor":8},{"not_picked":["Ball Lightning","Barrage"],"picked":"Chaos","floor":12}],"player_experience":632584,"potions_floor_usage":[8,8,13],"damage_taken":[{"damage":3,"enemies":"Jaw Worm","floor":1,"turns":4},{"damage":0,"enemies":"2 Louse","floor":3,"turns":2},{"damage":0,"enemies":"Small Slimes","floor":4,"turns":2},{"damage":10,"enemies":"Exordium Wildlife","floor":5,"turns":5},{"damage":16,"enemies":"Lagavulin","floor":6,"turns":6},{"damage":27,"enemies":"3 Sentries","floor":8,"turns":8},{"damage":0,"enemies":"Looter","floor":12,"turns":3},{"damage":5,"enemies":"Lagavulin","floor":13,"turns":4}],"relics_obtained":[{"floor":6,"key":"Bottled Flame"},{"floor":8,"key":"Bag of Preparation"},{"floor":9,"key":"Bag of Marbles"},{"floor":10,"key":"Bottled Lightning"}],"event_choices":[{"event_name":"Shining Light","player_choice":"Entered Light","floor":2,"damage_taken":0}],"boss_relics":[],"items_purged_floors":[7],"potions_floor_spawned":[4,5,12],"seed_played":"-463413827956636660","killed_by":"Lagavulin","ascension_level":0,"potions_obtained":[{"floor":4,"key":"SkillPotion"},{"floor":5,"key":"PowerPotion"},{"floor":12,"key":"Weak Potion"}],"is_trial":false}