{"gold_per_floor":[119,394,82,97,116,148,148,178,178,178,178,40,51,71,71,176,176,176,176,176,176,176,176,176,176,176,176,176,176,98,98,98,98,98,98,98,98,0,0,0,0,0,0,0,0,0,0,0,0,0,0,0,0,0,0],"floor_reached":55,"playtime":5351,"items_purged":["Regret","Pain"],"score":1218,"play_id":"31fc7796-8ccc-4c7d-8a4d-4aee4274a89d","local_time":"20181204222147","is_ascension_mode":true,"campfire_choices":[{"floor":7.0,"key":"REST"},{"floor":10.0,"key":"REST"},{"data":"Noxious Fumes","floor":15.0,"key":"SMITH"},{"floor":23.0,"key":"REST"},{"floor":28.0,"key":"REST"},{"floor":32.0,"key":"RECALL"},{"data":"Leg Sweep","floor":44,"key":"SMITH"},{"floor":46,"key":"REST"},{"data":"Malaise","floor":49,"key":"SMITH"},{"floor":52,"key":"REST"}],"neow_cost":"NONE","seed_source_timestamp":0,"circlet_count":0,"master_deck":["Defend_G","Defend_G","Defend_G","Defend_G","Defend_G","Survivor","Neutralize","Deadly Poison","Noxious Fumes+1","Cloak And Dagger","Quick Slash","Blade Dance","Flechettes","Footwork","Backflip","Corpse Explosion","Tools of the Trade","Cloak And Dagger","Acrobatics","Backflip+1","Catalyst+1","Malaise+1","Bite","Bite","Bite","Bite","Bite","Night Terror","Bane","Backstab","Terror","Concentrate","Cloak And Dagger","PiercingWail","Backflip","Dodge and Roll+1","Prepared+1","Dodge and Roll+1","Backstab+1","Catalyst+1","Bane+1","Backflip","Leg Sweep+1","Thinking Ahead","Deadly Poison+1","Catalyst+1","Noxious Fumes+1"],"special_seed":0,"relics":["Ring of the Snake","NeowsBlessing","ClockworkSouvenir","Mango","Du-Vu Doll","WarpedTongs","Ectoplasm","Prayer Wheel","Lantern","The Courier","Runic Pyramid","StoneCalendar","Red Mask","Tingsha","Snake Skull","Sundial","Ornamental Fan","Blood Vial"],"potions_floor_usage":[42,50,55],"damage_taken":[{"damage":0.0,"enemies":"Jaw Worm","floor":1.0,"turns":1.0},{"damage":0.0,"enemies":"Cultist","floor":4.0,"turns":1.0},{"damage":0.0,"enemies":"2 Louse","floor":5.0,"turns":1.0},{"damage":36.0,"enemies":"Gremlin Nob","floor":6.0,"turns":5.0},{"damage":32.0,"enemies":"Lagavulin","floor":8.0,"turns":8.0},{"damage":1.0,"enemies":"Red Slaver","floor":13.0,"turns":3.0},{"damage":7.0,"enemies":"Lots of Slimes","floor":14.0,"turns":6.0},{"damage":0.0,"enemies":"The Guardian","floor":16.0,"turns":9.0},{"damage":10.0,"enemies":"Shell Parasite","floor":18.0,"turns":6.0},{"damage":5.0,"enemies":"Chosen","floor":19.0,"turns":5.0},{"damage":23.0,"enemies":"Centurion and Healer","floor":20.0,"turns":6.0},{"damage":4.0,"enemies":"Chosen and Byrds","floor":21.0,"turns":6.0},{"damage":21.0,"enemies":"Shelled Parasite and Fungi","floor":22.0,"turns":7.0},{"damage":6.0,"enemies":"Centurion and Healer","floor":24.0,"turns":7.0},{"damage":20.0,"enemies":"Gremlin Leader","floor":25.0,"turns":8.0},{"damage":2.0,"enemies":"Book of Stabbing","floor":29.0,"turns":8.0},{"damage":1.0,"enemies":"Cultist and Chosen","floor":31.0,"turns":4.0},{"damage":79.0,"enemies":"Champ","floor":33.0,"turns":14.0},{"damage":2.0,"enemies":"Orb Walker","floor":35.0,"turns":4.0},{"damage":9.0,"enemies":"3 Darklings","floor":36.0,"turns":6.0},{"damage":2.0,"enemies":"Mind Bloom Boss Battle","floor":37.0,"turns":5.0},{"damage":17.0,"enemies":"Writhing Mass","floor":39.0,"turns":7.0},{"damage":27.0,"enemies":"Giant Head","floor":40.0,"turns":6.0},{"damage":17,"enemies":"Spire Growth","floor":41,"turns":5},{"damage":0,"enemies":"Reptomancer","floor":42,"turns":7},{"damage":0,"enemies":"Nemesis","floor":47,"turns":5},{"damage":0,"enemies":"3 Darklings","floor":48,"turns":3},{"damage":42,"enemies":"Time Eater","floor":50,"turns":6},{"damage":60,"enemies":"Shield and Spear","floor":54,"turns":5},{"damage":12,"enemies":"The Heart","floor":55,"turns":5}],"seed_played":"-6057939170534185556","potions_obtained":[{"floor":1.0,"key":"SteroidPotion"},{"floor":8.0,"key":"Fire Potion"},{"floor":14.0,"key":"Fire Potion"},{"floor":19.0,"key":"EntropicBrew"},{"floor":22.0,"key":"Weak Potion"},{"floor":25.0,"key":"SkillPotion"},{"floor":29.0,"key":"Explosive Potion"},{"floor":35.0,"key":"EntropicBrew"},{"floor":41,"key":"PowerPotion"},{"floor":42,"key":"PowerPotion"},{"floor":54,"key":"Dexterity Potion"}],"is_trial":false,"path_per_floor":["M","?","$","M","M","E","R","E","T","R","?","$","M","M","R","B",null,"M","M","M","M","M","R","M","E","T","?","R","E","$","M","R","B","B",null,"M","M","?","?","M","E","M","E","T","R","?","R","E","M","R","B",null,"R","$","E","B"],"character_chosen":"THE_SILENT","items_purchased":["Noxious Fumes","ClockworkSouvenir","Footwork","Bane","Backstab"],"campfire_rested":6,"item_purchase_floors":[3,3,12,30,30],"current_hp_per_floor":[70,70,70,70,70,48,73,41,41,66,66,66,65,58,58,58,78,68,63,54,50,29,54,48,28,28,28,45,58,58,58,58,10,46,53,55,58,58,51,35,27,40,40,40,40,57,58,58,58,21,49,58,58,6,0],"gold":0,"neow_bonus":"THREE_ENEMY_KILL","is_prod":false,"is_daily":false,"chose_seed":false,"campfire_upgraded":3,"win_rate":0,"timestamp":1543983707,"path_taken":["M","?","$","?","M","E","R","E","T","R","?","$","M","?","R","BOSS","M","M","M","?","M","R","M","E","T","?","R","E","?","M","R","BOSS","BOSS","M","M","?","?","M","E","M","E","T","R","?","R","E","M","R","BOSS","R","$","E","BOSS"],"build_version":"2018-11-15","purchased_purges":2,"victory":false,"max_hp_per_floor":[70,70,70,70,70,84,84,84,84,84,84,84,84,84,84,84,84,84,84,84,84,84,84,84,84,84,58,58,58,58,58,58,58,58,58,58,58,58,58,58,58,58,58,58,58,58,58,58,58,58,58,58,58,58,58],"card_choices":[{"not_picked":["Masterful Stab","Prepared"],"picked":"Deadly Poison","floor":1.0},{"not_picked":["Concentrate","Bane"],"picked":"Cloak And Dagger","floor":4.0},{"not_picked":["All Out Attack","Underhanded Strike"],"picked":"Quick Slash","floor":5.0},{"not_picked":["Choke","Acrobatics"],"picked":"Blade Dance","floor":6.0},{"not_picked":["Venomology","Dagger Spray"],"picked":"Flechettes","floor":8.0},{"not_picked":["Flying Knee","Quick Slash"],"picked":"Backflip","floor":13.0},{"not_picked":["Underhanded Strike","Bane"],"picked":"Corpse Explosion","floor":14.0},{"not_picked":["Storm of Steel","Phantasmal Killer"],"picked":"Tools of the Trade","floor":16.0},{"not_picked":["Quick Slash+1","Skewer+1"],"picked":"Cloak And Dagger","floor":18.0},{"not_picked":["Blade Dance","Skewer"],"picked":"Acrobatics","floor":19.0},{"not_picked":["Escape Plan+1","Skewer+1"],"picked":"Backflip+1","floor":20.0},{"not_picked":["Poisoned Stab","Underhanded Strike"],"picked":"Catalyst+1","floor":21.0},{"not_picked":["Flying Knee","Heel Hook","Blade Dance+1"],"picked":"SKIP","floor":22.0},{"not_picked":["Outmaneuver","Choke","Underhanded Strike"],"picked":"SKIP","floor":24.0},{"not_picked":["Underhanded Strike+1","Deadly Poison+1"],"picked":"Malaise","floor":25.0},{"not_picked":["Underhanded Strike","Flying Knee"],"picked":"Night Terror","floor":29.0},{"not_picked":["Flying Knee+1","Expertise"],"picked":"Terror","floor":31.0},{"not_picked":["Deadly Poison","Outmaneuver","Concentrate"],"picked":"SKIP","floor":31.0},{"not_picked":["Deadly Poison","Outmaneuver"],"picked":"Concentrate","floor":31.0},{"not_picked":["Poisoned Stab+1","Prepared"],"picked":"Cloak And Dagger","floor":35.0},{"not_picked":["Blade Dance+1","Dagger Throw+1","PiercingWail"],"picked":"SKIP","floor":35.0},{"not_picked":["Blade Dance+1","Dagger Throw+1"],"picked":"PiercingWail","floor":35.0},{"not_picked":["Deadly Poison","PiercingWail"],"picked":"Backflip","floor":36.0},{"not_picked":["Storm of Steel","Poisoned Stab+1"],"picked":"Dodge and Roll+1","floor":36.0},{"not_picked":["Sucker Punch","Predator+1"],"picked":"Prepared+1","floor":37.0},{"not_picked":["Underhanded Strike","Acrobatics"],"picked":"Dodge and Roll+1","floor":39.0},{"not_picked":["Heel Hook","Prepared"],"picked":"Backstab+1","floor":39.0},{"not_picked":["Acrobatics+1","Infinite Blades+1"],"picked":"Catalyst+1","floor":40.0},{"not_picked":["Dagger Throw+1","Quick Slash"],"picked":"Bane+1","floor":41},{"not_picked":["Infinite Blades","Die Die Die"],"picked":"Backflip","floor":41},{"not_picked":["Underhanded Strike","Deadly Poison"],"picked":"Leg Sweep","floor":42},{"not_picked":["Discovery","PanicButton"],"picked":"Thinking Ahead","floor":45},{"not_picked":["Crippling Poison","Caltrops+1","Prepared"],"picked":"SKIP","floor":47},{"not_picked":["Bane+1","Outmaneuver"],"picked":"Deadly Poison+1","floor":48},{"not_picked":["Catalyst+1","Noxious Fumes+1","Heel Hook+1"],"picked":"SKIP","floor":48},{"not_picked":["Noxious Fumes+1","Heel Hook+1"],"picked":"Catalyst+1","floor":48},{"not_picked":["Expertise","Deflect"],"picked":"Noxious Fumes+1","floor":54}],"player_experience":242424,"relics_obtained":[{"floor":6.0,"key":"Mango"},{"floor":8.0,"key":"Du-Vu Doll"},{"floor":25.0,"key":"Prayer Wheel"},{"floor":26.0,"key":"Lantern"},{"floor":29.0,"key":"The Courier"},{"floor":37.0,"key":"StoneCalendar"},{"floor":40.0,"key":"Tingsha"},{"floor":42,"key":"Snake Skull"},{"floor":43,"key":"Sundial"},{"floor":47,"key":"Ornamental Fan"},{"floor":54,"key":"Blood Vial"}],"event_choices":[{"damage_healed":0.0,"max_hp_gain":0.0,"max_hp_loss":0.0,"gold_gain":275.0,"event_name":"Golden Shrine","player_choice":"Desecrate","floor":2.0,"gold_loss":0.0,"damage_taken":0.0,"cards_obtained":["Regret"]},{"damage_healed":0.0,"max_hp_gain":0.0,"max_hp_loss":0.0,"gold_gain":0.0,"event_name":"Accursed Blacksmith","player_choice":"Rummage","floor":11.0,"gold_loss":0.0,"damage_taken":0.0,"relics_obtained":["WarpedTongs"],"cards_obtained":["Pain"]},{"damage_healed":0.0,"max_hp_gain":0.0,"max_hp_loss":26.0,"gold_gain":0.0,"event_name":"Vampires","player_choice":"Became a vampire","floor":27.0,"gold_loss":0.0,"damage_taken":0.0,"cards_obtained":["Bite","Bite","Bite","Bite","Bite"]},{"damage_healed":0.0,"max_hp_gain":0.0,"max_hp_loss":0.0,"gold_gain":0.0,"event_name":"MindBloom","player_choice":"Fight","floor":37.0,"gold_loss":0.0,"damage_taken":0.0},{"damage_healed":0.0,"max_hp_gain":0.0,"max_hp_loss":0.0,"gold_gain":0.0,"event_name":"Tomb of Lord Red Mask","player_choice":"Paid","floor":38.0,"gold_loss":98.0,"damage_taken":0.0,"relics_obtained":["Red Mask"]},{"damage_healed":0,"gold_gain":0,"player_choice":"Memory 1","damage_taken":0,"max_hp_gain":0,"max_hp_loss":0,"event_name":"SensoryStone","floor":45,"gold_loss":0}],"is_beta":false,"boss_relics":[{"not_picked":["Calling Bell","Cursed Key"],"picked":"Ectoplasm"},{"not_picked":["Runic Dome","Black Star"],"picked":"Runic Pyramid"}],"items_purged_floors":[3,12],"is_endless":false,"potions_floor_spawned":[1,8,14,19,22,25,29,35,41,42,54],"killed_by":"The Heart","ascension_level":5}