{"gold_per_floor":[110,110,126,2,19,19,45,45,45,57,69,69],"floor_reached":12,"playtime":406,"items_purged":[],"score":104,"play_id":"7a03a8f8-291a-4451-ba06-0da9a2f0cd89","local_time":"20190214200813","is_ascension_mode":true,"campfire_choices":[{"data":"Loop","floor":6,"key":"SMITH"},{"data":"Dualcast","floor":8,"key":"SMITH"}],"neow_cost":"NONE","seed_source_timestamp":143567061758046,"circlet_count":0,"master_deck":["Strike_B","Strike_B","Strike_B","Strike_B","Defend_B","Defend_B","Defend_B","Defend_B","Zap+1","Dualcast+1","Loop+1","Conserve Battery","Melter","Ball Lightning"],"relics":["Cracked Core","NeowsBlessing","Ornamental Fan","Letter Opener","Pantograph"],"potions_floor_usage":[],"damage_taken":[{"damage":0,"enemies":"Small Slimes","floor":1,"turns":1},{"damage":0,"enemies":"Cultist","floor":3,"turns":1},{"damage":0,"enemies":"Jaw Worm","floor":5,"turns":1},{"damage":23,"enemies":"Lagavulin","floor":7,"turns":8},{"damage":9,"enemies":"Blue Slaver","floor":10,"turns":3},{"damage":17,"enemies":"Lots of Slimes","floor":11,"turns":3},{"damage":19,"enemies":"Gremlin Gang","floor":12,"turns":2}],"seed_played":"-1630964645319213723","potions_obtained":[{"floor":5,"key":"FocusPotion"},{"floor":10,"key":"Swift Potion"}],"is_trial":false,"path_per_floor":["M","?","M","?","M","R","E","R","T","M","M","M"],"character_chosen":"DEFECT","items_purchased":[],"campfire_rested":0,"item_purchase_floors":[],"current_hp_per_floor":[68,68,68,68,68,68,45,45,45,36,19,0],"gold":69,"neow_bonus":"THREE_ENEMY_KILL","is_prod":false,"is_daily":false,"chose_seed":false,"campfire_upgraded":2,"win_rate":0,"timestamp":1550192893,"path_taken":["M","?","?","?","?","R","E","R","T","M","M","M"],"build_version":"2019-01-23","purchased_purges":0,"victory":false,"max_hp_per_floor":[75,75,75,75,75,75,75,75,75,75,75,75],"card_choices":[{"not_picked":["Streamline","Sunder","Stack"],"picked":"SKIP","floor":1},{"not_picked":["Redo","Stack"],"picked":"Loop","floor":3},{"not_picked":["Steam Power","Steam"],"picked":"Conserve Battery","floor":5},{"not_picked":["Aggregate","Leap","Reprogram"],"picked":"SKIP","floor":7},{"not_picked":["Conserve Battery","Stack"],"picked":"Melter","floor":10},{"not_picked":["Hyperbeam","Self Repair"],"picked":"Ball Lightning","floor":11}],"player_experience":1557247,"relics_obtained":[{"floor":7,"key":"Letter Opener"},{"floor":9,"key":"Pantograph"}],"event_choices":[{"damage_healed":0,"gold_gain":0,"player_choice":"Upgraded","damage_taken":0,"max_hp_gain":0,"max_hp_loss":0,"event_name":"Upgrade Shrine","floor":2,"gold_loss":0,"cards_upgraded":["Zap"]},{"damage_healed":0,"gold_gain":0,"player_choice":"Paid Gold","damage_taken":0,"relics_obtained":["Ornamental Fan"],"max_hp_gain":0,"max_hp_loss":0,"event_name":"WeMeetAgain","floor":4,"gold_loss":124}],"is_beta":false,"boss_relics":[],"items_purged_floors":[],"is_endless":false,"potions_floor_spawned":[5,10],"killed_by":"Gremlin Gang","ascension_level":6}