{"path_per_floor":["M","M","M","M","M","R","E","R","T","R","M","M","R","?","R","B",null,"M","?","?","?","$","R","M","R","T","M","M","M","$","M","R","B",null,"M","?","M","$","?","E","R","?","T","E","$","R","M","M","R","B"],"character_chosen":"THE_SILENT","items_purchased":["Mercury Hourglass","War Paint"],"gold_per_floor":[110,130,150,169,187,187,219,219,219,219,235,245,245,245,245,350,350,369,369,294,294,50,50,66,66,66,76,88,102,27,46,46,145,145,155,155,165,10,10,38,38,38,113,146,46,46,64,75,75,75],"floor_reached":51,"campfire_rested":2,"playtime":7861,"current_hp_per_floor":[70,69,69,69,69,69,47,47,47,47,47,42,42,65,65,51,70,70,54,54,54,54,54,47,47,47,46,46,46,46,46,46,20,70,70,70,70,70,70,77,77,77,77,44,44,69,69,69,84,84],"items_purged":["Strike_G","Writhe"],"gold":75,"play_id":"49046a49-e79b-4e32-910e-37129deda05d","is_prod":false,"is_daily":false,"is_ascension_mode":false,"campfire_upgraded":9,"path_taken":["M","M","M","M","M","R","E","R","T","R","M","M","R","?","R","BOSS","M","?","?","?","$","R","M","R","T","?","M","M","$","M","R","BOSS","M","?","M","$","?","E","R","?","T","E","$","R","M","M","R","BOSS"],"build_version":"2018-01-25-PROD3","purchased_purges":2,"victory":true,"master_deck":["Defend_G+1","Defend_G+1","Defend_G+1","Defend_G+1","Defend_G+1","Strike_G+1","Survivor+1","Neutralize+1","Well Laid Plans+1","Acrobatics+1","Quick Slash+1","Backflip+1","Dagger Throw+1","Flying Knee","Calculated Gamble+1","After Image+1","Backflip+1","Flying Knee+1","Tactician+1","Footwork","Bullet Time"],"max_hp_per_floor":[70,70,70,70,70,70,70,70,70,70,70,70,70,70,70,70,70,70,70,70,70,70,70,70,70,70,70,70,70,70,70,70,70,70,70,70,70,70,70,84,84,84,84,84,84,84,84,84,84,84],"relics":["Cursed Key","Bronze Scales","Runic Dome","Nilry\u0027s Codex","Mercury Hourglass","The Specimen","War Paint","Mango","Darkstone Periapt","Ginger"],"card_choices":[{"not_picked":["Dagger Throw","Sucker Punch"],"picked":"Well Laid Plans"},{"not_picked":["Calculated Gamble","Slice"],"picked":"Acrobatics"},{"not_picked":["Cloak And Dagger","Bane"],"picked":"Quick Slash"},{"not_picked":["Dagger Spray","Deadly Poison"],"picked":"Backflip"},{"not_picked":["Backstab","Die Die Die"],"picked":"Dagger Throw"},{"not_picked":["Dagger Spray","Concentrate"],"picked":"Flying Knee"},{"not_picked":["PiercingWail","Slice"],"picked":"Calculated Gamble"},{"not_picked":["Venomology","Unload"],"picked":"After Image"},{"not_picked":["Setup","Flying Knee"],"picked":"Backflip"},{"not_picked":["Sucker Punch","Dagger Spray"],"picked":"Flying Knee"},{"not_picked":["Burst","Tools of the Trade"],"picked":"Tactician"},{"not_picked":["Cloak And Dagger","Backflip"],"picked":"Footwork"},{"not_picked":["Outmaneuver","Setup"],"picked":"Bullet Time"}],"player_experience":274460,"potions_floor_usage":[4,16,27,33,37,40,44,50,50,50],"damage_taken":[{"damage":0,"enemies":"2 Louse","floor":1,"turns":2},{"damage":1,"enemies":"Jaw Worm","floor":2,"turns":5},{"damage":0,"enemies":"Cultist","floor":3,"turns":4},{"damage":0,"enemies":"3 Louse","floor":4,"turns":1},{"damage":0,"enemies":"2 Fungi Beasts","floor":5,"turns":3},{"damage":22,"enemies":"Gremlin Nob","floor":7,"turns":5},{"damage":0,"enemies":"Large Slime","floor":11,"turns":4},{"damage":5,"enemies":"3 Louse","floor":12,"turns":2},{"damage":14,"enemies":"The Guardian","floor":16,"turns":10},{"damage":0,"enemies":"Spheric Guardian","floor":18,"turns":3},{"damage":7,"enemies":"Chosen","floor":24,"turns":6},{"damage":1,"enemies":"Snake Plant","floor":27,"turns":3},{"damage":0,"enemies":"3 Cultists","floor":28,"turns":4},{"damage":0,"enemies":"Sentry and Sphere","floor":29,"turns":4},{"damage":0,"enemies":"Snecko","floor":31,"turns":4},{"damage":26,"enemies":"Collector","floor":33,"turns":8},{"damage":0,"enemies":"3 Shapes","floor":35,"turns":4},{"damage":0,"enemies":"Orb Walker","floor":37,"turns":3},{"damage":7,"enemies":"2 Orb Walkers","floor":40,"turns":6},{"damage":33,"enemies":"Nemesis","floor":44,"turns":13},{"damage":0,"enemies":"4 Shapes","floor":47,"turns":5},{"damage":0,"enemies":"Maw","floor":48,"turns":7},{"damage":0,"enemies":"Donu and Deca","floor":50,"turns":10}],"event_choices":[{"event_name":"Big Fish","player_choice":"Banana","floor":14,"damage_taken":0},{"event_name":"Cursed Tome","player_choice":"Obtained Book","floor":19,"damage_taken":0},{"event_name":"Beggar","player_choice":"Gave Gold","floor":20,"damage_taken":0},{"event_name":"Back to Basics","player_choice":"Simplicity","floor":21,"damage_taken":0},{"event_name":"Purifier","player_choice":"One Purge","floor":36,"damage_taken":0},{"event_name":"Accursed Blacksmith","player_choice":"Ignore","floor":39,"damage_taken":0}],"boss_relics":[{"not_picked":["Black Star","Philosopher\u0027s Stone"],"picked":"Runic Dome"},{"not_picked":["Runic Pyramid","Lizard Tail"],"picked":"The Specimen"}],"potions_floor_spawned":[1,5,12,16,27,28,31,33,47,48],"seed_played":"-7933962087286539110","ascension_level":0,"is_trial":false}