{"gold_per_floor":[118,118,118,138,158,183,183,193,193,210,245,262,281,295,295,400,400,411,426,446,140,140,140],"floor_reached":23,"playtime":1918,"items_purged":["Searing Blow"],"score":228,"play_id":"3d3cbd9a-2986-4e70-a93d-9996e9a48c63","local_time":"20181004205959","is_ascension_mode":true,"campfire_choices":[{"data":"Metallicize","floor":7,"key":"SMITH"},{"data":"Pommel Strike","floor":15,"key":"SMITH"}],"neow_cost":"","seed_source_timestamp":390846322830053,"circlet_count":0,"master_deck":["Strike_R","Strike_R+1","Strike_R","Strike_R","Defend_R+1","Defend_R","Defend_R","Defend_R","Bash","True Grit","Headbutt","Metallicize+1","Pommel Strike","Clothesline","Pommel Strike+1","Barricade","Body Slam+1","Shrug It Off","Apotheosis"],"relics":["Burning Blood","Meat on the Bone","Magic Flower","Pocketwatch","Cursed Key"],"potions_floor_usage":[6,16,16,20,20],"damage_taken":[{"damage":1,"enemies":"Cultist","floor":1,"turns":3},{"damage":1,"enemies":"2 Louse","floor":4,"turns":3},{"damage":0,"enemies":"Small Slimes","floor":5,"turns":3},{"damage":49,"enemies":"Lagavulin","floor":6,"turns":7},{"damage":4,"enemies":"Looter","floor":8,"turns":3},{"damage":0,"enemies":"Large Slime","floor":10,"turns":5},{"damage":35,"enemies":"Gremlin Nob","floor":11,"turns":5},{"damage":0,"enemies":"2 Fungi Beasts","floor":12,"turns":3},{"damage":7,"enemies":"Blue Slaver","floor":13,"turns":3},{"damage":19,"enemies":"Exordium Thugs","floor":14,"turns":5},{"damage":47,"enemies":"Hexaghost","floor":16,"turns":9},{"damage":4,"enemies":"Chosen","floor":18,"turns":5},{"damage":24,"enemies":"Spheric Guardian","floor":19,"turns":4},{"damage":46,"enemies":"3 Cultists","floor":20,"turns":8},{"damage":33,"enemies":"Slavers","floor":23,"turns":3}],"seed_played":"5953447028151656118","potions_obtained":[{"floor":4,"key":"SkillPotion"},{"floor":6,"key":"Strength Potion"},{"floor":12,"key":"SteroidPotion"},{"floor":16,"key":"Dexterity Potion"},{"floor":19,"key":"Dexterity Potion"}],"is_trial":false,"path_per_floor":["M","?","?","M","M","E","R","M","T","M","E","M","M","M","R","B",null,"M","M","M","$","?"],"character_chosen":"IRONCLAD","items_purchased":["Shrug It Off","Apotheosis"],"campfire_rested":0,"item_purchase_floors":[21,21],"current_hp_per_floor":[80,80,64,69,75,32,32,46,46,55,47,56,58,66,66,46,80,80,65,46,46,31,0],"gold":140,"neow_bonus":"","is_prod":false,"is_daily":false,"chose_seed":false,"campfire_upgraded":2,"win_rate":0,"timestamp":1538704799,"path_taken":["M","?","?","M","M","E","R","M","T","?","E","?","M","M","R","BOSS","M","M","M","$","?","E"],"build_version":"2018-10-04","purchased_purges":1,"victory":false,"max_hp_per_floor":[80,80,80,80,80,80,80,80,80,80,80,80,80,80,80,80,80,80,80,80,80,85,85],"card_choices":[{"not_picked":["Perfected Strike","Anger"],"picked":"Searing Blow","floor":1},{"not_picked":["Armaments","Warcry"],"picked":"True Grit","floor":4},{"not_picked":["Seeing Red","Body Slam"],"picked":"Headbutt","floor":5},{"not_picked":["Twin Strike","Iron Wave"],"picked":"Metallicize","floor":6},{"not_picked":["Cleave","Wild Strike"],"picked":"Pommel Strike","floor":8},{"not_picked":["Carnage","Sword Boomerang","Armaments"],"picked":"SKIP","floor":10},{"not_picked":["Sword Boomerang","Corruption","Flex"],"picked":"SKIP","floor":11},{"not_picked":["Cleave","Clash"],"picked":"Clothesline","floor":12},{"not_picked":["Clothesline","Corruption"],"picked":"Pommel Strike","floor":13},{"not_picked":["Blood for Blood","Fire Breathing","Dark Embrace"],"picked":"SKIP","floor":14},{"not_picked":["Double Tap","Berserk"],"picked":"Barricade","floor":16},{"not_picked":["Wild Strike+1","Heavy Blade"],"picked":"Body Slam+1","floor":18},{"not_picked":["Perfected Strike","Carnage","Heavy Blade"],"picked":"SKIP","floor":19},{"not_picked":["Sever Soul","Perfected Strike","Clash"],"picked":"SKIP","floor":20}],"player_experience":102178,"relics_obtained":[{"floor":6,"key":"Meat on the Bone"},{"floor":9,"key":"Magic Flower"},{"floor":11,"key":"Pocketwatch"}],"event_choices":[{"event_name":"Purifier","player_choice":"One Purge","floor":2,"damage_taken":0},{"event_name":"Shining Light","player_choice":"Entered Light","floor":3,"damage_taken":0},{"event_name":"Forgotten Altar","player_choice":"Shed Blood","floor":22,"damage_taken":0}],"is_beta":false,"boss_relics":[{"not_picked":["Busted Crown","Empty Cage"],"picked":"Cursed Key"}],"items_purged_floors":[21],"is_endless":false,"potions_floor_spawned":[4,6,12,16,19],"killed_by":"Slavers","ascension_level":2}