{"gold_per_floor":[119,133,11,22,297,297,309,323,323,2,34,34,58,75,75,175,175,186,41,41,0,0,0,16,16,42,100,100,114,42,42,42,143,143,160,160,0,82,100,100,133,133,133,143,243,259,259,63,63,63],"floor_reached":51,"playtime":2236,"items_purged":["Regret","Distraction"],"score":1036,"play_id":"6c5f280c-86dd-42ff-a98f-c1e21af2b4b0","local_time":"20190309071641","is_ascension_mode":true,"campfire_choices":[{"data":"Neutralize","floor":6,"key":"SMITH"},{"data":"Accuracy","floor":12,"key":"SMITH"},{"data":"Footwork","floor":15,"key":"SMITH"},{"data":"Blade Dance","floor":23,"key":"SMITH"},{"data":"Blade Dance","floor":25,"key":"SMITH"},{"data":"Blade Dance","floor":28,"key":"SMITH"},{"data":"Accuracy","floor":32,"key":"SMITH"},{"data":"Accuracy","floor":40,"key":"SMITH"},{"data":"Footwork","floor":42,"key":"SMITH"},{"data":"Infinite Blades","floor":49,"key":"SMITH"}],"neow_cost":"NONE","seed_source_timestamp":142420017244233,"circlet_count":0,"master_deck":["Survivor","Neutralize+1","Dodge and Roll","Accuracy+1","Blade Dance+1","Footwork+1","Blade Dance+1","Dodge and Roll","Tools of the Trade","Crippling Poison","Blade Dance+1","Backflip+1","Accuracy+1","Die Die Die","Accuracy+1","Dash","Expertise","Footwork+1","Die Die Die","Infinite Blades+1","Cloak And Dagger","Bullet Time","Burst","Blur","Cloak And Dagger","Blade Dance"],"relics":["Ring of the Snake","Matryoshka","Ninja Scroll","Pen Nib","Odd Mushroom","Coffee Dripper","Blood Vial","Smiling Mask","Juzu Bracelet","Tiny Chest","Pandora\u0027s Box","Bronze Scales","Paper Crane","Red Mask","Bottled Tornado","Potion Belt","Pantograph","Ice Cream"],"potions_floor_usage":[11,11,16,27,29,33,33,41,47,50,50,50],"damage_taken":[{"damage":1,"enemies":"Jaw Worm","floor":1,"turns":5},{"damage":0,"enemies":"Cultist","floor":2,"turns":5},{"damage":7,"enemies":"Small Slimes","floor":4,"turns":4},{"damage":1,"enemies":"Exordium Wildlife","floor":7,"turns":4},{"damage":9,"enemies":"3 Louse","floor":8,"turns":5},{"damage":23,"enemies":"Lagavulin","floor":11,"turns":8},{"damage":8,"enemies":"The Mushroom Lair","floor":13,"turns":7},{"damage":0,"enemies":"Gremlin Gang","floor":14,"turns":3},{"damage":31,"enemies":"Hexaghost","floor":16,"turns":14},{"damage":3,"enemies":"2 Thieves","floor":18,"turns":5},{"damage":0,"enemies":"Shell Parasite","floor":24,"turns":4},{"damage":16,"enemies":"Gremlin Leader","floor":27,"turns":5},{"damage":9,"enemies":"Snake Plant","floor":29,"turns":7},{"damage":26,"enemies":"Champ","floor":33,"turns":9},{"damage":0,"enemies":"Orb Walker","floor":35,"turns":1},{"damage":0,"enemies":"3 Shapes","floor":39,"turns":4},{"damage":0,"enemies":"Giant Head","floor":41,"turns":5},{"damage":0,"enemies":"Writhing Mass","floor":44,"turns":5},{"damage":0,"enemies":"Mind Bloom Boss Battle","floor":45,"turns":3},{"damage":0,"enemies":"Sphere and 2 Shapes","floor":46,"turns":3},{"damage":0,"enemies":"Spire Growth","floor":47,"turns":1},{"damage":73,"enemies":"Donu and Deca","floor":50,"turns":6}],"seed_played":"854776406325901663","potions_obtained":[{"floor":2,"key":"Dexterity Potion"},{"floor":4,"key":"Regen Potion"},{"floor":16,"key":"FearPotion"},{"floor":24,"key":"Ancient Potion"},{"floor":27,"key":"Ancient Potion"},{"floor":29,"key":"FearPotion"},{"floor":39,"key":"Ancient Potion"},{"floor":46,"key":"SmokeBomb"}],"is_trial":false,"path_per_floor":["M","M","$","M","?","R","M","M","T","$","E","R","?","M","R","B",null,"M","$","?","?","$","R","M","R","T","E","R","M","$","$","R","B",null,"M","T","?","T","M","R","E","R","T","M","?","M","M","$","R","B",null],"character_chosen":"THE_SILENT","items_purchased":["Accuracy","SkillPotion","Ninja Scroll","Blood Vial","Accuracy","Energy Potion","Fire Potion","Energy Potion"],"campfire_rested":0,"item_purchase_floors":[3,3,10,19,30,48,48,48],"current_hp_per_floor":[69,69,69,62,62,62,61,52,52,52,44,44,36,36,36,5,59,56,56,56,56,56,56,58,58,58,44,44,37,37,37,37,13,61,63,63,63,63,65,65,67,67,67,69,77,77,77,77,77,4],"gold":63,"neow_bonus":"TEN_PERCENT_HP_BONUS","is_prod":false,"is_daily":false,"chose_seed":false,"campfire_upgraded":10,"win_rate":0,"timestamp":1552137401,"path_taken":["M","M","$","M","?","R","?","?","T","$","E","R","?","M","R","BOSS","M","$","?","?","?","R","?","R","T","E","R","M","?","$","R","BOSS","M","?","?","?","M","R","E","R","T","M","?","M","M","$","R","BOSS"],"build_version":"2019-01-23","purchased_purges":2,"victory":true,"max_hp_per_floor":[77,77,77,77,77,77,77,77,77,77,77,77,77,77,77,77,77,77,77,77,77,77,77,77,77,77,77,77,77,77,77,77,77,77,77,77,77,77,77,77,77,77,77,77,77,77,77,77,77,77],"card_choices":[{"not_picked":["PiercingWail","Acrobatics"],"picked":"Dodge and Roll","floor":1},{"not_picked":["Heel Hook","Quick Slash","Slice"],"picked":"SKIP","floor":2},{"not_picked":["Bane","Terror"],"picked":"Blade Dance","floor":4},{"not_picked":["Acrobatics","Sucker Punch"],"picked":"Footwork","floor":7},{"not_picked":["Acrobatics","Deflect"],"picked":"Blade Dance","floor":8},{"not_picked":["Heel Hook","Dagger Throw"],"picked":"Dodge and Roll","floor":11},{"not_picked":["Underhanded Strike","Doppelganger","Dagger Throw"],"picked":"SKIP","floor":14},{"not_picked":["Doppelganger","Unload"],"picked":"Tools of the Trade","floor":16},{"not_picked":["PiercingWail","Flying Knee"],"picked":"Crippling Poison","floor":18},{"not_picked":["Dagger Spray","Calculated Gamble+1"],"picked":"Blade Dance","floor":24},{"not_picked":["Outmaneuver","Poisoned Stab","Acrobatics"],"picked":"SKIP","floor":27},{"not_picked":["Dodge and Roll","Flying Knee"],"picked":"Backflip+1","floor":29},{"not_picked":["Unload","Glass Knife"],"picked":"Die Die Die","floor":33},{"not_picked":["Backflip+1","Underhanded Strike"],"picked":"Blur","floor":35},{"not_picked":["Deflect","Expertise","Acrobatics"],"picked":"SKIP","floor":39},{"not_picked":["Dagger Spray+1","Dagger Throw"],"picked":"Cloak And Dagger","floor":41},{"not_picked":["Caltrops+1","Calculated Gamble+1","Bane"],"picked":"SKIP","floor":44},{"not_picked":["Deadly Poison","Dagger Spray+1"],"picked":"Blade Dance","floor":45},{"not_picked":["Quick Slash","Underhanded Strike","Skewer"],"picked":"SKIP","floor":46}],"player_experience":324899,"relics_obtained":[{"floor":9,"key":"Matryoshka"},{"floor":11,"key":"Pen Nib"},{"floor":13,"key":"Odd Mushroom"},{"floor":26,"key":"Smiling Mask"},{"floor":26,"key":"Juzu Bracelet"},{"floor":27,"key":"Tiny Chest"},{"floor":36,"key":"Bronze Scales"},{"floor":36,"key":"Paper Crane"},{"floor":38,"key":"Bottled Tornado"},{"floor":41,"key":"Potion Belt"},{"floor":43,"key":"Pantograph"},{"floor":45,"key":"Ice Cream"}],"event_choices":[{"damage_healed":0,"gold_gain":275,"player_choice":"Desecrate","damage_taken":0,"max_hp_gain":0,"max_hp_loss":0,"event_name":"Golden Shrine","floor":5,"gold_loss":0,"cards_obtained":["Regret"]},{"damage_healed":0,"gold_gain":0,"player_choice":"Fought Mushrooms","damage_taken":0,"max_hp_gain":0,"max_hp_loss":0,"event_name":"Mushrooms","floor":13,"gold_loss":0},{"damage_healed":0,"gold_gain":0,"player_choice":"Paid Fearfully","damage_taken":0,"max_hp_gain":0,"max_hp_loss":0,"event_name":"Masked Bandits","floor":21,"gold_loss":41},{"damage_healed":0,"gold_gain":0,"player_choice":"Paid","damage_taken":0,"relics_obtained":["Red Mask"],"max_hp_gain":0,"max_hp_loss":0,"event_name":"Tomb of Lord Red Mask","floor":37,"gold_loss":160},{"damage_healed":0,"gold_gain":0,"player_choice":"Fight","damage_taken":0,"max_hp_gain":0,"max_hp_loss":0,"event_name":"MindBloom","floor":45,"gold_loss":0}],"is_beta":false,"boss_relics":[{"not_picked":["Snecko Eye","HoveringKite"],"picked":"Coffee Dripper"},{"not_picked":["Calling Bell","Runic Dome"],"picked":"Pandora\u0027s Box"}],"items_purged_floors":[10,48],"is_endless":false,"potions_floor_spawned":[2,4,8,16,24,27,29,39,46],"ascension_level":7}