{"gold_per_floor":[110,130,55,65,78,104,104,4,4,19,33,33,60,74,74,169,169,179,196,111,111,111],"floor_reached":22,"playtime":2040,"items_purged":["Strike_R","Strike_R"],"score":208,"play_id":"9250f174-aa92-4b90-b776-bd68ab057143","local_time":"20180716212527","is_ascension_mode":true,"campfire_choices":[{"data":"Barricade","floor":7,"key":"SMITH"},{"data":"Flex","floor":12,"key":"SMITH"},{"data":"Limit Break","floor":15,"key":"SMITH"}],"neow_cost":"TEN_PERCENT_HP_LOSS","seed_source_timestamp":0,"circlet_count":0,"master_deck":["Strike_R","Defend_R","Defend_R","Defend_R","Defend_R","Bash","Pommel Strike","Barricade+1","Iron Wave","Body Slam","Flex+1","Uppercut","Limit Break+1","Cleave","Feed","Whirlwind"],"special_seed":17729,"relics":["Burning Blood","Ornamental Fan","Paper Frog","Blood Vial","Black Star","Molten Egg 2"],"potions_floor_usage":[6,6,11,16,16,18],"damage_taken":[{"damage":10,"enemies":"Jaw Worm","floor":1,"turns":4},{"damage":2,"enemies":"2 Louse","floor":2,"turns":3},{"damage":6,"enemies":"Cultist","floor":4,"turns":4},{"damage":10,"enemies":"Gremlin Gang","floor":5,"turns":5},{"damage":23,"enemies":"3 Sentries","floor":6,"turns":10},{"damage":9,"enemies":"Blue Slaver","floor":10,"turns":3},{"damage":0,"enemies":"Large Slime","floor":11,"turns":4},{"damage":19,"enemies":"Gremlin Nob","floor":13,"turns":5},{"damage":5,"enemies":"3 Louse","floor":14,"turns":5},{"damage":29,"enemies":"The Guardian","floor":16,"turns":9},{"damage":19,"enemies":"Chosen","floor":18,"turns":6},{"damage":31,"enemies":"Spheric Guardian","floor":19,"turns":6},{"damage":41,"enemies":"Snecko","floor":22,"turns":6}],"seed_played":"-6709258171721631228","potions_obtained":[{"floor":4,"key":"AttackPotion"},{"floor":5,"key":"SkillPotion"},{"floor":6,"key":"Explosive Potion"},{"floor":11,"key":"SkillPotion"},{"floor":13,"key":"PowerPotion"},{"floor":16,"key":"PowerPotion"}],"is_trial":false,"path_per_floor":["M","M","$","M","M","E","R","$","T","M","M","R","E","M","R","B",null,"M","M","?","?"],"character_chosen":"IRONCLAD","items_purchased":[],"campfire_rested":0,"item_purchase_floors":[],"current_hp_per_floor":[68,72,72,72,68,51,51,51,51,48,54,54,41,44,44,23,72,59,39,39,25,0],"gold":111,"neow_bonus":"REMOVE_TWO","is_prod":false,"is_daily":false,"chose_seed":false,"campfire_upgraded":3,"win_rate":0,"timestamp":1531801527,"path_taken":["M","M","$","M","M","E","R","$","T","M","M","R","E","M","R","BOSS","M","M","?","?","?"],"build_version":"2018-07-12","purchased_purges":2,"victory":false,"max_hp_per_floor":[72,72,72,72,72,72,72,72,72,72,72,72,72,72,72,72,72,72,75,75,80,80],"card_choices":[{"not_picked":["Twin Strike","Body Slam"],"picked":"Pommel Strike","floor":1},{"not_picked":["Rage","Body Slam"],"picked":"Barricade","floor":2},{"not_picked":["Corruption","Carnage"],"picked":"Iron Wave","floor":4},{"not_picked":["Sword Boomerang","Warcry"],"picked":"Body Slam","floor":5},{"not_picked":["Feel No Pain","Armaments"],"picked":"Flex","floor":6},{"not_picked":["Warcry","Fire Breathing","Second Wind"],"picked":"SKIP","floor":10},{"not_picked":["Feel No Pain","Seeing Red"],"picked":"Uppercut","floor":11},{"not_picked":["Reckless Charge","Hemokinesis"],"picked":"Limit Break","floor":13},{"not_picked":["Twin Strike","Clothesline"],"picked":"Cleave","floor":14},{"not_picked":["Juggernaut","Brutality"],"picked":"Feed","floor":16},{"not_picked":["Infernal Blade","Bloodletting","Clash"],"picked":"SKIP","floor":18},{"not_picked":["Clothesline","Sword Boomerang"],"picked":"Whirlwind","floor":19}],"player_experience":76772,"relics_obtained":[{"floor":6,"key":"Ornamental Fan"},{"floor":9,"key":"Paper Frog"},{"floor":13,"key":"Blood Vial"}],"event_choices":[{"event_name":"Addict","player_choice":"Obtained Relic","floor":20,"damage_taken":0},{"event_name":"Forgotten Altar","player_choice":"Shed Blood","floor":21,"damage_taken":0}],"boss_relics":[{"not_picked":["Snecko Eye","Empty Cage"],"picked":"Black Star"}],"items_purged_floors":[3,8],"is_endless":false,"potions_floor_spawned":[4,5,6,11,13,16],"killed_by":"Snecko","ascension_level":1}