{"gold_per_floor":[361,373,373,323,334,364,364,375,375,389,389],"floor_reached":11,"playtime":430,"items_purged":[],"score":98,"play_id":"b4641973-4e44-4ba1-87dd-cbb0fc2f93bd","local_time":"20180922161721","is_ascension_mode":true,"campfire_choices":[{"data":"Battle Trance","floor":7,"key":"SMITH"}],"neow_cost":"PERCENT_DAMAGE","seed_source_timestamp":67734673246548,"circlet_count":0,"master_deck":["Strike_R","Strike_R","Strike_R","Strike_R","Defend_R","Defend_R","Defend_R","Defend_R","Bash","Sever Soul","Battle Trance+1","Shrug It Off","Evolve","Shrug It Off","Metallicize"],"relics":["Burning Blood","Vajra","Bottled Flame"],"potions_floor_usage":[6,11],"damage_taken":[{"damage":6,"enemies":"2 Louse","floor":1,"turns":4},{"damage":7,"enemies":"Jaw Worm","floor":2,"turns":3},{"damage":1,"enemies":"Cultist","floor":5,"turns":3},{"damage":40,"enemies":"3 Sentries","floor":6,"turns":9},{"damage":13,"enemies":"Looter","floor":8,"turns":4},{"damage":0,"enemies":"2 Fungi Beasts","floor":10,"turns":3},{"damage":27,"enemies":"Lagavulin","floor":11,"turns":6}],"seed_played":"-2828841275994178799","potions_obtained":[{"floor":1,"key":"Block Potion"},{"floor":5,"key":"Dexterity Potion"}],"is_trial":false,"path_per_floor":["M","M","?","?","M","E","R","M","T","M"],"character_chosen":"IRONCLAD","items_purchased":[],"campfire_rested":0,"item_purchase_floors":[],"current_hp_per_floor":[51,50,50,50,55,21,21,14,14,20,0],"gold":389,"neow_bonus":"TWO_FIFTY_GOLD","is_prod":false,"is_daily":false,"chose_seed":false,"campfire_upgraded":1,"win_rate":0,"timestamp":1537647441,"path_taken":["M","M","?","?","?","E","R","M","T","M","E"],"build_version":"2018-09-20","purchased_purges":0,"victory":false,"max_hp_per_floor":[80,80,80,80,80,80,80,80,80,80,80],"card_choices":[{"not_picked":["Body Slam","Corruption"],"picked":"Sever Soul","floor":1},{"not_picked":["Pommel Strike","Perfected Strike"],"picked":"Battle Trance","floor":2},{"not_picked":["Havoc","Headbutt"],"picked":"Shrug It Off","floor":5},{"not_picked":["Havoc","Bloodletting"],"picked":"Evolve","floor":6},{"not_picked":["Twin Strike","Iron Wave"],"picked":"Shrug It Off","floor":8},{"not_picked":["Iron Wave","Thunderclap"],"picked":"Metallicize","floor":10}],"player_experience":567239,"relics_obtained":[{"floor":6,"key":"Vajra"},{"floor":9,"key":"Bottled Flame"}],"event_choices":[{"event_name":"Liars Game","player_choice":"disagreed","floor":3,"damage_taken":0},{"event_name":"The Cleric","player_choice":"Card Removal","floor":4,"damage_taken":0}],"is_beta":false,"boss_relics":[],"items_purged_floors":[],"is_endless":false,"potions_floor_spawned":[1,5],"killed_by":"Lagavulin","ascension_level":6}