{"path_per_floor":["M","M","M","M","M","E","R","M","T","R","E","?","$","M","R","B",null,"M","?","M","?","M","R","M","M","T","R","?","M","E","M","R","B",null,"M","?","?","$","M","E","R","E","T","M","R","E","M","M","R","B"],"character_chosen":"IRONCLAD","items_purchased":["Kunai"],"gold_per_floor":[118,128,138,154,171,200,200,212,236,236,262,262,5,15,15,114,114,69,69,69,69,69,69,69,69,69,69,69,69,69,69,69,69,69,69,69,69,69,69,69,69,69,69,69,69,69,69,69,69,69],"floor_reached":51,"campfire_rested":2,"playtime":5501,"current_hp_per_floor":[80,80,80,75,72,47,47,44,44,44,46,46,46,52,52,44,80,71,56,62,62,59,59,38,44,44,69,69,61,67,73,73,69,85,84,84,74,74,80,85,85,84,84,85,85,47,48,50,75,82],"items_purged":[],"gold":69,"play_id":"71e47df4-4990-46f7-b30e-c10341ec7d65","is_prod":false,"is_daily":false,"is_ascension_mode":false,"campfire_rituals":0,"campfire_upgraded":7,"path_taken":["M","M","M","M","M","E","R","M","T","R","E","?","$","M","R","BOSS","M","?","M","?","M","R","M","?","T","R","?","M","E","M","R","BOSS","M","?","?","?","M","E","R","E","T","?","R","E","M","M","R","BOSS"],"build_version":"2018-01-22-BETA2","purchased_purges":0,"victory":true,"master_deck":["Strike_R","Strike_R","Strike_R","Strike_R","Defend_R","Defend_R","Defend_R","Defend_R","Bash","Thunderclap","Sever Soul","Armaments","Uppercut","Barricade","Dropkick","Clothesline","Impervious","Battle Trance","Pommel Strike","Iron Wave","Body Slam","True Grit","Bloodletting","Offering","Madness","Madness","Warcry","Regret","Shrug It Off","Dropkick","Feel No Pain"],"max_hp_per_floor":[80,80,80,80,80,80,80,80,80,80,80,80,80,80,80,80,80,80,85,85,85,85,85,85,85,85,85,85,85,85,85,85,85,85,85,85,85,85,85,85,85,85,85,85,85,85,85,85,85,85],"relics":["Burning Blood","Bag of Marbles","Frozen Egg","Bag of Preparation","Kunai","Ectoplasm","Red Skull","Happy Flower","Cursed Key","Anchor","Molten Egg","Pen Nib","Mummified Hand"],"campfire_meditates":0,"card_choices":[{"not_picked":["Second Wind","Body Slam"],"picked":"Thunderclap"},{"not_picked":["Pummel","Battle Trance"],"picked":"Sever Soul"},{"not_picked":["Iron Wave","Hemokinesis"],"picked":"Armaments"},{"not_picked":["Searing Blow","Twin Strike"],"picked":"Uppercut"},{"not_picked":["Rampage","Sword Boomerang"],"picked":"Barricade"},{"not_picked":["Rupture","Perfected Strike"],"picked":"Dropkick"},{"not_picked":["Pummel","Cleave"],"picked":"Clothesline"},{"not_picked":["Feed","Double Tap"],"picked":"Impervious"},{"not_picked":["True Grit","Twin Strike"],"picked":"Battle Trance"},{"not_picked":["Shockwave","True Grit"],"picked":"Pommel Strike"},{"not_picked":["Bloodletting","Pommel Strike"],"picked":"Iron Wave"},{"not_picked":["Rupture","Twin Strike"],"picked":"Body Slam"},{"not_picked":["Seeing Red","Anger"],"picked":"True Grit"},{"not_picked":["Hemokinesis","Sword Boomerang"],"picked":"Bloodletting"},{"not_picked":["Feed","Impervious"],"picked":"Offering"},{"not_picked":["Clothesline","Pommel Strike"],"picked":"Warcry"},{"not_picked":["Offering","Rage"],"picked":"Shrug It Off"},{"not_picked":["Clash","Anger"],"picked":"Dropkick"},{"not_picked":["Battle Trance","Pommel Strike"],"picked":"Feel No Pain"}],"player_experience":0,"potions_floor_usage":[6,11,35,50,50,50],"damage_taken":[{"damage":5,"enemies":"Small Slimes","floor":1,"turns":4},{"damage":5,"enemies":"2 Louse","floor":2,"turns":2},{"damage":5,"enemies":"Jaw Worm","floor":3,"turns":4},{"damage":11,"enemies":"2 Fungi Beasts","floor":4,"turns":3},{"damage":9,"enemies":"Gremlin Gang","floor":5,"turns":3},{"damage":31,"enemies":"Lagavulin","floor":6,"turns":5},{"damage":9,"enemies":"Large Slime","floor":8,"turns":6},{"damage":13,"enemies":"Gremlin Nob","floor":11,"turns":4},{"damage":0,"enemies":"3 Louse","floor":14,"turns":2},{"damage":14,"enemies":"The Guardian","floor":16,"turns":14},{"damage":15,"enemies":"2 Thieves","floor":18,"turns":4},{"damage":0,"enemies":"3 Byrds","floor":20,"turns":5},{"damage":9,"enemies":"Snake Plant","floor":22,"turns":5},{"damage":27,"enemies":"Slaver and Parasite","floor":24,"turns":7},{"damage":0,"enemies":"Snecko","floor":25,"turns":5},{"damage":14,"enemies":"3 Cultists","floor":29,"turns":4},{"damage":0,"enemies":"Book of Stabbing","floor":30,"turns":7},{"damage":0,"enemies":"Sentry and Sphere","floor":31,"turns":6},{"damage":10,"enemies":"Champ","floor":33,"turns":12},{"damage":7,"enemies":"3 Darklings","floor":35,"turns":4},{"damage":0,"enemies":"3 Shapes","floor":39,"turns":3},{"damage":0,"enemies":"Giant Head","floor":40,"turns":8},{"damage":7,"enemies":"Nemesis","floor":42,"turns":7},{"damage":4,"enemies":"Spire Growth","floor":44,"turns":4},{"damage":44,"enemies":"2 Orb Walkers","floor":46,"turns":7},{"damage":5,"enemies":"Maw","floor":47,"turns":6},{"damage":4,"enemies":"4 Shapes","floor":48,"turns":4},{"damage":14,"enemies":"Awakened One","floor":50,"turns":9}],"event_choices":[{"event_name":"Living Wall","player_choice":"Forget","floor":12,"damage_taken":0},{"event_name":"Forgotten Altar","player_choice":"Shed Blood","floor":19,"damage_taken":0},{"event_name":"Drug Dealer","player_choice":"Ignored","floor":21,"damage_taken":0},{"event_name":"Addict","player_choice":"Ignored","floor":28,"damage_taken":0},{"event_name":"Transmorgrifier","player_choice":"Skipped","floor":36,"damage_taken":0},{"event_name":"Winding Halls","player_choice":"Embrace Madness","floor":37,"damage_taken":0}],"boss_relics":[{"not_picked":["Runic Pyramid","Question Card"],"picked":"Ectoplasm"},{"not_picked":["Astrolabe","Velvet Choker"],"picked":"Cursed Key"}],"potions_floor_spawned":[2,4,5,6,11,20,24,29,33,40,44,46,47],"seed_played":"1706402926148314137","ascension_level":1,"is_trial":false}