{"gold_per_floor":[109,128,128,128,138,173,173,184,184,184,198,226,226,245,245,245],"floor_reached":16,"playtime":958,"items_purged":[],"score":112,"play_id":"6ec4db4e-db39-465a-a05a-6d9b8bd3c1c4","local_time":"20180728015708","is_ascension_mode":false,"campfire_choices":[{"data":"Zap","floor":7,"key":"SMITH"},{"data":"Consume","floor":10,"key":"SMITH"},{"floor":13,"key":"REST"},{"data":"White Noise","floor":15,"key":"SMITH"}],"neow_cost":"NONE","seed_source_timestamp":1318859899757905,"circlet_count":0,"master_deck":["Strike_B","Strike_B","Strike_B","Strike_B","Defend_B","Defend_B","Defend_B","Defend_B","Zap+1","Dualcast","Conserve Battery","Sweeping Beam","Multi-Cast","Consume+1","Ball Lightning","White Noise+1","Hologram"],"relics":["Black Star","Mummified Hand","Meat on the Bone","The Courier","Darkstone Periapt","Question Card"],"potions_floor_usage":[6,12,16],"damage_taken":[{"damage":9,"enemies":"2 Louse","floor":1,"turns":3},{"damage":0,"enemies":"Small Slimes","floor":2,"turns":4},{"damage":0,"enemies":"Cultist","floor":5,"turns":4},{"damage":4,"enemies":"3 Sentries","floor":6,"turns":9},{"damage":1,"enemies":"2 Fungi Beasts","floor":8,"turns":4},{"damage":8,"enemies":"Lots of Slimes","floor":11,"turns":2},{"damage":33,"enemies":"Lagavulin","floor":12,"turns":6},{"damage":9,"enemies":"3 Louse","floor":14,"turns":3},{"damage":55,"enemies":"Hexaghost","floor":16,"turns":9}],"seed_played":"-7495209643059046381","potions_obtained":[{"floor":2,"key":"EssenceOfSteel"},{"floor":8,"key":"Regen Potion"},{"floor":14,"key":"Swift Potion"}],"is_trial":false,"path_per_floor":["M","M","?","?","M","E","R","M","T","R","M","E","R","M","R"],"character_chosen":"DEFECT","items_purchased":[],"campfire_rested":1,"item_purchase_floors":[],"current_hp_per_floor":[66,66,66,59,59,55,55,54,54,54,46,39,61,52,52,0],"gold":245,"neow_bonus":"BOSS_RELIC","is_prod":false,"is_daily":false,"chose_seed":false,"campfire_upgraded":3,"win_rate":0,"timestamp":1532732228,"path_taken":["M","M","?","?","M","E","R","M","T","R","M","E","R","M","R","BOSS"],"build_version":"2018-07-26","purchased_purges":0,"victory":false,"max_hp_per_floor":[75,75,75,75,75,75,75,75,75,75,75,75,75,75,75,75],"card_choices":[{"not_picked":["Rebound","Heatsinks"],"picked":"Conserve Battery","floor":1},{"not_picked":["Stack","Steam"],"picked":"Sweeping Beam","floor":2},{"not_picked":["Chill","Barrage","Capacitor"],"picked":"SKIP","floor":5},{"not_picked":["Scrape","Coolheaded"],"picked":"Multi-Cast","floor":6},{"not_picked":["Leap","BootSequence"],"picked":"Consume","floor":8},{"not_picked":["Sweeping Beam","Compile Driver"],"picked":"Ball Lightning","floor":11},{"not_picked":["Force Field","Storm"],"picked":"White Noise","floor":12},{"not_picked":["Coolheaded","Rip and Tear","Steam"],"picked":"Hologram","floor":14}],"player_experience":140824,"relics_obtained":[{"floor":6,"key":"Mummified Hand"},{"floor":6,"key":"Meat on the Bone"},{"floor":9,"key":"The Courier"},{"floor":12,"key":"Darkstone Periapt"},{"floor":12,"key":"Question Card"}],"event_choices":[{"event_name":"Liars Game","player_choice":"disagreed","floor":3,"damage_taken":0},{"event_name":"Wheel of Change","player_choice":"Damage","floor":4,"damage_taken":0}],"is_beta":false,"boss_relics":[],"items_purged_floors":[],"is_endless":false,"potions_floor_spawned":[2,8,14],"killed_by":"Hexaghost","ascension_level":0}