{"gold_per_floor":[115,127,141,152,166,166,186,206,206,36,16,33,33,33,33,33],"floor_reached":16,"playtime":1609,"items_purged":["Strike_G"],"score":98,"play_id":"54938fbc-fd80-44ae-8830-da3a41281b83","local_time":"20180923034304","is_ascension_mode":false,"campfire_choices":[{"data":"Noxious Fumes","floor":6,"key":"SMITH"},{"data":"Envenom","floor":13,"key":"SMITH"},{"floor":15,"key":"REST"}],"neow_cost":"","seed_source_timestamp":40033158176882,"circlet_count":0,"master_deck":["Defend_G","Defend_G","Defend_G","Defend_G","Defend_G","Strike_G","Strike_G","Strike_G","Strike_G","Survivor","Neutralize","Noxious Fumes+1","Backflip","Poisoned Stab","Envenom+1","Deadly Poison","Deflect","Caltrops","Bouncing Flask"],"relics":["Ring of the Snake","Bottled Lightning"],"potions_floor_usage":[11,11],"damage_taken":[{"damage":0,"enemies":"2 Louse","floor":1,"turns":4},{"damage":5,"enemies":"Small Slimes","floor":2,"turns":5},{"damage":1,"enemies":"Cultist","floor":3,"turns":4},{"damage":4,"enemies":"Exordium Wildlife","floor":4,"turns":7},{"damage":3,"enemies":"3 Louse","floor":5,"turns":4},{"damage":8,"enemies":"Large Slime","floor":7,"turns":6},{"damage":2,"enemies":"Looter","floor":8,"turns":5},{"damage":0,"enemies":"Exordium Thugs","floor":11,"turns":4},{"damage":9,"enemies":"2 Fungi Beasts","floor":12,"turns":4},{"damage":0,"enemies":"Slime Boss","floor":16,"turns":3}],"seed_played":"4450295719766310034","potions_obtained":[{"floor":3,"key":"FearPotion"},{"floor":4,"key":"Energy Potion"},{"floor":7,"key":"FairyPotion"},{"floor":8,"key":"PowerPotion"}],"is_trial":false,"path_per_floor":["M","M","M","M","M","R","M","M","T","$","M","M","R","?","R"],"character_chosen":"THE_SILENT","items_purchased":["Deflect","Caltrops"],"campfire_rested":1,"item_purchase_floors":[10,10],"current_hp_per_floor":[70,65,64,60,57,57,49,47,47,47,47,38,38,38,59,59],"gold":33,"neow_bonus":"","is_prod":false,"is_daily":false,"chose_seed":false,"campfire_upgraded":2,"win_rate":0.0,"timestamp":1537663384,"path_taken":["M","M","M","M","M","R","M","M","T","$","M","M","R","?","R","BOSS"],"build_version":"2018-09-20","purchased_purges":1,"victory":false,"max_hp_per_floor":[70,70,70,70,70,70,70,70,70,70,70,70,70,70,70,70],"card_choices":[{"not_picked":["Quick Slash","Flechettes","Underhanded Strike"],"picked":"SKIP","floor":1},{"not_picked":["Dagger Spray","Bouncing Flask"],"picked":"Noxious Fumes","floor":2},{"not_picked":["Dagger Throw","Underhanded Strike","Prepared"],"picked":"SKIP","floor":3},{"not_picked":["Flying Knee","All Out Attack"],"picked":"Backflip","floor":4},{"not_picked":["PiercingWail","Underhanded Strike"],"picked":"Poisoned Stab","floor":5},{"not_picked":["All Out Attack","Choke"],"picked":"Envenom","floor":7},{"not_picked":["Prepared","PiercingWail"],"picked":"Deadly Poison","floor":8},{"not_picked":["Predator","Sucker Punch"],"picked":"Bouncing Flask","floor":11},{"not_picked":["Quick Slash","Deadly Poison","PiercingWail"],"picked":"SKIP","floor":12}],"player_experience":44322,"relics_obtained":[{"floor":9,"key":"Bottled Lightning"}],"event_choices":[{"event_name":"Golden Wing","player_choice":"Ignored","floor":14,"damage_taken":0}],"is_beta":false,"boss_relics":[],"items_purged_floors":[10],"is_endless":false,"potions_floor_spawned":[3,4,7,8],"killed_by":"Slime Boss","ascension_level":0}