{"gold_per_floor":[20,34,52,52,63,63,79,108,108,120,133,147,147,159,159,262,262,187,59,59,11,24,55,55,73,73,73,86,118,128,53,53,151,151,169,169,169,189,189],"floor_reached":39,"playtime":3432,"items_purged":[],"score":616,"play_id":"50d7dd3f-d683-4025-baa0-0c27d4c5eb36","local_time":"20190209215921","is_ascension_mode":true,"campfire_choices":[{"data":"Neutralize","floor":6,"key":"SMITH"},{"data":"Footwork","floor":13,"key":"SMITH"},{"data":"Riddle With Holes","floor":15,"key":"SMITH"},{"data":"A Thousand Cuts","floor":24,"key":"SMITH"},{"floor":27,"key":"REST"},{"floor":32,"key":"REST"}],"neow_cost":"NO_GOLD","seed_source_timestamp":1653733281812786,"circlet_count":0,"master_deck":["Defend_G","Defend_G","Defend_G","Defend_G","Defend_G","Strike_G","Strike_G","Strike_G","Strike_G","Survivor","Neutralize+1","Night Terror","PiercingWail","Dagger Spray","Infinite Blades","Flying Knee","Dodge and Roll","Backflip","Riddle With Holes+1","Footwork+1","Corpse Explosion","Caltrops+1","A Thousand Cuts+1","Cloak And Dagger","Deflect","Panacea","Dodge and Roll","Footwork","Backflip","Backflip","Noxious Fumes","PiercingWail","Die Die Die"],"relics":["Ring of the Snake","Meat on the Bone","Mango","Sozu","Calipers","Ice Cream","Ginger","Snecko Eye"],"potions_floor_usage":[8,16,16],"damage_taken":[{"damage":0,"enemies":"Cultist","floor":1,"turns":5},{"damage":1,"enemies":"Small Slimes","floor":2,"turns":7},{"damage":0,"enemies":"2 Louse","floor":3,"turns":4},{"damage":11,"enemies":"Large Slime","floor":5,"turns":8},{"damage":17,"enemies":"2 Fungi Beasts","floor":7,"turns":4},{"damage":22,"enemies":"Lagavulin","floor":8,"turns":10},{"damage":1,"enemies":"Looter","floor":10,"turns":4},{"damage":0,"enemies":"3 Louse","floor":11,"turns":4},{"damage":33,"enemies":"Exordium Thugs","floor":12,"turns":9},{"damage":0,"enemies":"2 Fungi Beasts","floor":14,"turns":4},{"damage":14,"enemies":"The Guardian","floor":16,"turns":15},{"damage":22,"enemies":"2 Thieves","floor":18,"turns":5},{"damage":17,"enemies":"Spheric Guardian","floor":22,"turns":6},{"damage":35,"enemies":"Book of Stabbing","floor":23,"turns":7},{"damage":4,"enemies":"Shelled Parasite and Fungi","floor":25,"turns":6},{"damage":11,"enemies":"Snake Plant","floor":28,"turns":4},{"damage":32,"enemies":"Gremlin Leader","floor":29,"turns":8},{"damage":11,"enemies":"Chosen and Byrds","floor":30,"turns":7},{"damage":40,"enemies":"Collector","floor":33,"turns":11},{"damage":33,"enemies":"3 Darklings","floor":35,"turns":3},{"damage":16,"enemies":"3 Shapes","floor":38,"turns":5},{"damage":48,"enemies":"Transient","floor":39,"turns":5}],"seed_played":"5838870931449997195","potions_obtained":[{"floor":1,"key":"GamblersBrew"},{"floor":11,"key":"Dexterity Potion"},{"floor":12,"key":"PowerPotion"}],"is_trial":false,"path_per_floor":["M","M","M","?","M","R","M","E","T","M","M","M","R","M","R","B",null,"M","$","?","$","M","E","R","M","T","R","M","E","M","?","R","B",null,"M","?","?","M","M"],"character_chosen":"THE_SILENT","items_purchased":["A Thousand Cuts","Cloak And Dagger","Dodge and Roll"],"campfire_rested":2,"item_purchase_floors":[19,19,21],"current_hp_per_floor":[63,62,62,62,51,51,34,12,26,37,49,28,28,40,40,38,73,51,51,51,51,46,23,23,31,31,56,45,25,26,26,51,23,69,48,48,48,44,0],"gold":189,"neow_bonus":"THREE_RARE_CARDS","is_prod":false,"is_daily":false,"chose_seed":false,"campfire_upgraded":4,"win_rate":0,"timestamp":1549771161,"path_taken":["M","?","M","?","M","R","M","E","T","M","M","M","R","M","R","BOSS","M","$","?","$","M","E","R","M","T","R","M","E","?","?","R","BOSS","M","?","?","M","M"],"build_version":"2019-01-23","purchased_purges":0,"victory":false,"max_hp_per_floor":[70,70,70,70,70,70,70,70,84,84,84,84,84,84,84,84,84,84,84,84,84,84,84,84,84,84,84,84,84,84,84,84,84,84,84,84,84,84,84],"card_choices":[{"not_picked":["Doppelganger","Storm of Steel"],"picked":"Night Terror","floor":0},{"not_picked":["Expertise","Slice"],"picked":"PiercingWail","floor":1},{"not_picked":["Night Terror","Underhanded Strike"],"picked":"Dagger Spray","floor":2},{"not_picked":["PiercingWail","Tactician"],"picked":"Infinite Blades","floor":3},{"not_picked":["Calculated Gamble","Acrobatics"],"picked":"Flying Knee","floor":5},{"not_picked":["Masterful Stab","Skewer"],"picked":"Dodge and Roll","floor":7},{"not_picked":["Bane","Eviscerate","Underhanded Strike"],"picked":"SKIP","floor":8},{"not_picked":["Flying Knee","Quick Slash"],"picked":"Backflip","floor":10},{"not_picked":["Bane","Prepared"],"picked":"Riddle With Holes","floor":11},{"not_picked":["Deadly Poison","Masterful Stab"],"picked":"Footwork","floor":12},{"not_picked":["Outmaneuver","Bullet Time","Tactician"],"picked":"SKIP","floor":14},{"not_picked":["Phantasmal Killer","Tools of the Trade"],"picked":"Corpse Explosion","floor":16},{"not_picked":["Flying Knee","Dagger Throw"],"picked":"Caltrops+1","floor":18},{"not_picked":["Quick Slash","Dagger Throw"],"picked":"Footwork","floor":22},{"not_picked":["Concentrate","Deadly Poison"],"picked":"Backflip","floor":23},{"not_picked":["Finisher","Flying Knee"],"picked":"Backflip","floor":25},{"not_picked":["Sucker Punch+1","Underhanded Strike"],"picked":"Noxious Fumes","floor":28},{"not_picked":["Bane+1","Noxious Fumes+1"],"picked":"Cloak And Dagger","floor":29},{"not_picked":["Expertise","Flying Knee+1"],"picked":"PiercingWail","floor":30},{"not_picked":["Bullet Time","Grand Finale"],"picked":"Die Die Die","floor":33},{"not_picked":["Deflect+1","Acrobatics","Deadly Poison"],"picked":"SKIP","floor":35},{"not_picked":["Flechettes+1","Setup+1","Poisoned Stab+1"],"picked":"SKIP","floor":38}],"player_experience":490258,"relics_obtained":[{"floor":8,"key":"Meat on the Bone"},{"floor":9,"key":"Mango"},{"floor":23,"key":"Calipers"},{"floor":26,"key":"Ice Cream"},{"floor":29,"key":"Ginger"}],"event_choices":[{"damage_healed":0,"gold_gain":0,"player_choice":"Ignored","damage_taken":0,"max_hp_gain":0,"max_hp_loss":0,"event_name":"Liars Game","floor":4,"gold_loss":0},{"damage_healed":0,"gold_gain":0,"player_choice":"2 cards matched","damage_taken":0,"max_hp_gain":0,"max_hp_loss":0,"event_name":"Match and Keep!","floor":20,"gold_loss":0,"cards_obtained":["Deflect","Panacea"]},{"cards_removed":["Strike_G"],"damage_healed":0,"gold_gain":0,"player_choice":"Gave Gold","damage_taken":0,"max_hp_gain":0,"max_hp_loss":0,"event_name":"Beggar","floor":31,"gold_loss":75},{"damage_healed":0,"gold_gain":0,"player_choice":"Ignored","damage_taken":0,"max_hp_gain":0,"max_hp_loss":0,"event_name":"Tomb of Lord Red Mask","floor":36,"gold_loss":0},{"cards_removed":["Cloak And Dagger"],"damage_healed":0,"gold_gain":0,"player_choice":"Removed Skill","damage_taken":0,"max_hp_gain":0,"max_hp_loss":0,"event_name":"Falling","floor":37,"gold_loss":0}],"is_beta":false,"boss_relics":[{"not_picked":["Ring of the Serpent","Coffee Dripper"],"picked":"Sozu"},{"not_picked":["Black Star","WristBlade"],"picked":"Snecko Eye"}],"items_purged_floors":[],"is_endless":false,"potions_floor_spawned":[1,11,12,22,23,28,30],"killed_by":"Transient","ascension_level":9}