{"gold_per_floor":[115,134,146,156,174,199,218,244,298,45,62,74,74,34,34,135,135,155,172,272,272],"floor_reached":21,"playtime":1780,"items_purged":["Strike_R"],"score":234,"play_id":"1b97a817-707a-41c5-8606-e01c821b54ae","local_time":"20190117203640","is_ascension_mode":true,"campfire_choices":[{"data":"Havoc","floor":13.0,"key":"SMITH"},{"data":"Inflame","floor":15.0,"key":"SMITH"}],"neow_cost":"NONE","seed_source_timestamp":0,"circlet_count":0,"master_deck":["Strike_R","Strike_R","Strike_R","Strike_R","Defend_R","Defend_R","Defend_R","Defend_R","Bash","Fiend Fire","Thunderclap","Disarm","Cleave","Clash","Flame Barrier","Iron Wave","Seeing Red","Corruption","Havoc+1","Clash","Twin Strike","Pommel Strike","Inflame+1","Berserk","Iron Wave+1"],"special_seed":0,"relics":["Burning Blood","Bronze Scales","Strawberry","Bag of Preparation","Cursed Key","Du-Vu Doll","Blue Candle"],"potions_floor_usage":[20],"damage_taken":[{"damage":8.0,"enemies":"2 Louse","floor":1.0,"turns":2.0},{"damage":5.0,"enemies":"Small Slimes","floor":2.0,"turns":2.0},{"damage":2.0,"enemies":"Jaw Worm","floor":3.0,"turns":4.0},{"damage":15.0,"enemies":"Blue Slaver","floor":4.0,"turns":5.0},{"damage":6.0,"enemies":"2 Fungi Beasts","floor":5.0,"turns":4.0},{"damage":18.0,"enemies":"3 Sentries","floor":6.0,"turns":9.0},{"damage":12.0,"enemies":"Exordium Wildlife","floor":7.0,"turns":4.0},{"damage":8.0,"enemies":"Gremlin Nob","floor":8.0,"turns":3.0},{"damage":1.0,"enemies":"3 Louse","floor":11.0,"turns":3.0},{"damage":0.0,"enemies":"Looter","floor":12.0,"turns":2.0},{"damage":25.0,"enemies":"Hexaghost","floor":16.0,"turns":7.0},{"damage":6,"enemies":"Spheric Guardian","floor":18,"turns":3},{"damage":7,"enemies":"3 Byrds","floor":19,"turns":3},{"damage":17,"enemies":"Colosseum Slavers","floor":20,"turns":3},{"damage":57,"enemies":"Colosseum Nobs","floor":20,"turns":4},{"damage":28,"enemies":"Cultist and Chosen","floor":21,"turns":4}],"seed_played":"-3590422371710015276","potions_obtained":[{"floor":1.0,"key":"Fire Potion"},{"floor":2.0,"key":"SkillPotion"},{"floor":4.0,"key":"LiquidBronze"},{"floor":11.0,"key":"Strength Potion"},{"floor":19,"key":"Energy Potion"}],"is_trial":false,"path_per_floor":["M","M","M","M","M","E","M","E","T","$","M","M","R","$","R","B",null,"M","M","?","M"],"character_chosen":"IRONCLAD","items_purchased":["Corruption","Havoc","Clash","Inflame"],"campfire_rested":0,"item_purchase_floors":[10,10,10,14],"current_hp_per_floor":[78,79,80,71,71,59,53,58,58,58,63,69,69,69,69,50,87,87,86,24,0],"gold":272,"neow_bonus":"ONE_RANDOM_RARE_CARD","is_prod":false,"is_daily":false,"chose_seed":false,"campfire_upgraded":2,"win_rate":0,"timestamp":1547775400,"path_taken":["M","M","M","M","M","E","M","E","T","$","M","M","R","$","R","BOSS","M","M","?","M"],"build_version":"2019-01-17","purchased_purges":1,"victory":false,"max_hp_per_floor":[80,80,80,80,80,80,80,87,87,87,87,87,87,87,87,87,87,87,87,87,87],"card_choices":[{"not_picked":["Sever Soul","Dual Wield"],"picked":"Thunderclap","floor":1.0},{"not_picked":["Shockwave","Fire Breathing"],"picked":"Disarm","floor":2.0},{"not_picked":["Wild Strike","Bloodletting"],"picked":"Cleave","floor":3.0},{"not_picked":["Dropkick","Havoc","Warcry"],"picked":"SKIP","floor":4.0},{"not_picked":["Second Wind","Sword Boomerang"],"picked":"Clash","floor":5.0},{"not_picked":["Pummel","Hemokinesis"],"picked":"Flame Barrier","floor":6.0},{"not_picked":["Clothesline","Barricade"],"picked":"Iron Wave","floor":7.0},{"not_picked":["Blood for Blood","Heavy Blade"],"picked":"Seeing Red","floor":8.0},{"not_picked":["Iron Wave","Perfected Strike"],"picked":"Twin Strike","floor":11.0},{"not_picked":["Havoc","Entrench"],"picked":"Pommel Strike","floor":12.0},{"not_picked":["Juggernaut","Offering"],"picked":"Berserk","floor":16.0},{"not_picked":["Sword Boomerang","Dual Wield+1","Anger"],"picked":"SKIP","floor":18},{"not_picked":["Clothesline","Perfected Strike","Searing Blow"],"picked":"SKIP","floor":19},{"not_picked":["Clothesline","Fire Breathing"],"picked":"Iron Wave+1","floor":20}],"player_experience":1379739,"relics_obtained":[{"floor":6.0,"key":"Bronze Scales"},{"floor":8.0,"key":"Strawberry"},{"floor":9.0,"key":"Bag of Preparation"},{"floor":20,"key":"Du-Vu Doll"},{"floor":20,"key":"Blue Candle"}],"event_choices":[{"damage_healed":0,"gold_gain":0,"player_choice":"Fight","damage_taken":0,"max_hp_gain":0,"max_hp_loss":0,"event_name":"Colosseum","floor":20,"gold_loss":0},{"damage_healed":0,"gold_gain":0,"player_choice":"Fought Nobs","damage_taken":0,"max_hp_gain":0,"max_hp_loss":0,"event_name":"Colosseum","floor":20,"gold_loss":0}],"is_beta":false,"boss_relics":[{"not_picked":["Orrery","Ectoplasm"],"picked":"Cursed Key"}],"items_purged_floors":[10],"is_endless":false,"potions_floor_spawned":[1,2,4,11,19,20],"killed_by":"Cultist and Chosen","ascension_level":4}