{"gold_per_floor":[110,110,128,144,159,190,190,218,218,218,218,232,257,48,48,145,145,158,174,274,292,312,312,312,312,312,312,346,346,360,377,377,473,473,484,502,502,502,577,577,595,140,140,140,154,0,0,17,17,17],"floor_reached":51,"playtime":4292,"items_purged":["Strike_B"],"score":637,"play_id":"3f8f7a7f-66f2-4ece-8559-5c94c7779e0b","local_time":"20190305182143","is_ascension_mode":false,"campfire_choices":[{"data":"Self Repair","floor":7,"key":"SMITH"},{"data":"Hologram","floor":10,"key":"SMITH"},{"data":"Go for the Eyes","floor":15,"key":"SMITH"},{"data":"Static Discharge","floor":23,"key":"SMITH"},{"data":"Hologram","floor":25,"key":"SMITH"},{"data":"Sweeping Beam","floor":29,"key":"SMITH"},{"floor":32,"key":"REST"},{"data":"Creative AI","floor":40,"key":"SMITH"},{"data":"Capacitor","floor":44,"key":"SMITH"},{"data":"Reinforced Body","floor":47,"key":"SMITH"},{"floor":49,"key":"REST"}],"neow_cost":"NONE","seed_source_timestamp":25742353849613,"circlet_count":0,"master_deck":["Strike_B","Strike_B","Strike_B","Defend_B","Defend_B","Defend_B","Defend_B","Zap+1","Dualcast","Ball Lightning","BootSequence","Rebound","Self Repair+1","Gash","Hologram+1","White Noise","Go for the Eyes+1","Glacier","Genetic Algorithm","Static Discharge+1","Echo Form","Sweeping Beam+1","Defragment+1","Hologram+1","Leap","Creative AI+1","Capacitor+1","Amplify","Reinforced Body+1","Double Energy+1","Cold Snap","Reinforced Body","Leap","Cold Snap"],"relics":["Cracked Core","Bottled Flame","Pen Nib","Strawberry","Question Card","Boot","Runic Dome","Pantograph","Juzu Bracelet","Cursed Key","Happy Flower","Runic Capacitor","Red Mask"],"potions_floor_usage":[18,22,50,50,50],"damage_taken":[{"damage":0,"enemies":"Small Slimes","floor":1,"turns":3},{"damage":0,"enemies":"2 Louse","floor":3,"turns":2},{"damage":1,"enemies":"Jaw Worm","floor":4,"turns":2},{"damage":0,"enemies":"Red Slaver","floor":5,"turns":2},{"damage":16,"enemies":"Lagavulin","floor":6,"turns":6},{"damage":29,"enemies":"Gremlin Nob","floor":8,"turns":5},{"damage":0,"enemies":"Lots of Slimes","floor":12,"turns":3},{"damage":9,"enemies":"3 Sentries","floor":13,"turns":6},{"damage":21,"enemies":"The Guardian","floor":16,"turns":10},{"damage":0,"enemies":"Chosen","floor":18,"turns":4},{"damage":2,"enemies":"Shell Parasite","floor":19,"turns":6},{"damage":3,"enemies":"Snecko","floor":21,"turns":5},{"damage":16,"enemies":"Centurion and Healer","floor":22,"turns":8},{"damage":15,"enemies":"Book of Stabbing","floor":28,"turns":6},{"damage":20,"enemies":"3 Cultists","floor":30,"turns":6},{"damage":11,"enemies":"Snake Plant","floor":31,"turns":2},{"damage":74,"enemies":"Automaton","floor":33,"turns":8},{"damage":0,"enemies":"Orb Walker","floor":35,"turns":3},{"damage":0,"enemies":"3 Shapes","floor":36,"turns":6},{"damage":24,"enemies":"Maw","floor":41,"turns":8},{"damage":8,"enemies":"Transient","floor":45,"turns":5},{"damage":38,"enemies":"Spire Growth","floor":48,"turns":5},{"damage":61,"enemies":"Donu and Deca","floor":50,"turns":7}],"seed_played":"-1899434877983690217","potions_obtained":[{"floor":0,"key":"Poison Potion"},{"floor":0,"key":"Block Potion"},{"floor":0,"key":"PowerPotion"},{"floor":3,"key":"Ancient Potion"},{"floor":12,"key":"Explosive Potion"},{"floor":19,"key":"Regen Potion"},{"floor":22,"key":"Weak Potion"},{"floor":31,"key":"SteroidPotion"},{"floor":36,"key":"FocusPotion"}],"is_trial":false,"path_per_floor":["M","?","M","M","M","E","R","E","T","R","?","M","E","$","R","B",null,"M","M","?","M","M","R","?","R","T","?","E","R","M","M","R","B",null,"M","M","?","?","?","R","M","$","T","R","M","?","R","M","R","B",null],"character_chosen":"DEFECT","items_purchased":["Glacier","Genetic Algorithm","Static Discharge","Happy Flower","Runic Capacitor","Reinforced Body"],"campfire_rested":2,"item_purchase_floors":[14,14,14,42,42,42],"current_hp_per_floor":[75,75,75,74,74,65,65,46,53,53,53,63,64,64,64,53,82,82,82,82,82,82,82,82,82,82,66,61,61,51,40,66,23,87,87,87,83,83,75,75,61,61,61,61,53,53,53,25,49,23],"gold":17,"neow_bonus":"THREE_SMALL_POTIONS","is_prod":false,"is_daily":false,"chose_seed":false,"campfire_upgraded":9,"win_rate":0,"timestamp":1551802903,"path_taken":["M","?","M","M","M","E","R","E","T","R","?","M","E","?","R","BOSS","M","M","?","M","?","R","?","R","T","?","E","R","M","M","R","BOSS","M","M","?","?","?","R","M","$","T","R","M","?","R","M","R","BOSS"],"build_version":"2019-01-23","purchased_purges":1,"victory":true,"max_hp_per_floor":[75,75,75,75,75,75,75,75,82,82,82,82,82,82,82,82,82,82,82,82,82,82,82,82,82,82,87,87,87,87,87,87,87,87,87,87,83,83,83,83,83,83,83,83,83,83,83,83,83,83],"card_choices":[{"not_picked":["Doom and Gloom","Streamline"],"picked":"Ball Lightning","floor":1},{"not_picked":["Conserve Battery","Barrage"],"picked":"BootSequence","floor":3},{"not_picked":["Turbo","Aggregate"],"picked":"Rebound","floor":4},{"not_picked":["Melter","Consume"],"picked":"Self Repair","floor":5},{"not_picked":["Steam Power","Undo"],"picked":"Gash","floor":6},{"not_picked":["White Noise","Scrape"],"picked":"Hologram","floor":8},{"not_picked":["Ball Lightning","Scrape","Sweeping Beam"],"picked":"White Noise","floor":12},{"not_picked":["Recycle","Loop","Hello World"],"picked":"Go for the Eyes","floor":13},{"not_picked":["Creative AI","Machine Learning","Core Surge"],"picked":"Echo Form","floor":16},{"not_picked":["Rebound","Hello World+1","Barrage","Static Discharge+1"],"picked":"SKIP","floor":18},{"not_picked":["Redo","Rebound","Loop"],"picked":"Sweeping Beam","floor":19},{"not_picked":["Redo","Hello World","Beam Cell"],"picked":"Defragment+1","floor":21},{"not_picked":["Gash","Streamline","Fusion"],"picked":"Hologram","floor":22},{"not_picked":["Barrage+1","Cold Snap","Ball Lightning"],"picked":"Leap","floor":28},{"not_picked":["Skim","Genetic Algorithm","Ball Lightning"],"picked":"Creative AI","floor":30},{"not_picked":["White Noise","Sunder","Tempest"],"picked":"Capacitor","floor":31},{"not_picked":["Hyperbeam","Electrodynamics","Multi-Cast"],"picked":"Amplify","floor":33},{"not_picked":["Hologram+1","Self Repair","Cold Snap"],"picked":"Reinforced Body","floor":35},{"not_picked":["Beam Cell+1","Redo","Barrage+1"],"picked":"Double Energy+1","floor":36},{"not_picked":["Redo","Multi-Cast","Hologram+1"],"picked":"Cold Snap","floor":41},{"not_picked":["Ball Lightning+1","Undo","Tempest+1"],"picked":"Leap","floor":45},{"not_picked":["Beam Cell","Barrage","Streamline+1"],"picked":"Cold Snap","floor":48}],"player_experience":647206,"relics_obtained":[{"floor":6,"key":"Bottled Flame"},{"floor":8,"key":"Pen Nib"},{"floor":9,"key":"Strawberry"},{"floor":13,"key":"Boot"},{"floor":26,"key":"Pantograph"},{"floor":28,"key":"Juzu Bracelet"}],"event_choices":[{"damage_healed":0,"gold_gain":0,"player_choice":"Grow","damage_taken":0,"max_hp_gain":0,"max_hp_loss":0,"event_name":"Living Wall","floor":2,"gold_loss":0,"cards_upgraded":["Zap"]},{"damage_healed":0,"gold_gain":0,"player_choice":"Searched \u00271\u0027 times","damage_taken":0,"relics_obtained":["Question Card"],"max_hp_gain":0,"max_hp_loss":0,"event_name":"Dead Adventurer","floor":11,"gold_loss":0},{"damage_healed":0,"gold_gain":100,"player_choice":"Pray","damage_taken":0,"max_hp_gain":0,"max_hp_loss":0,"event_name":"Golden Shrine","floor":20,"gold_loss":0},{"damage_healed":0,"gold_gain":0,"player_choice":"Ignored","damage_taken":0,"max_hp_gain":0,"max_hp_loss":0,"event_name":"Cursed Tome","floor":24,"gold_loss":0},{"damage_healed":0,"gold_gain":0,"player_choice":"Shed Blood","damage_taken":21,"max_hp_gain":5,"max_hp_loss":0,"event_name":"Forgotten Altar","floor":27,"gold_loss":0},{"damage_healed":0,"gold_gain":0,"player_choice":"Max HP","damage_taken":0,"max_hp_gain":0,"max_hp_loss":4,"event_name":"Winding Halls","floor":37,"gold_loss":0},{"damage_healed":0,"gold_gain":0,"player_choice":"Ignored","damage_taken":0,"max_hp_gain":0,"max_hp_loss":0,"event_name":"Mysterious Sphere","floor":38,"gold_loss":0},{"damage_healed":0,"gold_gain":75,"player_choice":"Touch","damage_taken":8,"max_hp_gain":0,"max_hp_loss":0,"event_name":"FaceTrader","floor":39,"gold_loss":0},{"damage_healed":0,"gold_gain":0,"player_choice":"Paid","damage_taken":0,"relics_obtained":["Red Mask"],"max_hp_gain":0,"max_hp_loss":0,"event_name":"Tomb of Lord Red Mask","floor":46,"gold_loss":154}],"is_beta":false,"boss_relics":[{"not_picked":["Velvet Choker","Calling Bell"],"picked":"Runic Dome"},{"not_picked":["Philosopher\u0027s Stone","Coffee Dripper"],"picked":"Cursed Key"}],"items_purged_floors":[42],"is_endless":false,"potions_floor_spawned":[3,5,12,16,19,22,31,33,36,41,48],"ascension_level":0}