{"gold_per_floor":[115,115,115,115,135,162,162,181,235,42,57,77,111,127,127,229,229,244,244,262,278,291,291,171,186,186,186,219,219,219],"floor_reached":30,"playtime":1700,"items_purged":["Strike_R"],"score":287,"play_id":"40ae7926-62c9-4c87-8af4-c5ea940109f7","local_time":"20190224012117","is_ascension_mode":false,"campfire_choices":[{"data":"Havoc","floor":7,"key":"SMITH"},{"data":"Apotheosis","floor":15,"key":"SMITH"},{"data":"Corruption","floor":23,"key":"SMITH"},{"data":"Armaments","floor":27,"key":"SMITH"},{"data":"Strike_R","floor":29,"key":"PURGE"}],"neow_cost":"NONE","seed_source_timestamp":16753529516147,"circlet_count":0,"master_deck":["Strike_R","Strike_R","Strike_R","Defend_R","Defend_R","Defend_R","Defend_R","Bash","Hemokinesis+1","Havoc+1","Flame Barrier","Clothesline","Apotheosis+1","Feel No Pain","Headbutt","Iron Wave","Immolate","Corruption+1","Armaments+1","Fiend Fire"],"relics":["Burning Blood","NeowsBlessing","Blood Vial","Omamori","Pen Nib","Busted Crown","Peace Pipe","Incense Burner"],"potions_floor_usage":[16,20,21,25,28],"damage_taken":[{"damage":0,"enemies":"Jaw Worm","floor":1,"turns":1},{"damage":0,"enemies":"Small Slimes","floor":5,"turns":2},{"damage":0,"enemies":"Gremlin Nob","floor":6,"turns":1},{"damage":2,"enemies":"2 Louse","floor":8,"turns":2},{"damage":4,"enemies":"Large Slime","floor":11,"turns":4},{"damage":4,"enemies":"Looter","floor":12,"turns":3},{"damage":24,"enemies":"Lagavulin","floor":13,"turns":6},{"damage":2,"enemies":"3 Louse","floor":14,"turns":3},{"damage":33,"enemies":"Slime Boss","floor":16,"turns":8},{"damage":5,"enemies":"Shell Parasite","floor":18,"turns":3},{"damage":9,"enemies":"3 Byrds","floor":20,"turns":3},{"damage":13,"enemies":"Sentry and Sphere","floor":21,"turns":5},{"damage":8,"enemies":"Shelled Parasite and Fungi","floor":22,"turns":4},{"damage":2,"enemies":"Cultist and Chosen","floor":25,"turns":5},{"damage":44,"enemies":"Gremlin Leader","floor":28,"turns":6}],"seed_played":"-5927923370689228933","potions_obtained":[{"floor":1,"key":"Ancient Potion"},{"floor":6,"key":"Poison Potion"},{"floor":8,"key":"Explosive Potion"},{"floor":12,"key":"PowerPotion"},{"floor":16,"key":"Weak Potion"},{"floor":22,"key":"Ancient Potion"},{"floor":25,"key":"Weak Potion"}],"is_trial":false,"path_per_floor":["M","?","?","?","M","E","R","M","T","$","M","M","E","M","R","B",null,"M","?","M","M","M","R","$","M","T","R","E","R","$"],"character_chosen":"IRONCLAD","items_purchased":["Apotheosis","Armaments"],"campfire_rested":0,"item_purchase_floors":[10,24],"current_hp_per_floor":[80,80,80,85,85,85,85,85,85,85,85,85,67,73,73,48,85,85,85,82,77,77,77,77,83,83,83,47,47,47],"gold":219,"neow_bonus":"THREE_ENEMY_KILL","is_prod":false,"is_daily":false,"chose_seed":false,"campfire_upgraded":4,"win_rate":0,"timestamp":1550964077,"path_taken":["M","?","?","?","M","E","R","M","T","$","M","M","E","M","R","BOSS","M","?","M","M","M","R","$","M","T","R","E","R","$"],"build_version":"2019-01-23","purchased_purges":1,"victory":false,"max_hp_per_floor":[80,80,80,85,85,85,85,85,85,85,85,85,85,85,85,85,85,85,85,85,85,85,85,85,85,85,85,85,85,85],"card_choices":[{"not_picked":["Cleave","Sword Boomerang"],"picked":"Hemokinesis","floor":1},{"not_picked":["Burning Pact","Anger"],"picked":"Havoc","floor":5},{"not_picked":["Intimidate","Combust"],"picked":"Flame Barrier","floor":6},{"not_picked":["Hemokinesis","Body Slam"],"picked":"Clothesline","floor":8},{"not_picked":["Wild Strike","Infernal Blade"],"picked":"Feel No Pain","floor":11},{"not_picked":["Perfected Strike","Seeing Red"],"picked":"Headbutt","floor":12},{"not_picked":["Pummel","Rampage"],"picked":"Iron Wave","floor":13},{"not_picked":["Pommel Strike","Twin Strike","Sever Soul"],"picked":"SKIP","floor":14},{"not_picked":["Exhume","Juggernaut"],"picked":"Immolate","floor":16},{"not_picked":["Sword Boomerang"],"picked":"SKIP","floor":18},{"not_picked":["Dropkick"],"picked":"SKIP","floor":20},{"not_picked":["Sword Boomerang+1"],"picked":"SKIP","floor":21},{"not_picked":[],"picked":"Corruption","floor":22},{"not_picked":["Perfected Strike"],"picked":"SKIP","floor":25},{"not_picked":[],"picked":"Fiend Fire","floor":28}],"player_experience":497042,"relics_obtained":[{"floor":6,"key":"Blood Vial"},{"floor":9,"key":"Omamori"},{"floor":13,"key":"Pen Nib"},{"floor":26,"key":"Peace Pipe"},{"floor":28,"key":"Incense Burner"}],"event_choices":[{"damage_healed":0,"gold_gain":0,"player_choice":"Ignored","damage_taken":0,"max_hp_gain":0,"max_hp_loss":0,"event_name":"Liars Game","floor":2,"gold_loss":0},{"damage_healed":0,"gold_gain":0,"player_choice":"Grow","damage_taken":0,"max_hp_gain":0,"max_hp_loss":0,"event_name":"Living Wall","floor":3,"gold_loss":0,"cards_upgraded":["Hemokinesis"]},{"damage_healed":0,"gold_gain":0,"player_choice":"Donut","damage_taken":0,"max_hp_gain":5,"max_hp_loss":0,"event_name":"Big Fish","floor":4,"gold_loss":0},{"damage_healed":0,"gold_gain":0,"player_choice":"Ignored","damage_taken":0,"max_hp_gain":0,"max_hp_loss":0,"event_name":"Cursed Tome","floor":19,"gold_loss":0}],"is_beta":false,"boss_relics":[{"not_picked":["Pandora\u0027s Box","Empty Cage"],"picked":"Busted Crown"}],"items_purged_floors":[24],"is_endless":false,"potions_floor_spawned":[1,6,8,12,14,16,22,25],"ascension_level":0}