{"gold_per_floor":[118,137,152,25,41,59,59,75,100,110,126,126,141,91,91,191,191,205,224,139,154,68,93,93,93,119,138,0,0,0,15,15,15],"floor_reached":33,"playtime":3318,"items_purged":[],"score":263,"play_id":"08589084-f433-4b69-8a46-9608c3aa4b34","local_time":"20190203161418","is_ascension_mode":false,"campfire_choices":[{"data":"Headbutt","floor":12,"key":"SMITH"},{"data":"Armaments","floor":15,"key":"SMITH"},{"floor":25,"key":"REST"},{"floor":29,"key":"REST"},{"floor":32,"key":"REST"}],"neow_cost":"NONE","seed_source_timestamp":1832955251812735,"circlet_count":0,"master_deck":["Fire Breathing","Flex","Carnage","Flame Barrier","Shrug It Off","Bloodletting","Rage","Armaments+1","Heavy Blade","Blood for Blood","Headbutt+1","Cleave","Brutality","Battle Trance","Clothesline","Ghostly Armor","Whirlwind","Corruption","Power Through","Berserk","Dark Embrace","Seeing Red","Rampage","Inflame","Thunderclap","Discovery","Exhume","Ghostly Armor","Metallicize"],"relics":["Burning Blood","Happy Flower","Pandora\u0027s Box","Anchor","Nloth\u0027s Gift","Omamori"],"potions_floor_usage":[11,16,16,18,23,23,33],"damage_taken":[{"damage":6,"enemies":"Cultist","floor":1,"turns":6},{"damage":7,"enemies":"2 Louse","floor":2,"turns":3},{"damage":6,"enemies":"Jaw Worm","floor":3,"turns":2},{"damage":7,"enemies":"3 Louse","floor":5,"turns":4},{"damage":7,"enemies":"Gremlin Gang","floor":6,"turns":7},{"damage":6,"enemies":"Exordium Thugs","floor":8,"turns":5},{"damage":4,"enemies":"Blue Slaver","floor":10,"turns":3},{"damage":7,"enemies":"Lots of Slimes","floor":11,"turns":2},{"damage":2,"enemies":"3 Louse","floor":13,"turns":4},{"damage":47,"enemies":"Hexaghost","floor":16,"turns":15},{"damage":14,"enemies":"2 Thieves","floor":18,"turns":4},{"damage":13,"enemies":"Chosen","floor":19,"turns":5},{"damage":29,"enemies":"Snake Plant","floor":21,"turns":4},{"damage":31,"enemies":"Book of Stabbing","floor":23,"turns":7},{"damage":21,"enemies":"Centurion and Healer","floor":27,"turns":5},{"damage":15,"enemies":"Shelled Parasite and Fungi","floor":31,"turns":6},{"damage":88,"enemies":"Collector","floor":33,"turns":8}],"seed_played":"3219352564856081996","potions_obtained":[{"floor":2,"key":"EssenceOfSteel"},{"floor":6,"key":"Energy Potion"},{"floor":10,"key":"PowerPotion"},{"floor":11,"key":"Weak Potion"},{"floor":16,"key":"Weak Potion"},{"floor":18,"key":"Poison Potion"},{"floor":19,"key":"SneckoOil"},{"floor":27,"key":"Ancient Potion"}],"is_trial":false,"path_per_floor":["M","M","M","$","M","M","?","M","T","M","M","R","M","?","R","B",null,"M","M","?","M","$","E","?","R","T","M","?","R","$","M","R","B"],"character_chosen":"IRONCLAD","items_purchased":["Shrug It Off","Bloodletting","Discovery"],"campfire_rested":3,"item_purchase_floors":[4,4,22],"current_hp_per_floor":[80,79,79,79,78,77,77,77,77,79,78,78,80,80,80,39,80,72,65,65,42,42,17,17,41,41,26,26,50,50,41,65,0],"gold":15,"neow_bonus":"THREE_CARDS","is_prod":false,"is_daily":false,"chose_seed":false,"campfire_upgraded":2,"win_rate":0,"timestamp":1549206858,"path_taken":["M","?","M","$","M","M","?","M","T","M","M","R","M","?","R","BOSS","M","M","?","M","$","E","?","R","T","?","?","R","?","M","R","BOSS"],"build_version":"2019-01-23","purchased_purges":0,"victory":false,"max_hp_per_floor":[80,80,80,80,80,80,80,80,80,80,80,80,80,80,80,80,80,80,80,80,80,80,80,80,80,80,80,80,80,80,80,80,80],"card_choices":[{"not_picked":["Intimidate","Power Through"],"picked":"Fire Breathing","floor":0},{"not_picked":["Pommel Strike","Wild Strike"],"picked":"Flex","floor":1},{"not_picked":["Power Through","Blood for Blood"],"picked":"Carnage","floor":2},{"not_picked":["Body Slam","Entrench"],"picked":"Flame Barrier","floor":3},{"not_picked":["Bloodletting","Spot Weakness"],"picked":"Rage","floor":5},{"not_picked":["Heavy Blade","Flex"],"picked":"Armaments","floor":6},{"not_picked":["Twin Strike","Pummel"],"picked":"Heavy Blade","floor":8},{"not_picked":["Warcry","Sword Boomerang"],"picked":"Blood for Blood","floor":10},{"not_picked":["Immolate","Thunderclap"],"picked":"Headbutt","floor":11},{"not_picked":["Heavy Blade","Wild Strike"],"picked":"Cleave","floor":13},{"not_picked":["Dark Embrace","Juggernaut"],"picked":"Brutality","floor":16},{"not_picked":["Sword Boomerang+1","Armaments"],"picked":"Rampage","floor":18},{"not_picked":["Rampage+1","Havoc+1"],"picked":"Inflame","floor":19},{"not_picked":["Clothesline","Fire Breathing"],"picked":"Thunderclap","floor":21},{"not_picked":["Flex","Thunderclap"],"picked":"Exhume","floor":23},{"not_picked":["Corruption","Body Slam"],"picked":"Ghostly Armor","floor":27},{"not_picked":["Twin Strike","Inflame+1"],"picked":"Metallicize","floor":31}],"player_experience":186024,"relics_obtained":[{"floor":9,"key":"Happy Flower"},{"floor":23,"key":"Anchor"},{"floor":26,"key":"Omamori"}],"event_choices":[{"damage_healed":0,"gold_gain":0,"player_choice":"Ignored","damage_taken":0,"max_hp_gain":0,"max_hp_loss":0,"event_name":"Liars Game","floor":7,"gold_loss":0},{"cards_removed":["Bash"],"damage_healed":0,"gold_gain":0,"player_choice":"Card Removal","damage_taken":0,"max_hp_gain":0,"max_hp_loss":0,"event_name":"The Cleric","floor":14,"gold_loss":50},{"damage_healed":0,"gold_gain":0,"player_choice":"Obtained Relic","damage_taken":0,"relics_obtained":["Shuriken"],"max_hp_gain":0,"max_hp_loss":0,"event_name":"Addict","floor":20,"gold_loss":85},{"damage_healed":0,"gold_gain":0,"player_choice":"Traded Relic","damage_taken":0,"relics_obtained":["Nloth\u0027s Gift"],"max_hp_gain":0,"max_hp_loss":0,"event_name":"N\u0027loth","floor":24,"relics_lost":["Shuriken"],"gold_loss":0},{"damage_healed":0,"gold_gain":0,"player_choice":"Paid Fearfully","damage_taken":0,"max_hp_gain":0,"max_hp_loss":0,"event_name":"Masked Bandits","floor":28,"gold_loss":138}],"is_beta":false,"boss_relics":[{"not_picked":["Busted Crown","Snecko Eye"],"picked":"Pandora\u0027s Box"}],"items_purged_floors":[],"is_endless":false,"potions_floor_spawned":[2,6,10,11,16,18,19,27],"killed_by":"Collector","ascension_level":0}