{"gold_per_floor":[13,163,8,8,24,24,43,43,43,61,79,79,109,123,123,196,196,212,222,38,38,38,38],"floor_reached":23,"playtime":645,"items_purged":["Doubt","Pain"],"score":482,"play_id":"0b00785f-9d08-4bfb-9ce8-fdab0e16d11d","local_time":"20190309111325","is_ascension_mode":true,"campfire_choices":[{"data":"White Noise","floor":6.0,"key":"SMITH"},{"data":"Genetic Algorithm","floor":8.0,"key":"SMITH"},{"floor":12.0,"key":"REST"},{"floor":15,"key":"REST"}],"neow_cost":"NO_GOLD","seed_source_timestamp":90819684730113,"circlet_count":0,"master_deck":["AscendersBane","Strike_B","Strike_B","Strike_B","Strike_B","Defend_B","Defend_B","Defend_B","Defend_B","Zap","Dualcast","Electrodynamics","White Noise+1","Sunder","Ball Lightning","Genetic Algorithm+1","Coolheaded","Core Surge","Loop","Reboot","Consume","BootSequence"],"special_seed":0,"relics":["Cracked Core","WarpedTongs","Symbiotic Virus","Vajra","Inserter"],"potions_floor_usage":[16,22,22],"damage_taken":[{"damage":4.0,"enemies":"Jaw Worm","floor":1.0,"turns":4.0},{"damage":3.0,"enemies":"Cultist","floor":5.0,"turns":3.0},{"damage":6.0,"enemies":"2 Louse","floor":7.0,"turns":3.0},{"damage":10.0,"enemies":"Blue Slaver","floor":10.0,"turns":3.0},{"damage":0.0,"enemies":"2 Fungi Beasts","floor":11.0,"turns":2.0},{"damage":10.0,"enemies":"3 Sentries","floor":13.0,"turns":6.0},{"damage":11,"enemies":"Large Slime","floor":14,"turns":5},{"damage":2,"enemies":"Slime Boss","floor":16,"turns":5},{"damage":13,"enemies":"3 Byrds","floor":18,"turns":3},{"damage":24,"enemies":"Shell Parasite","floor":19,"turns":4},{"damage":20,"enemies":"Colosseum Slavers","floor":22,"turns":4},{"damage":31,"enemies":"Slavers","floor":23,"turns":2}],"seed_played":"2943258128060975968","potions_obtained":[{"floor":5.0,"key":"Dexterity Potion"},{"floor":11.0,"key":"Dexterity Potion"},{"floor":13.0,"key":"FearPotion"},{"floor":16,"key":"FocusPotion"},{"floor":19,"key":"Regen Potion"}],"is_trial":false,"path_per_floor":["M","?","$","?","M","R","M","R","T","M","M","R","E","M","R","B",null,"M","M","$","?","?","E"],"character_chosen":"DEFECT","items_purchased":["Sunder","BootSequence"],"campfire_rested":2,"item_purchase_floors":[3,20],"current_hp_per_floor":[60,60,60,60,57,57,51,51,51,41,41,62,52,41,62,60,68,55,31,31,31,23,0],"gold":38,"neow_bonus":"THREE_RARE_CARDS","is_prod":false,"is_daily":false,"chose_seed":false,"campfire_upgraded":2,"win_rate":0,"timestamp":1552158805,"path_taken":["M","?","$","?","M","R","M","R","T","M","M","R","E","?","R","BOSS","M","M","$","?","?","E"],"build_version":"2019-01-23","purchased_purges":2,"victory":false,"max_hp_per_floor":[71,71,71,71,71,71,71,71,71,71,71,71,71,71,71,71,71,71,71,71,71,71,71],"card_choices":[{"not_picked":["Fission","Amplify"],"picked":"Electrodynamics","floor":0.0},{"not_picked":["Cold Snap","Barrage"],"picked":"White Noise","floor":1.0},{"not_picked":["Steam","Turbo"],"picked":"Ball Lightning","floor":5.0},{"not_picked":["All For One","Streamline"],"picked":"Genetic Algorithm","floor":7.0},{"not_picked":["Lockon","Loop"],"picked":"Coolheaded","floor":10.0},{"not_picked":["Sunder","Rebound","Steam"],"picked":"SKIP","floor":11.0},{"not_picked":["Chill","FTL"],"picked":"Core Surge","floor":13.0},{"not_picked":["Go for the Eyes","Fusion"],"picked":"Loop","floor":14},{"not_picked":["Multi-Cast","Core Surge"],"picked":"Reboot","floor":16},{"not_picked":["Sweeping Beam+1","Stack+1","Compile Driver"],"picked":"SKIP","floor":18},{"not_picked":["Leap","Auto Shields"],"picked":"Consume","floor":19}],"player_experience":744047,"relics_obtained":[{"floor":9.0,"key":"Symbiotic Virus"},{"floor":13.0,"key":"Vajra"}],"event_choices":[{"damage_healed":0.0,"max_hp_gain":0.0,"max_hp_loss":0.0,"gold_gain":150.0,"event_name":"Liars Game","player_choice":"AGREE","floor":2.0,"gold_loss":0.0,"damage_taken":0.0,"cards_obtained":["Doubt"]},{"damage_healed":0.0,"max_hp_gain":0.0,"max_hp_loss":0.0,"gold_gain":0.0,"event_name":"Accursed Blacksmith","player_choice":"Rummage","floor":4.0,"gold_loss":0.0,"damage_taken":0.0,"relics_obtained":["WarpedTongs"],"cards_obtained":["Pain"]},{"damage_healed":0,"gold_gain":0,"player_choice":"Ignored","damage_taken":0,"max_hp_gain":0,"max_hp_loss":0,"event_name":"Ghosts","floor":21,"gold_loss":0},{"damage_healed":0,"gold_gain":0,"player_choice":"Fight","damage_taken":0,"max_hp_gain":0,"max_hp_loss":0,"event_name":"Colosseum","floor":22,"gold_loss":0},{"damage_healed":0,"gold_gain":0,"player_choice":"Fled From Nobs","damage_taken":0,"max_hp_gain":0,"max_hp_loss":0,"event_name":"Colosseum","floor":22,"gold_loss":0}],"is_beta":false,"boss_relics":[{"not_picked":["Velvet Choker","Philosopher\u0027s Stone"],"picked":"Inserter"}],"items_purged_floors":[3,20],"is_endless":false,"potions_floor_spawned":[5,11,13,16,19],"killed_by":"Slavers","ascension_level":20}