{"gold_per_floor":[116,116,135,145,145,145,176,193,217,230,261,8,26,36,36,36],"floor_reached":16,"playtime":1739,"items_purged":[],"score":114,"play_id":"e845836b-0ab0-4efc-80d7-7f978795be60","local_time":"20190209122254","is_ascension_mode":false,"campfire_choices":[{"data":"Barricade","floor":6,"key":"SMITH"},{"floor":15,"key":"REST"}],"neow_cost":"CURSE","seed_source_timestamp":1961333595210075,"circlet_count":0,"master_deck":["Strike_R","Strike_R","Strike_R","Strike_R","Strike_R","Defend_R","Defend_R","Defend_R","Defend_R","Bash","Barricade+1","Clash","Cleave","Iron Wave","Infernal Blade","Cleave","Berserk","Infernal Blade","Whirlwind+1","Heavy Blade+1"],"relics":["Burning Blood","Vajra","Pen Nib","Molten Egg 2"],"potions_floor_usage":[11,14,16,16,16],"damage_taken":[{"damage":4,"enemies":"2 Louse","floor":1,"turns":3},{"damage":0,"enemies":"Small Slimes","floor":3,"turns":3},{"damage":1,"enemies":"Jaw Worm","floor":4,"turns":2},{"damage":43,"enemies":"Lagavulin","floor":7,"turns":9},{"damage":3,"enemies":"2 Fungi Beasts","floor":8,"turns":3},{"damage":9,"enemies":"Blue Slaver","floor":10,"turns":4},{"damage":12,"enemies":"3 Sentries","floor":11,"turns":7},{"damage":15,"enemies":"Large Slime","floor":13,"turns":6},{"damage":0,"enemies":"Exordium Wildlife","floor":14,"turns":2},{"damage":69,"enemies":"The Guardian","floor":16,"turns":7}],"seed_played":"-6303296892108310576","potions_obtained":[{"floor":1,"key":"FearPotion"},{"floor":7,"key":"Block Potion"},{"floor":8,"key":"Energy Potion"},{"floor":13,"key":"Poison Potion"},{"floor":14,"key":"Fruit Juice"}],"is_trial":false,"path_per_floor":["M","?","M","M","?","R","E","M","T","M","E","$","M","M","R","B"],"character_chosen":"IRONCLAD","items_purchased":["Molten Egg 2"],"campfire_rested":1,"item_purchase_floors":[12],"current_hp_per_floor":[80,80,80,80,80,80,43,46,46,43,37,37,28,34,58,0],"gold":36,"neow_bonus":"THREE_RARE_CARDS","is_prod":false,"is_daily":false,"chose_seed":false,"campfire_upgraded":1,"win_rate":0,"timestamp":1549743774,"path_taken":["M","?","M","M","?","R","E","M","T","M","E","?","M","M","R","BOSS"],"build_version":"2019-01-23","purchased_purges":0,"victory":false,"max_hp_per_floor":[80,80,80,80,80,80,80,80,80,80,80,80,80,80,80,85],"card_choices":[{"not_picked":["Double Tap","Bludgeon"],"picked":"Barricade","floor":0},{"not_picked":["Perfected Strike","Disarm"],"picked":"Clash","floor":1},{"not_picked":["Sword Boomerang","Headbutt"],"picked":"Cleave","floor":3},{"not_picked":["Warcry","Ghostly Armor"],"picked":"Iron Wave","floor":4},{"not_picked":["Headbutt","Havoc"],"picked":"Infernal Blade","floor":7},{"not_picked":["Wild Strike","Bloodletting"],"picked":"Cleave","floor":8},{"not_picked":["Hemokinesis","Wild Strike"],"picked":"Berserk","floor":10},{"not_picked":["Sword Boomerang","Seeing Red"],"picked":"Infernal Blade","floor":11},{"not_picked":["Carnage+1","Heavy Blade+1"],"picked":"Whirlwind+1","floor":13},{"not_picked":["True Grit","Warcry"],"picked":"Heavy Blade+1","floor":14}],"player_experience":152165,"relics_obtained":[{"floor":7,"key":"Vajra"},{"floor":11,"key":"Pen Nib"}],"event_choices":[{"damage_healed":0,"gold_gain":0,"player_choice":"Ignored","damage_taken":0,"max_hp_gain":0,"max_hp_loss":0,"event_name":"Liars Game","floor":2,"gold_loss":0},{"cards_removed":["Writhe"],"damage_healed":0,"gold_gain":0,"player_choice":"Forget","damage_taken":0,"max_hp_gain":0,"max_hp_loss":0,"event_name":"Living Wall","floor":5,"gold_loss":0}],"is_beta":false,"boss_relics":[],"items_purged_floors":[],"is_endless":false,"potions_floor_spawned":[1,7,8,13,14],"killed_by":"The Guardian","ascension_level":0}