{"gold_per_floor":[216,166,183,203,278,278,312,24,24,59,59,71,88,108,108,211,211,227,227],"floor_reached":19,"playtime":1612,"items_purged":[],"score":252,"play_id":"71258752-affd-4cba-9a55-de4fed273b1a","local_time":"20190308024850","is_ascension_mode":true,"campfire_choices":[{"data":"Neutralize","floor":6,"key":"SMITH"},{"data":"Caltrops","floor":11,"key":"SMITH"},{"data":"Flechettes","floor":15,"key":"SMITH"}],"neow_cost":"NONE","seed_source_timestamp":61582464794481,"circlet_count":0,"master_deck":["Defend_G","Defend_G","Defend_G","Defend_G","Defend_G","Strike_G","Strike_G","Strike_G","Strike_G","Survivor","Neutralize+1","Predator","PiercingWail","Quick Slash","Cloak And Dagger+1","Apotheosis+1","Caltrops+1","Blur+1","Dodge and Roll+1","Flechettes+1","Calculated Gamble+1","Corpse Explosion+1"],"relics":["Ring of the Snake","Toxic Egg 2","Potion Belt","Dream Catcher","Fusion Hammer"],"potions_floor_usage":[7],"damage_taken":[{"damage":0,"enemies":"Small Slimes","floor":1,"turns":3},{"damage":0,"enemies":"Jaw Worm","floor":3,"turns":3},{"damage":0,"enemies":"2 Louse","floor":4,"turns":2},{"damage":6,"enemies":"3 Sentries","floor":7,"turns":9},{"damage":16,"enemies":"Gremlin Nob","floor":10,"turns":4},{"damage":0,"enemies":"Blue Slaver","floor":12,"turns":4},{"damage":0,"enemies":"Large Slime","floor":13,"turns":4},{"damage":9,"enemies":"Exordium Thugs","floor":14,"turns":6},{"damage":0,"enemies":"The Guardian","floor":16,"turns":14},{"damage":10,"enemies":"Spheric Guardian","floor":18,"turns":4}],"seed_played":"3106410485155135469","potions_obtained":[{"floor":3,"key":"Fire Potion"},{"floor":4,"key":"Weak Potion"},{"floor":10,"key":"GamblersBrew"},{"floor":13,"key":"Explosive Potion"},{"floor":16,"key":"Poison Potion"},{"floor":18,"key":"PowerPotion"}],"is_trial":false,"path_per_floor":["M","?","M","M","?","R","E","$","T","E","R","M","M","M","R","B",null,"M","?"],"character_chosen":"THE_SILENT","items_purchased":["Apotheosis+1","Caltrops","Blur+1"],"campfire_rested":0,"item_purchase_floors":[8,8,8],"current_hp_per_floor":[70,70,70,70,59,59,53,53,53,37,37,37,37,28,28,28,70,60,60],"gold":227,"neow_bonus":"HUNDRED_GOLD","is_prod":false,"is_daily":false,"chose_seed":false,"campfire_upgraded":3,"win_rate":0,"timestamp":1552006130,"path_taken":["M","?","M","M","?","R","E","$","T","E","R","M","M","M","R","BOSS","M","?"],"build_version":"2019-01-23","purchased_purges":0,"victory":false,"max_hp_per_floor":[70,70,70,70,70,70,70,70,70,70,70,70,70,70,70,70,70,70,70],"card_choices":[{"not_picked":["Backflip","Slice"],"picked":"Predator","floor":1},{"not_picked":["Accuracy","Setup"],"picked":"PiercingWail","floor":3},{"not_picked":["Terror","Backflip"],"picked":"Quick Slash","floor":4},{"not_picked":["Masterful Stab","Quick Slash"],"picked":"Cloak And Dagger","floor":7},{"not_picked":["PiercingWail+1","Expertise+1"],"picked":"Dodge and Roll+1","floor":10},{"not_picked":["Acrobatics+1","Dagger Throw"],"picked":"Flechettes","floor":12},{"not_picked":["Riddle With Holes","Outmaneuver+1"],"picked":"Calculated Gamble+1","floor":13},{"not_picked":["Flying Knee","Underhanded Strike","Slice"],"picked":"SKIP","floor":14},{"not_picked":["Venomology+1","Glass Knife"],"picked":"Corpse Explosion+1","floor":16},{"not_picked":["Sucker Punch","Bane","Expertise+1"],"picked":"SKIP","floor":18}],"player_experience":695301,"relics_obtained":[{"floor":7,"key":"Toxic Egg 2"},{"floor":9,"key":"Potion Belt"},{"floor":10,"key":"Dream Catcher"}],"event_choices":[{"cards_removed":["Strike_G"],"damage_healed":0,"gold_gain":0,"player_choice":"Card Removal","damage_taken":0,"max_hp_gain":0,"max_hp_loss":0,"event_name":"The Cleric","floor":2,"gold_loss":50},{"damage_healed":0,"gold_gain":75,"player_choice":"Gather Gold","damage_taken":11,"max_hp_gain":0,"max_hp_loss":0,"event_name":"World of Goop","floor":5,"gold_loss":0}],"is_beta":false,"boss_relics":[{"not_picked":["Velvet Choker","Eternal Feather"],"picked":"Fusion Hammer"}],"items_purged_floors":[],"is_endless":false,"potions_floor_spawned":[3,4,10,13,16,18],"ascension_level":2}