{"gold_per_floor":[116,126,89,99,118,150,150,165,165,165,175,208,10,28,28,124,124,109,109,109,128,141,175,19,19,98,114,134,167,167,76,76,179,179,196,196,207,207],"floor_reached":38,"playtime":3838,"items_purged":["Strike_G"],"score":499,"play_id":"8ed61bda-f752-4e72-95b1-d4fbc1f91155","local_time":"20190225151245","is_ascension_mode":true,"campfire_choices":[{"floor":10,"key":"REST"},{"data":"Noxious Fumes","floor":15,"key":"SMITH"},{"floor":25,"key":"REST"},{"floor":30,"key":"REST"},{"floor":32,"key":"REST"}],"neow_cost":"NONE","seed_source_timestamp":18221357347286,"circlet_count":0,"master_deck":["Defend_G","Defend_G","Defend_G","Defend_G","Defend_G","Strike_G","Survivor","Neutralize","PiercingWail","Endless Agony","Blade Dance","Blade Dance","Deflect","Neutralize","Dagger Spray","Finisher","Noxious Fumes+1","Glass Knife","Ghostly","Ghostly","Ghostly","Ghostly","Ghostly","Backflip","Accuracy+1","Dodge and Roll","Leg Sweep","Caltrops","Noxious Fumes","Wraith Form v2","Panacea+1","After Image","Eviscerate+1","Dagger Throw+1","Wraith Form v2+1","Escape Plan+1"],"relics":["Ring of the Snake","Ancient Tea Set","Sundial","Paper Crane","Fusion Hammer","Regal Pillow","Toxic Egg 2","Matryoshka","Astrolabe"],"potions_floor_usage":[6,8,12,12,18,22,27,33,35],"damage_taken":[{"damage":0,"enemies":"2 Louse","floor":1,"turns":2},{"damage":0,"enemies":"Small Slimes","floor":2,"turns":4},{"damage":0,"enemies":"Cultist","floor":4,"turns":3},{"damage":0,"enemies":"Red Slaver","floor":5,"turns":5},{"damage":35,"enemies":"Lagavulin","floor":6,"turns":8},{"damage":0,"enemies":"Exordium Wildlife","floor":8,"turns":5},{"damage":1,"enemies":"Looter","floor":11,"turns":2},{"damage":22,"enemies":"3 Sentries","floor":12,"turns":7},{"damage":0,"enemies":"Exordium Thugs","floor":14,"turns":4},{"damage":38,"enemies":"Hexaghost","floor":16,"turns":11},{"damage":1,"enemies":"2 Thieves","floor":18,"turns":4},{"damage":0,"enemies":"Chosen","floor":21,"turns":3},{"damage":3,"enemies":"Snake Plant","floor":22,"turns":7},{"damage":19,"enemies":"Book of Stabbing","floor":23,"turns":7},{"damage":22,"enemies":"Cultist and Chosen","floor":27,"turns":9},{"damage":5,"enemies":"Chosen and Byrds","floor":28,"turns":7},{"damage":1,"enemies":"Gremlin Leader","floor":29,"turns":8},{"damage":7,"enemies":"Automaton","floor":33,"turns":12},{"damage":13,"enemies":"3 Shapes","floor":35,"turns":11},{"damage":0,"enemies":"3 Darklings","floor":37,"turns":7},{"damage":39,"enemies":"Maw","floor":38,"turns":10}],"seed_played":"2753467823795494115","potions_obtained":[{"floor":2,"key":"Explosive Potion"},{"floor":6,"key":"EssenceOfSteel"},{"floor":8,"key":"GamblersBrew"},{"floor":11,"key":"SteroidPotion"},{"floor":14,"key":"PowerPotion"},{"floor":16,"key":"Block Potion"},{"floor":22,"key":"Fruit Juice"},{"floor":23,"key":"PowerPotion"},{"floor":27,"key":"Regen Potion"},{"floor":35,"key":"LiquidBronze"}],"is_trial":false,"path_per_floor":["M","M","?","M","M","E","?","M","T","R","M","E","$","M","R","B",null,"M","?","?","M","M","E","$","R","T","M","M","E","R","$","R","B",null,"M","?","M","M"],"character_chosen":"THE_SILENT","items_purchased":["Noxious Fumes","PowerPotion","Leg Sweep","Caltrops","Panacea+1"],"campfire_rested":4,"item_purchase_floors":[13,13,24,24,31],"current_hp_per_floor":[77,77,77,77,77,42,42,42,42,65,64,42,42,42,42,4,77,76,76,38,38,40,21,21,43,43,21,16,15,42,42,43,36,43,35,35,35,0],"gold":207,"neow_bonus":"TEN_PERCENT_HP_BONUS","is_prod":false,"is_daily":false,"chose_seed":false,"campfire_upgraded":1,"win_rate":0,"timestamp":1551100365,"path_taken":["M","M","?","M","M","E","?","M","T","R","?","E","?","M","R","BOSS","M","?","?","M","?","E","$","R","T","M","M","E","R","$","R","BOSS","M","?","M","M"],"build_version":"2019-01-23","purchased_purges":1,"victory":false,"max_hp_per_floor":[77,77,77,77,77,77,77,77,77,77,77,77,77,77,77,77,77,77,77,38,38,43,43,43,43,43,43,43,43,43,43,43,43,43,43,43,43,43],"card_choices":[{"not_picked":["Deflect","Masterful Stab"],"picked":"PiercingWail","floor":1},{"not_picked":["Distraction","Bane"],"picked":"Endless Agony","floor":2},{"not_picked":["Deflect","Catalyst"],"picked":"Blade Dance","floor":4},{"not_picked":["Outmaneuver","Prepared"],"picked":"Blade Dance","floor":5},{"not_picked":["Eviscerate","Quick Slash"],"picked":"Deflect","floor":6},{"not_picked":["PiercingWail","Endless Agony"],"picked":"Dagger Spray","floor":8},{"not_picked":["Blade Dance","Infinite Blades"],"picked":"Finisher","floor":11},{"not_picked":["Skewer","Slice","All Out Attack"],"picked":"SKIP","floor":12},{"not_picked":["Concentrate","Flechettes","Bane"],"picked":"SKIP","floor":14},{"not_picked":["Doppelganger","Night Terror"],"picked":"Glass Knife","floor":16},{"not_picked":["Underhanded Strike","Deadly Poison","Reflex"],"picked":"SKIP","floor":18},{"not_picked":["Quick Slash","Prepared"],"picked":"Backflip","floor":21},{"not_picked":["Backflip","Deadly Poison"],"picked":"Accuracy+1","floor":22},{"not_picked":["Distraction","Bane"],"picked":"Dodge and Roll","floor":23},{"not_picked":["Masterful Stab+1","Deflect+1"],"picked":"Noxious Fumes","floor":27},{"not_picked":["Dagger Throw","Quick Slash"],"picked":"Wraith Form v2","floor":28},{"not_picked":["Reflex+1","Bouncing Flask+1","Flechettes"],"picked":"SKIP","floor":29},{"not_picked":["Doppelganger+1","Tools of the Trade"],"picked":"After Image","floor":33},{"not_picked":["Underhanded Strike+1","Dagger Spray","Eviscerate"],"picked":"SKIP","floor":35},{"not_picked":["Dash","Predator"],"picked":"Escape Plan+1","floor":37}],"player_experience":526056,"relics_obtained":[{"floor":6,"key":"Ancient Tea Set"},{"floor":9,"key":"Sundial"},{"floor":12,"key":"Paper Crane"},{"floor":23,"key":"Regal Pillow"},{"floor":26,"key":"Toxic Egg 2"},{"floor":29,"key":"Matryoshka"}],"event_choices":[{"damage_healed":0,"gold_gain":0,"player_choice":"Left Gold","damage_taken":0,"max_hp_gain":0,"max_hp_loss":0,"event_name":"World of Goop","floor":3,"gold_loss":37},{"damage_healed":0,"gold_gain":0,"player_choice":"1 cards matched","damage_taken":0,"max_hp_gain":0,"max_hp_loss":0,"event_name":"Match and Keep!","floor":7,"gold_loss":0,"cards_obtained":["Neutralize"]},{"damage_healed":0,"gold_gain":0,"player_choice":"1 cards matched","damage_taken":0,"max_hp_gain":0,"max_hp_loss":0,"event_name":"Match and Keep!","floor":7,"gold_loss":0,"cards_obtained":["Neutralize"]},{"damage_healed":0,"gold_gain":0,"player_choice":"Ignored","damage_taken":0,"max_hp_gain":0,"max_hp_loss":0,"event_name":"Cursed Tome","floor":19,"gold_loss":0},{"damage_healed":0,"gold_gain":0,"player_choice":"Became a Ghost","damage_taken":0,"max_hp_gain":0,"max_hp_loss":39,"event_name":"Ghosts","floor":20,"gold_loss":0,"cards_obtained":["Ghostly","Ghostly","Ghostly","Ghostly","Ghostly"]},{"damage_healed":0,"gold_gain":0,"player_choice":"Ignored","damage_taken":0,"max_hp_gain":0,"max_hp_loss":0,"event_name":"Tomb of Lord Red Mask","floor":36,"gold_loss":0}],"is_beta":false,"boss_relics":[{"not_picked":["Orrery","Black Star"],"picked":"Fusion Hammer"},{"not_picked":["Calling Bell","Eternal Feather"],"picked":"Astrolabe"}],"items_purged_floors":[13],"is_endless":false,"potions_floor_spawned":[2,6,8,11,14,16,22,23,27,29,35],"killed_by":"Maw","ascension_level":1}