{"gold_per_floor":[117,6,6,18,68,68,85,111,111,137,184,212,224,246,258,344,356,386,578,601,631,661,701,713,735,747,759,771,795,833,859,871,883],"floor_reached":33,"playtime":1792,"items_purged":["Strike_R"],"score":527,"play_id":"73b7ebb7-2e78-497c-a6cd-c84be7bfcdf1","local_time":"20190302223903","is_ascension_mode":true,"campfire_choices":[{"data":"Uppercut","floor":6,"key":"SMITH"},{"data":"Metallicize","floor":15,"key":"SMITH"},{"data":"Spot Weakness","floor":24,"key":"SMITH"},{"floor":32,"key":"REST"}],"neow_cost":"TEN_PERCENT_HP_LOSS","seed_source_timestamp":10681969019642,"circlet_count":0,"master_deck":["AscendersBane","Strike_R","Strike_R","Strike_R","Strike_R","Defend_R","Defend_R","Defend_R","Defend_R","Bash","Inflame","Metallicize+1","Uppercut+1","Twin Strike","Pummel","Inflame","Spot Weakness+1","Reaper","Sword Boomerang+1","Burning Pact","Inflame","Iron Wave+1","Warcry+1","Feel No Pain","Exhume"],"relics":["Burning Blood","Girya","Mummified Hand","Dream Catcher","MawBank","Paper Frog","Snecko Eye","Juzu Bracelet","FossilizedHelix","Orichalcum"],"potions_floor_usage":[8,11,14,18,20,25,31,33,33],"damage_taken":[{"damage":2,"enemies":"Small Slimes","floor":1,"turns":4},{"damage":2,"enemies":"Cultist","floor":4,"turns":4},{"damage":12,"enemies":"Jaw Worm","floor":7,"turns":3},{"damage":7,"enemies":"Gremlin Nob","floor":8,"turns":4},{"damage":5,"enemies":"Red Slaver","floor":10,"turns":4},{"damage":17,"enemies":"Lagavulin","floor":11,"turns":5},{"damage":14,"enemies":"Exordium Thugs","floor":12,"turns":3},{"damage":7,"enemies":"Exordium Wildlife","floor":14,"turns":3},{"damage":32,"enemies":"The Guardian","floor":16,"turns":10},{"damage":0,"enemies":"Shell Parasite","floor":18,"turns":1},{"damage":8,"enemies":"2 Thieves","floor":20,"turns":3},{"damage":26,"enemies":"Snecko","floor":21,"turns":4},{"damage":20,"enemies":"3 Cultists","floor":22,"turns":5},{"damage":27,"enemies":"Slavers","floor":23,"turns":4},{"damage":4,"enemies":"Cultist and Chosen","floor":25,"turns":4},{"damage":27,"enemies":"Shelled Parasite and Fungi","floor":29,"turns":4},{"damage":10,"enemies":"Book of Stabbing","floor":30,"turns":2},{"damage":62,"enemies":"3 Cultists","floor":31,"turns":6},{"damage":66,"enemies":"Automaton","floor":33,"turns":6}],"seed_played":"8557782143587209962","potions_obtained":[{"floor":4,"key":"EssenceOfSteel"},{"floor":8,"key":"FearPotion"},{"floor":10,"key":"Regen Potion"},{"floor":11,"key":"Dexterity Potion"},{"floor":16,"key":"SteroidPotion"},{"floor":18,"key":"Block Potion"},{"floor":23,"key":"BloodPotion"},{"floor":30,"key":"PowerPotion"},{"floor":31,"key":"SteroidPotion"}],"is_trial":false,"path_per_floor":["M","$","?","M","?","R","M","E","T","M","E","M","?","M","R","B",null,"M","?","M","M","M","E","R","M","T","?","$","M","E","M","R","B"],"character_chosen":"IRONCLAD","items_purchased":["Metallicize"],"campfire_rested":1,"item_purchase_floors":[2],"current_hp_per_floor":[68,68,57,61,61,61,55,54,54,55,58,50,55,54,54,28,62,68,47,61,41,39,32,32,68,68,68,68,51,47,14,35,0],"gold":883,"neow_bonus":"ONE_RARE_RELIC","is_prod":false,"is_daily":false,"chose_seed":false,"campfire_upgraded":3,"win_rate":0,"timestamp":1551584343,"path_taken":["M","$","?","M","?","R","M","E","T","?","E","M","?","M","R","BOSS","M","?","M","M","?","E","R","M","T","?","$","M","E","M","R","BOSS"],"build_version":"2019-01-23","purchased_purges":1,"victory":false,"max_hp_per_floor":[68,68,68,68,68,68,68,68,68,68,68,68,73,73,73,73,73,73,73,73,73,73,73,73,73,73,73,73,73,73,73,73,73],"card_choices":[{"not_picked":["True Grit","Infernal Blade"],"picked":"Inflame","floor":1},{"not_picked":["True Grit","Thunderclap"],"picked":"Uppercut","floor":4},{"not_picked":["Hemokinesis","Reckless Charge","Perfected Strike"],"picked":"SKIP","floor":7},{"not_picked":["Pommel Strike","Wild Strike"],"picked":"Twin Strike","floor":8},{"not_picked":["Searing Blow","Warcry"],"picked":"Pummel","floor":10},{"not_picked":["Flex","Armaments"],"picked":"Inflame","floor":11},{"not_picked":["Clothesline","Clash","Havoc"],"picked":"SKIP","floor":12},{"not_picked":["Clothesline","Clash","Havoc"],"picked":"SKIP","floor":12},{"not_picked":["Wild Strike","Havoc"],"picked":"Spot Weakness","floor":14},{"not_picked":["Dark Embrace","Impervious"],"picked":"Reaper","floor":16},{"not_picked":["Sever Soul","Rampage"],"picked":"Sword Boomerang+1","floor":18},{"not_picked":["Wild Strike","Iron Wave","Searing Blow"],"picked":"SKIP","floor":20},{"not_picked":["Warcry","Havoc","Carnage"],"picked":"SKIP","floor":21},{"not_picked":["Clash+1","Heavy Blade"],"picked":"Burning Pact","floor":22},{"not_picked":["Dark Embrace","Carnage"],"picked":"Inflame","floor":23},{"not_picked":["Carnage","Perfected Strike"],"picked":"Iron Wave+1","floor":25},{"not_picked":["Headbutt","Disarm"],"picked":"Warcry+1","floor":29},{"not_picked":["Ghostly Armor","Pommel Strike"],"picked":"Feel No Pain","floor":30},{"not_picked":["Seeing Red","Rampage","Anger"],"picked":"SKIP","floor":31},{"not_picked":["Flex","True Grit"],"picked":"Exhume","floor":32}],"player_experience":782029,"relics_obtained":[{"floor":8,"key":"Dream Catcher"},{"floor":9,"key":"MawBank"},{"floor":11,"key":"Paper Frog"},{"floor":23,"key":"Juzu Bracelet"},{"floor":26,"key":"FossilizedHelix"},{"floor":30,"key":"Orichalcum"}],"event_choices":[{"damage_healed":0,"gold_gain":0,"player_choice":"Success","damage_taken":11,"relics_obtained":["Mummified Hand"],"max_hp_gain":0,"max_hp_loss":0,"event_name":"Scrap Ooze","floor":3,"gold_loss":0},{"damage_healed":0,"gold_gain":50,"player_choice":"Pray","damage_taken":0,"max_hp_gain":0,"max_hp_loss":0,"event_name":"Golden Shrine","floor":5,"gold_loss":0},{"damage_healed":0,"gold_gain":0,"player_choice":"Donut","damage_taken":0,"max_hp_gain":5,"max_hp_loss":0,"event_name":"Big Fish","floor":13,"gold_loss":0},{"damage_healed":0,"gold_gain":180,"player_choice":"GOLD GOLD ","damage_taken":21,"max_hp_gain":0,"max_hp_loss":0,"event_name":"Knowing Skull","floor":19,"potions_obtained":[],"gold_loss":0,"cards_obtained":[]},{"damage_healed":0,"gold_gain":0,"player_choice":"Ignored","damage_taken":0,"max_hp_gain":0,"max_hp_loss":0,"event_name":"Ghosts","floor":27,"gold_loss":0}],"is_beta":false,"boss_relics":[{"not_picked":["Eternal Feather","Black Star"],"picked":"Snecko Eye"}],"items_purged_floors":[2],"is_endless":false,"potions_floor_spawned":[4,8,10,11,16,18,23,30,31],"killed_by":"Automaton","ascension_level":15}