{"gold_per_floor":[118,43,43,56,67,101,112,123,197,197,197,222,235,249,249,344,344,361,361,371,389,92,125,125,140,140,140,155,167,167],"floor_reached":30,"playtime":3031,"items_purged":["Strike_R","Strike_R"],"score":318,"play_id":"0dae62e9-a31c-4799-a621-88b3ad6caf2f","local_time":"20180817193046","is_ascension_mode":true,"campfire_choices":[{"data":"1","floor":11,"key":"LIFT"},{"data":"2","floor":15,"key":"LIFT"},{"data":"3","floor":24,"key":"LIFT"},{"floor":27,"key":"REST"}],"neow_cost":"NONE","seed_source_timestamp":0,"circlet_count":0,"master_deck":["Strike_R","Strike_R","Strike_R+1","Defend_R","Defend_R+1","Defend_R+1","Defend_R","Bash","Cleave","Headbutt","True Grit","Burning Pact","Ghostly Armor","Iron Wave+1","Feed","Limit Break","Heavy Blade","Demon Form","Flex","Twin Strike+1","Flex+1"],"special_seed":17731,"relics":["Burning Blood","Lantern","Strawberry","Kunai","Girya","Whetstone","Philosopher\u0027s Stone","Bottled Tornado","Pantograph"],"potions_floor_usage":[12,16,16,21,23,30,30,30],"damage_taken":[{"damage":0.0,"enemies":"2 Louse","floor":1.0,"turns":3.0},{"damage":0.0,"enemies":"Jaw Worm","floor":4.0,"turns":3.0},{"damage":0.0,"enemies":"Cultist","floor":5.0,"turns":2.0},{"damage":17.0,"enemies":"3 Sentries","floor":6.0,"turns":8.0},{"damage":7.0,"enemies":"2 Fungi Beasts","floor":7.0,"turns":3.0},{"damage":0,"enemies":"Large Slime","floor":8,"turns":6},{"damage":34,"enemies":"Gremlin Nob","floor":12,"turns":5},{"damage":12,"enemies":"Gremlin Gang","floor":13,"turns":4},{"damage":0,"enemies":"Blue Slaver","floor":14,"turns":3},{"damage":47,"enemies":"The Guardian","floor":16,"turns":15},{"damage":22,"enemies":"2 Thieves","floor":18,"turns":4},{"damage":24,"enemies":"Shell Parasite","floor":20,"turns":4},{"damage":6,"enemies":"Snecko","floor":21,"turns":5},{"damage":40,"enemies":"Slavers","floor":23,"turns":6},{"damage":19,"enemies":"Centurion and Healer","floor":25,"turns":3},{"damage":25,"enemies":"Sentry and Sphere","floor":28,"turns":5},{"damage":15,"enemies":"Snecko","floor":29,"turns":4},{"damage":25,"enemies":"Cultist and Chosen","floor":30,"turns":5}],"seed_played":"-3692985004623791933","potions_obtained":[{"floor":1.0,"key":"Regen Potion"},{"floor":6.0,"key":"Weak Potion"},{"floor":13,"key":"Ancient Potion"},{"floor":14,"key":"EssenceOfSteel"},{"floor":16,"key":"LiquidBronze"},{"floor":18,"key":"BloodPotion"},{"floor":23,"key":"EssenceOfSteel"},{"floor":29,"key":"Block Potion"}],"is_trial":false,"path_per_floor":["M","$","?","M","M","E","M","M","T","?","R","E","M","M","R","B",null,"M","?","M","M","$","E","R","M","T","R","M","M"],"character_chosen":"IRONCLAD","items_purchased":["Demon Form","Flex"],"campfire_rested":1,"item_purchase_floors":[22,22],"current_hp_per_floor":[80,80,64,70,76,72,71,77,77,74,74,46,40,46,46,23,90,77,59,44,54,54,20,20,7,7,37,21,12,0],"gold":167,"neow_bonus":"RANDOM_COMMON_RELIC","is_prod":false,"is_daily":false,"chose_seed":false,"campfire_upgraded":0,"win_rate":0,"timestamp":1534552246,"path_taken":["M","$","?","M","M","E","M","?","T","?","R","E","M","M","R","BOSS","M","?","?","M","$","E","R","M","T","R","?","M","M"],"build_version":"2018-08-16","purchased_purges":2,"victory":false,"max_hp_per_floor":[80,80,80,80,80,87,87,87,87,87,87,87,87,87,87,90,90,93,98,101,101,101,101,101,101,101,101,104,104,107],"card_choices":[{"not_picked":["Whirlwind","Fire Breathing"],"picked":"Cleave","floor":1.0},{"not_picked":["Thunderclap","Evolve"],"picked":"Headbutt","floor":4.0},{"not_picked":["Anger","Twin Strike"],"picked":"True Grit","floor":5.0},{"not_picked":["Searing Blow","Rupture"],"picked":"Burning Pact","floor":6.0},{"not_picked":["Warcry","Sword Boomerang"],"picked":"Ghostly Armor","floor":7.0},{"not_picked":["Thunderclap","Twin Strike"],"picked":"Iron Wave","floor":8},{"not_picked":["Dual Wield","Anger","Sword Boomerang"],"picked":"SKIP","floor":12},{"not_picked":["Clothesline","Entrench"],"picked":"Feed","floor":13},{"not_picked":["Reckless Charge","Warcry","Perfected Strike"],"picked":"SKIP","floor":14},{"not_picked":["Bludgeon","Berserk"],"picked":"Limit Break","floor":16},{"not_picked":["Sword Boomerang","Sever Soul+1","True Grit"],"picked":"SKIP","floor":18},{"not_picked":["Battle Trance","Searing Blow"],"picked":"Heavy Blade","floor":20},{"not_picked":["Warcry","Body Slam","Thunderclap"],"picked":"SKIP","floor":21},{"not_picked":["Disarm+1","Battle Trance+1","Carnage"],"picked":"SKIP","floor":23},{"not_picked":["Entrench+1","Clash","Cleave"],"picked":"SKIP","floor":25},{"not_picked":["Thunderclap","Cleave+1"],"picked":"Twin Strike+1","floor":28},{"not_picked":["Metallicize","Perfected Strike"],"picked":"Flex+1","floor":29}],"player_experience":90580,"relics_obtained":[{"floor":6.0,"key":"Strawberry"},{"floor":9,"key":"Kunai"},{"floor":12,"key":"Whetstone"},{"floor":23,"key":"Bottled Tornado"},{"floor":26,"key":"Pantograph"}],"event_choices":[{"event_name":"Shining Light","player_choice":"Entered Light","floor":3.0,"damage_taken":0.0},{"event_name":"Scrap Ooze","player_choice":"success","floor":10,"damage_taken":3},{"event_name":"Forgotten Altar","player_choice":"Shed Blood","floor":19,"damage_taken":0}],"is_beta":false,"boss_relics":[{"not_picked":["Empty Cage","Runic Cube"],"picked":"Philosopher\u0027s Stone"}],"items_purged_floors":[2,22],"is_endless":false,"potions_floor_spawned":[1,6,13,14,16,18,23,29],"killed_by":"Cultist and Chosen","ascension_level":2}