{"gold_per_floor":[116,130,148,148,148,148,168,168,247,257,132,188,188,202,202,306,306],"floor_reached":17,"playtime":891,"items_purged":["Strike_R"],"score":157,"play_id":"10085e5f-5198-42b2-959e-c56924be827f","local_time":"20190220030550","is_ascension_mode":false,"campfire_choices":[{"data":"Bash","floor":6,"key":"SMITH"},{"data":"Anger","floor":8,"key":"SMITH"},{"data":"Bludgeon","floor":13,"key":"SMITH"},{"data":"True Grit","floor":15,"key":"SMITH"}],"neow_cost":"NONE","seed_source_timestamp":38168265372141,"circlet_count":0,"master_deck":["Strike_R","Strike_R","Strike_R","Defend_R","Defend_R","Defend_R","Defend_R","Bash+1","Anger+1","Sword Boomerang","Warcry+1","Warcry","Clothesline","Bludgeon+1","True Grit+1","Immolate"],"relics":["Burning Blood","Frozen Egg 2","Tiny Chest"],"potions_floor_usage":[],"damage_taken":[{"damage":4,"enemies":"2 Louse","floor":1,"turns":4},{"damage":0,"enemies":"Small Slimes","floor":2,"turns":4},{"damage":6,"enemies":"Jaw Worm","floor":3,"turns":3},{"damage":6,"enemies":"Large Slime","floor":7,"turns":6},{"damage":6,"enemies":"Blue Slaver","floor":10,"turns":4},{"damage":14,"enemies":"Gremlin Nob","floor":12,"turns":4},{"damage":2,"enemies":"2 Fungi Beasts","floor":14,"turns":3},{"damage":25,"enemies":"The Guardian","floor":16,"turns":6}],"seed_played":"-990364468987742546","potions_obtained":[{"floor":3,"key":"Dexterity Potion"},{"floor":7,"key":"Ancient Potion"},{"floor":16,"key":"Block Potion"}],"is_trial":false,"path_per_floor":["M","M","M","?","?","R","M","R","T","M","$","E","R","M","R","B",null],"character_chosen":"IRONCLAD","items_purchased":["Clothesline"],"campfire_rested":0,"item_purchase_floors":[11],"current_hp_per_floor":[80,80,80,80,80,80,80,80,80,80,80,72,72,76,76,57,57],"gold":306,"neow_bonus":"REMOVE_CARD","is_prod":false,"is_daily":false,"chose_seed":false,"campfire_upgraded":4,"win_rate":0,"timestamp":1550624750,"path_taken":["M","M","M","?","?","R","M","R","T","M","$","E","R","?","R","BOSS"],"build_version":"2019-01-23","purchased_purges":1,"victory":false,"max_hp_per_floor":[80,80,80,80,80,80,80,80,80,80,80,80,80,80,80,80,80],"card_choices":[{"not_picked":["Flame Barrier","Body Slam"],"picked":"Anger","floor":1},{"not_picked":["Bloodletting","Perfected Strike"],"picked":"Sword Boomerang","floor":2},{"not_picked":["Flex","Perfected Strike"],"picked":"Warcry","floor":3},{"not_picked":["Sword Boomerang","Body Slam","Reckless Charge"],"picked":"SKIP","floor":7},{"not_picked":["Pommel Strike","Blood for Blood"],"picked":"Warcry","floor":10},{"not_picked":["Wild Strike","Shockwave"],"picked":"Bludgeon","floor":12},{"not_picked":["Second Wind","Clash"],"picked":"True Grit","floor":14},{"not_picked":["Double Tap","Juggernaut+1"],"picked":"Immolate","floor":16}],"player_experience":437266,"relics_obtained":[{"floor":9,"key":"Frozen Egg 2"},{"floor":12,"key":"Tiny Chest"}],"event_choices":[{"damage_healed":0,"gold_gain":0,"player_choice":"Ignored","damage_taken":0,"max_hp_gain":0,"max_hp_loss":0,"event_name":"Liars Game","floor":4,"gold_loss":0},{"damage_healed":0,"gold_gain":0,"player_choice":"Grow","damage_taken":0,"max_hp_gain":0,"max_hp_loss":0,"event_name":"Living Wall","floor":5,"gold_loss":0,"cards_upgraded":["Warcry"]}],"is_beta":false,"boss_relics":[],"items_purged_floors":[11],"is_endless":false,"potions_floor_spawned":[3,7,16],"ascension_level":0}