{"gold_per_floor":[115,128,143,162,337,365,383,383,383,403,435,435,435,453,453,453],"floor_reached":16,"playtime":1106,"items_purged":[],"score":114,"play_id":"fd8629a0-7dfc-40b3-bfc9-ad549e341793","local_time":"20181216234655","is_ascension_mode":false,"campfire_choices":[{"floor":8,"key":"REST"},{"floor":13,"key":"REST"},{"data":"Noxious Fumes","floor":15,"key":"SMITH"}],"neow_cost":"NONE","seed_source_timestamp":364712994371217,"circlet_count":0,"master_deck":["Defend_G","Defend_G","Defend_G","Defend_G","Defend_G","Strike_G+1","Strike_G","Strike_G","Strike_G","Strike_G","Survivor","Neutralize+1","Backflip","Dodge and Roll","PiercingWail","Slice","Doubt","Crippling Poison","Adrenaline","Dodge and Roll","Corpse Explosion","Noxious Fumes+1"],"relics":["Ring of the Snake","Whetstone","Strawberry","Blood Vial","Lantern","Molten Egg 2"],"potions_floor_usage":[11],"damage_taken":[{"damage":1,"enemies":"Small Slimes","floor":1,"turns":3},{"damage":5,"enemies":"2 Louse","floor":2,"turns":3},{"damage":1,"enemies":"Cultist","floor":3,"turns":4},{"damage":0,"enemies":"Blue Slaver","floor":4,"turns":4},{"damage":46,"enemies":"3 Sentries","floor":6,"turns":16},{"damage":0,"enemies":"2 Fungi Beasts","floor":7,"turns":5},{"damage":13,"enemies":"Gremlin Gang","floor":10,"turns":5},{"damage":26,"enemies":"Lagavulin","floor":11,"turns":10},{"damage":1,"enemies":"Large Slime","floor":14,"turns":7},{"damage":44,"enemies":"Slime Boss","floor":16,"turns":6}],"seed_played":"7015001971095271246","potions_obtained":[{"floor":2,"key":"Ancient Potion"},{"floor":4,"key":"PowerPotion"},{"floor":7,"key":"EntropicBrew"},{"floor":10,"key":"LiquidBronze"},{"floor":11,"key":"Poison Potion"}],"is_trial":false,"path_per_floor":["M","M","M","M","?","E","M","R","T","M","E","?","R","M","R","B"],"character_chosen":"THE_SILENT","items_purchased":[],"campfire_rested":2,"item_purchase_floors":[],"current_hp_per_floor":[69,64,63,63,63,24,24,47,47,36,12,12,35,36,36,0],"gold":453,"neow_bonus":"RANDOM_COMMON_RELIC","is_prod":false,"is_daily":false,"chose_seed":false,"campfire_upgraded":1,"win_rate":0,"timestamp":1545025615,"path_taken":["M","M","M","M","?","E","M","R","T","M","E","?","R","M","R","BOSS"],"build_version":"2018-12-13","purchased_purges":0,"victory":false,"max_hp_per_floor":[70,70,70,70,70,77,77,77,77,77,77,77,77,77,77,77],"card_choices":[{"not_picked":["Bane","Dagger Spray"],"picked":"Backflip","floor":1},{"not_picked":["Slice","Bane"],"picked":"Dodge and Roll","floor":2},{"not_picked":["Concentrate","Deflect"],"picked":"PiercingWail","floor":3},{"not_picked":["Calculated Gamble","Riddle With Holes"],"picked":"Slice","floor":4},{"not_picked":["Accuracy","Reflex"],"picked":"Crippling Poison","floor":6},{"not_picked":["Crippling Poison","Deflect"],"picked":"Adrenaline","floor":7},{"not_picked":["Prepared","Deadly Poison"],"picked":"Dodge and Roll","floor":10},{"not_picked":["Flying Knee","Predator"],"picked":"Corpse Explosion","floor":11},{"not_picked":["Prepared","Distraction"],"picked":"Noxious Fumes","floor":14}],"player_experience":267222,"relics_obtained":[{"floor":6,"key":"Strawberry"},{"floor":9,"key":"Blood Vial"},{"floor":11,"key":"Lantern"}],"event_choices":[{"damage_healed":0,"gold_gain":175,"player_choice":"AGREE","damage_taken":0,"max_hp_gain":0,"max_hp_loss":0,"event_name":"Liars Game","floor":5,"gold_loss":0,"cards_obtained":["Doubt"]},{"damage_healed":0,"gold_gain":0,"player_choice":"Gave Potion","damage_taken":0,"relics_obtained":["Molten Egg 2"],"max_hp_gain":0,"max_hp_loss":0,"event_name":"WeMeetAgain","floor":12,"gold_loss":0}],"is_beta":false,"boss_relics":[],"items_purged_floors":[],"is_endless":false,"potions_floor_spawned":[2,4,7,10,11],"killed_by":"Slime Boss","ascension_level":0}