{"gold_per_floor":[212,232,252,268,284,319,319,344,367,367,383,383,400,411,411,515,515,534,534,534,191,191,191,141,174,174,174,204,222,222,233,233,233],"floor_reached":33,"playtime":1811,"items_purged":["Bite","Defend_B"],"score":546,"play_id":"3f177b24-84d7-448c-80d4-dd2548cb1f84","local_time":"20190223162350","is_ascension_mode":true,"campfire_choices":[{"data":"Sunder","floor":7,"key":"SMITH"},{"data":"Loop","floor":10,"key":"SMITH"},{"data":"Dualcast","floor":12,"key":"SMITH"},{"data":"Skim","floor":15,"key":"SMITH"},{"data":"Loop","floor":23,"key":"SMITH"},{"data":"Conserve Battery","floor":27,"key":"SMITH"},{"data":"Multi-Cast","floor":32,"key":"SMITH"}],"neow_cost":"NONE","seed_source_timestamp":239316260824390,"circlet_count":0,"master_deck":["AscendersBane","Defend_B","Defend_B","Defend_B","Zap+1","Dualcast+1","Cold Snap","Conserve Battery","Loop+1","Sunder+1","Conserve Battery+1","Echo Form","Skim+1","Doom and Gloom","Machine Learning","Loop+1","Bite","Bite","Bite","Bite","Reboot+1","Multi-Cast+1","FTL+1"],"relics":["Cracked Core","Symbiotic Virus","Eternal Feather","Membership Card","Orichalcum","Potion Belt","War Paint","PreservedInsect","MutagenicStrength"],"potions_floor_usage":[6,13,18,25,25,28,28,33],"damage_taken":[{"damage":1,"enemies":"Cultist","floor":1,"turns":4},{"damage":5,"enemies":"Small Slimes","floor":2,"turns":3},{"damage":0,"enemies":"Jaw Worm","floor":3,"turns":4},{"damage":13,"enemies":"2 Fungi Beasts","floor":4,"turns":3},{"damage":6,"enemies":"Blue Slaver","floor":5,"turns":2},{"damage":4,"enemies":"3 Sentries","floor":6,"turns":8},{"damage":0,"enemies":"Lagavulin","floor":8,"turns":5},{"damage":0,"enemies":"Looter","floor":11,"turns":4},{"damage":8,"enemies":"Lots of Slimes","floor":13,"turns":4},{"damage":13,"enemies":"Exordium Thugs","floor":14,"turns":4},{"damage":4,"enemies":"Hexaghost","floor":16,"turns":7},{"damage":21,"enemies":"2 Thieves","floor":18,"turns":4},{"damage":12,"enemies":"Book of Stabbing","floor":25,"turns":4},{"damage":37,"enemies":"Gremlin Leader","floor":28,"turns":6},{"damage":4,"enemies":"Chosen","floor":29,"turns":4},{"damage":4,"enemies":"Snecko","floor":31,"turns":4},{"damage":70,"enemies":"Automaton","floor":33,"turns":6}],"seed_played":"6253226790161637933","potions_obtained":[{"floor":4,"key":"Swift Potion"},{"floor":5,"key":"AttackPotion"},{"floor":6,"key":"Block Potion"},{"floor":14,"key":"Block Potion"},{"floor":18,"key":"Ancient Potion"},{"floor":25,"key":"LiquidBronze"},{"floor":29,"key":"Energy Potion"}],"is_trial":false,"path_per_floor":["M","M","M","M","M","E","R","E","T","R","M","R","M","M","R","B",null,"M","?","?","$","?","R","$","E","T","R","E","M","?","M","R","B"],"character_chosen":"DEFECT","items_purchased":["Membership Card","Orichalcum","Weak Potion"],"campfire_rested":0,"item_purchase_floors":[21,21,21],"current_hp_per_floor":[67,62,62,49,43,39,39,39,39,39,41,41,35,24,24,22,62,43,43,43,43,68,75,75,67,67,75,48,50,50,46,58,0],"gold":233,"neow_bonus":"HUNDRED_GOLD","is_prod":false,"is_daily":false,"chose_seed":false,"campfire_upgraded":7,"win_rate":0,"timestamp":1550957030,"path_taken":["M","M","M","M","M","E","R","E","T","R","M","R","M","?","R","BOSS","M","?","?","$","?","R","$","E","T","R","E","M","?","?","R","BOSS"],"build_version":"2019-01-23","purchased_purges":2,"victory":false,"max_hp_per_floor":[75,75,75,75,75,75,75,75,75,75,75,75,75,75,75,75,75,75,75,75,75,75,75,75,75,75,75,75,75,75,75,75,75],"card_choices":[{"not_picked":["Compile Driver","Leap"],"picked":"Cold Snap","floor":1},{"not_picked":["Fusion","Turbo"],"picked":"Conserve Battery","floor":2},{"not_picked":["Barrage","Recycle"],"picked":"Loop","floor":3},{"not_picked":["Steam","Go for the Eyes"],"picked":"Sunder","floor":4},{"not_picked":["Leap","Sweeping Beam"],"picked":"Conserve Battery","floor":5},{"not_picked":["Ball Lightning","Streamline"],"picked":"Echo Form","floor":6},{"not_picked":["Blizzard","Creative AI"],"picked":"Skim","floor":8},{"not_picked":["Tempest","Streamline","Barrage"],"picked":"SKIP","floor":11},{"not_picked":["Genetic Algorithm","Leap"],"picked":"Doom and Gloom","floor":13},{"not_picked":["Rebound","Sweeping Beam","Compile Driver"],"picked":"SKIP","floor":14},{"not_picked":["Creative AI","Seek"],"picked":"Machine Learning","floor":16},{"not_picked":["Melter","Sweeping Beam"],"picked":"Loop","floor":18},{"not_picked":["Capacitor+1","Static Discharge"],"picked":"Reboot","floor":25},{"not_picked":["Ball Lightning","Leap","Streamline"],"picked":"SKIP","floor":28},{"not_picked":["Hologram","Fusion"],"picked":"Multi-Cast","floor":29},{"not_picked":["Rebound","Darkness"],"picked":"FTL+1","floor":31}],"player_experience":696489,"relics_obtained":[{"floor":6,"key":"Symbiotic Virus"},{"floor":8,"key":"Blood Vial"},{"floor":25,"key":"Potion Belt"},{"floor":26,"key":"War Paint"},{"floor":28,"key":"PreservedInsect"}],"event_choices":[{"damage_healed":0,"gold_gain":0,"player_choice":"Ignored","damage_taken":0,"max_hp_gain":0,"max_hp_loss":0,"event_name":"The Mausoleum","floor":19,"gold_loss":0},{"damage_healed":0,"gold_gain":0,"player_choice":"Became a vampire (Vial)","damage_taken":0,"max_hp_gain":0,"max_hp_loss":0,"event_name":"Vampires","floor":20,"relics_lost":["Blood Vial"],"gold_loss":0,"cards_obtained":["Bite","Bite","Bite","Bite","Bite"]},{"damage_healed":25,"gold_gain":0,"player_choice":"Heal","damage_taken":0,"max_hp_gain":0,"max_hp_loss":0,"event_name":"The Library","floor":22,"gold_loss":0},{"damage_healed":0,"gold_gain":0,"player_choice":"Inject Mutagens","damage_taken":0,"relics_obtained":["MutagenicStrength"],"max_hp_gain":0,"max_hp_loss":0,"event_name":"Drug Dealer","floor":30,"gold_loss":0}],"is_beta":false,"boss_relics":[{"not_picked":["FrozenCore","Snecko Eye"],"picked":"Eternal Feather"}],"items_purged_floors":[21,24],"is_endless":false,"potions_floor_spawned":[4,5,6,14,18,25,29],"killed_by":"Automaton","ascension_level":10}