{"gold_per_floor":[214,224,241,241,12,12,25,37,110,110,140,168,168,187,187,285,285],"floor_reached":17,"playtime":1121,"items_purged":["Strike_R"],"score":157,"play_id":"732fe97f-0fc5-47f1-99ae-6703c1e83e1a","local_time":"20190224014803","is_ascension_mode":false,"campfire_choices":[{"data":"Clothesline","floor":6,"key":"SMITH"},{"data":"Power Through","floor":10,"key":"SMITH"},{"data":"Immolate","floor":13,"key":"SMITH"},{"data":"True Grit","floor":15,"key":"SMITH"}],"neow_cost":"NONE","seed_source_timestamp":18939014484268,"circlet_count":0,"master_deck":["Strike_R","Defend_R","Defend_R","Defend_R","Defend_R","Bash","Twin Strike","Clothesline+1","Immolate+1","Cleave","Power Through+1","True Grit+1","Armaments+1","Bloodletting+1","Wild Strike+1"],"relics":["Burning Blood","Ice Cream","Vajra","Dodecahedron","Oddly Smooth Stone","Astrolabe"],"potions_floor_usage":[14],"damage_taken":[{"damage":0,"enemies":"Small Slimes","floor":1,"turns":4},{"damage":6,"enemies":"Cultist","floor":2,"turns":3},{"damage":0,"enemies":"2 Louse","floor":3,"turns":2},{"damage":14,"enemies":"Blue Slaver","floor":7,"turns":3},{"damage":5,"enemies":"Exordium Wildlife","floor":8,"turns":2},{"damage":20,"enemies":"Gremlin Nob","floor":12,"turns":4},{"damage":4,"enemies":"Looter","floor":14,"turns":3},{"damage":27,"enemies":"The Guardian","floor":16,"turns":14}],"seed_played":"5203421440559271587","potions_obtained":[{"floor":1,"key":"LiquidBronze"},{"floor":3,"key":"Swift Potion"},{"floor":12,"key":"Swift Potion"},{"floor":14,"key":"Explosive Potion"}],"is_trial":false,"path_per_floor":["M","M","M","?","$","R","M","M","T","R","?","E","R","M","R","B",null],"character_chosen":"IRONCLAD","items_purchased":["Vajra"],"campfire_rested":0,"item_purchase_floors":[5],"current_hp_per_floor":[80,80,80,80,80,80,72,73,73,73,73,59,59,61,61,40,80],"gold":285,"neow_bonus":"HUNDRED_GOLD","is_prod":false,"is_daily":false,"chose_seed":false,"campfire_upgraded":4,"win_rate":0,"timestamp":1550965683,"path_taken":["M","M","M","?","$","R","M","?","T","R","?","E","R","M","R","BOSS"],"build_version":"2019-01-23","purchased_purges":1,"victory":false,"max_hp_per_floor":[80,80,80,80,80,80,80,80,80,80,80,80,80,80,80,80,80],"card_choices":[{"not_picked":["Thunderclap","Sword Boomerang"],"picked":"Twin Strike","floor":1},{"not_picked":["Cleave","Pommel Strike"],"picked":"Clothesline","floor":2},{"not_picked":["Wild Strike","Warcry"],"picked":"Immolate","floor":3},{"not_picked":["Bloodletting","Corruption"],"picked":"Cleave","floor":7},{"not_picked":["Rage","Perfected Strike"],"picked":"Power Through","floor":8},{"not_picked":["Hemokinesis","Dropkick","Reckless Charge"],"picked":"SKIP","floor":12},{"not_picked":["Headbutt","Shrug It Off"],"picked":"True Grit","floor":14}],"player_experience":498742,"relics_obtained":[{"floor":9,"key":"Dodecahedron"},{"floor":12,"key":"Oddly Smooth Stone"}],"event_choices":[{"damage_healed":0,"gold_gain":0,"player_choice":"Gave Potion","damage_taken":0,"relics_obtained":["Ice Cream"],"max_hp_gain":0,"max_hp_loss":0,"event_name":"WeMeetAgain","floor":4,"gold_loss":0},{"damage_healed":0,"gold_gain":30,"player_choice":"Searched \u00271\u0027 times","damage_taken":0,"max_hp_gain":0,"max_hp_loss":0,"event_name":"Dead Adventurer","floor":11,"gold_loss":0}],"is_beta":false,"boss_relics":[{"not_picked":["Pandora\u0027s Box","Runic Dome"],"picked":"Astrolabe"}],"items_purged_floors":[5],"is_endless":false,"potions_floor_spawned":[1,3,12,14],"ascension_level":0}