{"path_per_floor":["M","M","?","M","M","R","E","M","T","T","R","$","E","M","R","B",null,"M","?","M","?","M","R","M"],"character_chosen":"DEFECT","items_purchased":["Turnip","Self Repair"],"gold_per_floor":[117,133,308,321,331,331,358,378,378,425,425,59,87,106,106,208,208,221,221,238,238,250,250,270,270],"floor_reached":25,"campfire_rested":2,"playtime":1615,"current_hp_per_floor":[75,75,75,74,69,69,40,40,40,40,40,40,17,24,46,45,75,45,45,51,51,18,40,44,0],"items_purged":[],"gold":270,"score":305,"play_id":"8fe7b8ec-bdb3-4742-bcb2-8baa6ebc0957","local_time":"20180518002632","is_prod":false,"is_daily":false,"chose_seed":false,"is_ascension_mode":true,"campfire_upgraded":2,"timestamp":1526617592,"campfire_choices":[{"data":"Defragment","floor":6,"key":"SMITH"},{"data":"Dualcast","floor":11,"key":"SMITH"},{"floor":15,"key":"REST"},{"floor":23,"key":"REST"}],"path_taken":["M","M","?","M","M","R","E","M","T","?","R","$","E","M","R","BOSS","M","?","M","?","M","R","?","E"],"build_version":"2018-05-17","seed_source_timestamp":759268186643679,"purchased_purges":0,"victory":false,"master_deck":["Strike_B","Strike_B","Strike_B","Defend_B","Defend_B","Defend_B","Defend_B","Zap","Dualcast+1","Skim","Defragment+1","Doubt","Axe Kick","Reboot","Go for the Eyes","Streamline","Self Repair","Stack","Coolheaded","Buffer","Biased Cognition","Skim+1","Fusion+1","Aggregate","Force Field","Defragment"],"max_hp_per_floor":[75,75,75,75,75,75,75,75,75,75,75,75,75,75,75,75,75,75,75,75,75,75,75,75,75],"relics":["Cracked Core","Anchor","Bag of Preparation","Blue Candle","Dream Catcher","Turnip","Bottled Lightning","Snecko Eye"],"card_choices":[{"not_picked":["FTL","Hello World"],"picked":"Skim","floor":1},{"not_picked":["Static Discharge","Stack"],"picked":"Defragment","floor":2},{"not_picked":["Beam Cell","Sweeping Beam"],"picked":"Axe Kick","floor":4},{"not_picked":["Skim","Axe Kick"],"picked":"Reboot","floor":5},{"not_picked":["BootSequence","Chill"],"picked":"Go for the Eyes","floor":7},{"not_picked":["Steam","Capacitor"],"picked":"Streamline","floor":8},{"not_picked":["Rip and Tear","Barrage"],"picked":"Stack","floor":13},{"not_picked":["Ball Lightning","Cold Snap"],"picked":"Coolheaded","floor":14},{"not_picked":["Steam","Cold Snap"],"picked":"Buffer","floor":15},{"not_picked":["Meteor Strike","Fission"],"picked":"Biased Cognition","floor":16},{"not_picked":["Auto Shields","Leap"],"picked":"Skim+1","floor":18},{"not_picked":["Sweeping Beam+1","Leap"],"picked":"Fusion+1","floor":20},{"not_picked":["Go for the Eyes","Steam Power+1"],"picked":"Force Field","floor":22},{"not_picked":["Fusion","Aggregate"],"picked":"Defragment","floor":23},{"not_picked":["Beam Cell","Streamline","Redo"],"picked":"SKIP","floor":24}],"player_experience":180884,"potions_floor_usage":[13,16,24,25,25,25,25,25,25],"damage_taken":[{"damage":0,"enemies":"2 Louse","floor":1,"turns":2},{"damage":0,"enemies":"Jaw Worm","floor":2,"turns":3},{"damage":1,"enemies":"Cultist","floor":4,"turns":4},{"damage":5,"enemies":"Gremlin Gang","floor":5,"turns":5},{"damage":29,"enemies":"Gremlin Nob","floor":7,"turns":4},{"damage":0,"enemies":"Blue Slaver","floor":8,"turns":2},{"damage":30,"enemies":"3 Sentries","floor":13,"turns":6},{"damage":0,"enemies":"2 Fungi Beasts","floor":14,"turns":3},{"damage":1,"enemies":"Slime Boss","floor":16,"turns":6},{"damage":37,"enemies":"2 Thieves","floor":18,"turns":5},{"damage":1,"enemies":"Chosen","floor":20,"turns":6},{"damage":40,"enemies":"Sentry and Sphere","floor":22,"turns":8},{"damage":3,"enemies":"Snecko","floor":24,"turns":6},{"damage":47,"enemies":"Gremlin Leader","floor":25,"turns":6}],"relics_obtained":[{"floor":7,"key":"Bag of Preparation"},{"floor":9,"key":"Blue Candle"},{"floor":10,"key":"Dream Catcher"},{"floor":13,"key":"Bottled Lightning"}],"event_choices":[{"event_name":"Liars Game","player_choice":"agreed","floor":3,"damage_taken":0},{"event_name":"The Lab","player_choice":"Got Potions","floor":19,"damage_taken":0},{"event_name":"Transmorgrifier","player_choice":"Transform","floor":21,"damage_taken":0}],"boss_relics":[{"not_picked":["Calling Bell","Cursed Key"],"picked":"Snecko Eye"}],"potions_floor_spawned":[2,7,14,18,24],"seed_played":"-4821433007817118951","killed_by":"Gremlin Leader","ascension_level":3,"potions_obtained":[{"floor":2,"key":"Weak Potion"},{"floor":7,"key":"SteroidPotion"},{"floor":14,"key":"AttackPotion"},{"floor":18,"key":"AttackPotion"},{"floor":19,"key":"Weak Potion"},{"floor":19,"key":"EntropicBrew"},{"floor":19,"key":"FearPotion"},{"floor":24,"key":"Poison Potion"}],"is_trial":false}