{"gold_per_floor":[115,115,190,190,190,224,244,244,244,270,235,268,61,81,81,158,158,176,49,49,62,76,76,1,27,39,98,110,141,153,165],"floor_reached":31,"playtime":1355,"items_purged":[],"score":515,"play_id":"3a37ec90-bbd1-4048-9447-18820e7bbd27","local_time":"20190308200102","is_ascension_mode":true,"campfire_choices":[{"data":"Zap","floor":8,"key":"SMITH"},{"data":"Multi-Cast","floor":15,"key":"SMITH"},{"floor":23,"key":"REST"},{"floor":30,"key":"REST"}],"neow_cost":"NONE","seed_source_timestamp":472100175301793,"circlet_count":0,"master_deck":["AscendersBane","Strike_B","Strike_B","Strike_B","Defend_B","Defend_B","Defend_B","Zap+1","Dualcast","Self Repair","Multi-Cast+1","Chill","Reinforced Body","Buffer","Capacitor","Doom and Gloom","Biased Cognition","Capacitor","Impatience","Consume","Undo+1","Compile Driver"],"relics":["Cracked Core","NeowsBlessing","Calipers","Singing Bowl","Orichalcum","Girya","Velvet Choker","MawBank","Toxic Egg 2","Dream Catcher"],"potions_floor_usage":[10,20,25,25,29,31],"damage_taken":[{"damage":0,"enemies":"Jaw Worm","floor":1,"turns":1},{"damage":0,"enemies":"3 Sentries","floor":6,"turns":1},{"damage":0,"enemies":"2 Louse","floor":7,"turns":1},{"damage":17,"enemies":"Lagavulin","floor":10,"turns":9},{"damage":21,"enemies":"3 Sentries","floor":12,"turns":19},{"damage":12,"enemies":"Small Slimes","floor":14,"turns":3},{"damage":20,"enemies":"Slime Boss","floor":16,"turns":10},{"damage":15,"enemies":"3 Byrds","floor":18,"turns":5},{"damage":25,"enemies":"Colosseum Slavers","floor":20,"turns":6},{"damage":24,"enemies":"2 Thieves","floor":21,"turns":4},{"damage":21,"enemies":"Snake Plant","floor":22,"turns":5},{"damage":26,"enemies":"Slavers","floor":25,"turns":6},{"damage":4,"enemies":"Shelled Parasite and Fungi","floor":29,"turns":6},{"damage":38,"enemies":"Gremlin Leader","floor":31,"turns":5}],"seed_played":"-7608228419870199739","potions_obtained":[{"floor":1,"key":"Energy Potion"},{"floor":7,"key":"AttackPotion"},{"floor":10,"key":"EssenceOfSteel"},{"floor":21,"key":"AttackPotion"},{"floor":25,"key":"Poison Potion"},{"floor":29,"key":"PowerPotion"}],"is_trial":false,"path_per_floor":["M","?","?","$","?","E","M","R","T","E","?","E","$","M","R","B",null,"M","$","?","M","M","R","?","E","T","T","$","M","R","E"],"character_chosen":"DEFECT","items_purchased":["Capacitor","Doom and Gloom","PowerPotion","Capacitor","Impatience"],"campfire_rested":2,"item_purchase_floors":[13,13,13,19,19],"current_hp_per_floor":[64,69,58,58,58,58,58,58,58,50,69,55,55,45,45,32,68,62,62,44,22,8,33,33,9,9,9,9,5,30,0],"gold":165,"neow_bonus":"THREE_ENEMY_KILL","is_prod":false,"is_daily":false,"chose_seed":false,"campfire_upgraded":2,"win_rate":0,"timestamp":1552071662,"path_taken":["M","?","?","$","?","E","M","R","T","E","?","E","$","M","R","BOSS","M","$","?","M","M","R","?","E","T","?","?","M","R","E"],"build_version":"2019-01-23","purchased_purges":0,"victory":false,"max_hp_per_floor":[71,76,76,76,76,76,76,76,76,78,78,78,78,80,80,80,80,82,82,82,84,84,84,84,86,86,86,86,86,86,86],"card_choices":[{"not_picked":["Darkness","Conserve Battery"],"picked":"Self Repair","floor":1},{"not_picked":["Thunder Strike","Redo"],"picked":"Chill","floor":6},{"not_picked":["Turbo","Recycle"],"picked":"Reinforced Body","floor":7},{"not_picked":["Reboot","Hologram","Tempest"],"picked":"Singing Bowl","floor":10},{"not_picked":["Leap","Redo"],"picked":"Buffer","floor":12},{"not_picked":["Scrape","Heatsinks","Sunder"],"picked":"Singing Bowl","floor":14},{"not_picked":["Multi-Cast","All For One"],"picked":"Biased Cognition","floor":16},{"not_picked":["Streamline","Gash","Melter"],"picked":"Singing Bowl","floor":18},{"not_picked":["Static Discharge","Self Repair","Reinforced Body"],"picked":"Singing Bowl","floor":21},{"not_picked":["White Noise","Steam"],"picked":"Consume","floor":22},{"not_picked":["Steam","Hello World","Stack"],"picked":"Singing Bowl","floor":25},{"not_picked":["Sweeping Beam","Hello World"],"picked":"Undo+1","floor":29},{"not_picked":["Rip and Tear","Undo+1"],"picked":"Compile Driver","floor":30}],"player_experience":1089152,"relics_obtained":[{"floor":6,"key":"Calipers"},{"floor":9,"key":"Singing Bowl"},{"floor":10,"key":"Orichalcum"},{"floor":12,"key":"Girya"},{"floor":25,"key":"MawBank"},{"floor":26,"key":"Toxic Egg 2"},{"floor":27,"key":"Dream Catcher"}],"event_choices":[{"damage_healed":0,"gold_gain":0,"player_choice":"Donut","damage_taken":0,"max_hp_gain":5,"max_hp_loss":0,"event_name":"Big Fish","floor":2,"gold_loss":0},{"damage_healed":0,"gold_gain":75,"player_choice":"Gather Gold","damage_taken":11,"max_hp_gain":0,"max_hp_loss":0,"event_name":"World of Goop","floor":3,"gold_loss":0},{"damage_healed":0,"gold_gain":0,"cards_transformed":["Strike_B"],"player_choice":"Change","damage_taken":0,"max_hp_gain":0,"max_hp_loss":0,"event_name":"Living Wall","floor":5,"gold_loss":0,"cards_obtained":["Multi-Cast"]},{"damage_healed":19,"gold_gain":0,"player_choice":"Healed","damage_taken":0,"max_hp_gain":0,"max_hp_loss":0,"event_name":"The Cleric","floor":11,"gold_loss":35},{"damage_healed":0,"gold_gain":0,"player_choice":"Fight","damage_taken":0,"max_hp_gain":0,"max_hp_loss":0,"event_name":"Colosseum","floor":20,"gold_loss":0},{"damage_healed":0,"gold_gain":0,"player_choice":"Fled From Nobs","damage_taken":0,"max_hp_gain":0,"max_hp_loss":0,"event_name":"Colosseum","floor":20,"gold_loss":0},{"cards_removed":["Defend_B"],"damage_healed":0,"gold_gain":0,"player_choice":"Gave Gold","damage_taken":0,"max_hp_gain":0,"max_hp_loss":0,"event_name":"Beggar","floor":24,"gold_loss":75}],"is_beta":false,"boss_relics":[{"not_picked":["Cursed Key","Lizard Tail"],"picked":"Velvet Choker"}],"items_purged_floors":[],"is_endless":false,"potions_floor_spawned":[1,7,10,14,18,21,25,29],"killed_by":"Gremlin Leader","ascension_level":15}