{"path_per_floor":["M","?","M","M","?","E","R","E","T","?","$","R","T","M","R","B",null,"M","M","?","M","$","R","E","M","T","$","T","R","T","M","R","B",null,"M","?","$","M","M","E","T","T","T","R","M","?","T","M","R","B"],"character_chosen":"IRONCLAD","items_purchased":["Tiny Chest","Shockwave","Iron Wave","Deep Breath+1"],"gold_per_floor":[111,111,124,137,137,166,166,195,195,195,5,5,5,16,16,87,87,98,117,117,133,18,18,53,73,128,28,51,51,51,61,61,133,133,153,403,316,333,348,379,379,434,434,434,444,444,444,459,459,459],"floor_reached":51,"campfire_rested":2,"playtime":2492,"item_purchase_floors":[11,22,22,37],"current_hp_per_floor":[77,82,81,85,85,63,63,53,53,53,53,53,53,59,59,16,73,75,56,56,48,48,48,48,38,38,38,38,38,38,40,40,16,73,78,78,78,46,45,35,35,35,35,62,58,58,58,58,85,27],"items_purged":["Strike_R","Strike_R"],"gold":459,"score":1319,"play_id":"315be407-bead-4bb6-91ab-e4217821f99d","local_time":"20180520013844","is_prod":false,"is_daily":false,"chose_seed":false,"is_ascension_mode":true,"campfire_upgraded":6,"timestamp":1526794724,"campfire_choices":[{"data":"Fiend Fire","floor":7,"key":"SMITH"},{"data":"Metallicize","floor":12,"key":"SMITH"},{"data":"Thunderclap","floor":15,"key":"SMITH"},{"data":"Thunderclap","floor":23,"key":"SMITH"},{"data":"Shockwave","floor":29,"key":"SMITH"},{"data":"Headbutt","floor":32,"key":"SMITH"},{"floor":44,"key":"REST"},{"floor":49,"key":"REST"}],"path_taken":["M","?","?","M","?","E","R","E","T","?","$","R","?","M","R","BOSS","M","M","?","M","$","R","E","M","T","?","?","R","?","M","R","BOSS","M","?","$","?","M","E","?","?","T","R","M","?","?","M","R","BOSS"],"build_version":"2018-05-18","seed_source_timestamp":935518972272208,"purchased_purges":2,"victory":true,"master_deck":["Strike_R","Strike_R","Defend_R","Defend_R","Defend_R","Defend_R","Bash+1","AscendersBane","Shrug It Off","Headbutt+1","Thunderclap+1","Fiend Fire+1","Metallicize+1","Bloodletting","Offering+1","Thunderclap+1","Shrug It Off+1","Shockwave+1","Iron Wave","Clothesline+1","Ghostly Armor+1","Demon Form","Flame Barrier+1","Regret","Deep Breath+1","Warcry+1","True Grit+1","Havoc+1","Injury","Decay","Doubt","Sentinel+1","Warcry+1","Pain","Fiend Fire"],"max_hp_per_floor":[80,85,85,85,85,92,92,92,92,92,92,92,92,92,92,92,92,92,92,92,92,92,92,92,92,92,92,92,92,92,92,92,92,92,92,92,92,92,92,92,92,92,92,92,92,92,92,92,92,92],"relics":["Burning Blood","Strawberry","Shuriken","Ancient Tea Set","Tiny Chest","Paper Frog","Mark of Pain","Du-Vu Doll","Happy Flower","Orichalcum","Toxic Egg 2","Cursed Key","Smiling Mask","Shovel","Dream Catcher","Bottled Tornado","Pen Nib"],"card_choices":[{"not_picked":["Clash","Anger"],"picked":"Shrug It Off","floor":1},{"not_picked":["Flame Barrier","Power Through"],"picked":"Headbutt","floor":3},{"not_picked":["Power Through","Headbutt"],"picked":"Thunderclap","floor":4},{"not_picked":["Pommel Strike","Shrug It Off"],"picked":"Fiend Fire","floor":6},{"not_picked":["Pummel","Warcry"],"picked":"Metallicize","floor":8},{"not_picked":["Wild Strike","Power Through"],"picked":"Bloodletting","floor":14},{"not_picked":["Barricade","Immolate"],"picked":"Offering","floor":16},{"not_picked":["Burning Pact","Cleave"],"picked":"Thunderclap","floor":18},{"not_picked":["Combust","Anger"],"picked":"Shrug It Off+1","floor":19},{"not_picked":["Clothesline","Immolate","Clash"],"picked":"SKIP","floor":21},{"not_picked":["Sentinel","Cleave"],"picked":"Clothesline+1","floor":24},{"not_picked":["Cleave","Inflame+1"],"picked":"Ghostly Armor+1","floor":25},{"not_picked":["Headbutt","Body Slam+1","Flex+1"],"picked":"SKIP","floor":31},{"not_picked":["Offering+1","Dark Embrace"],"picked":"Demon Form","floor":33},{"not_picked":["Perfected Strike+1","Thunderclap+1"],"picked":"Flame Barrier+1","floor":35},{"not_picked":["Cleave","Clothesline+1"],"picked":"Warcry+1","floor":38},{"not_picked":["Entrench+1","Shrug It Off+1"],"picked":"True Grit+1","floor":39},{"not_picked":["Pommel Strike","Blood for Blood"],"picked":"Havoc+1","floor":40},{"not_picked":["Dual Wield+1","Havoc+1"],"picked":"Sentinel+1","floor":44},{"not_picked":["Iron Wave","Thunderclap"],"picked":"Warcry+1","floor":45},{"not_picked":["Body Slam","Rampage"],"picked":"Fiend Fire","floor":48}],"player_experience":218989,"potions_floor_usage":[6,16,24,25,33,33,38,40],"damage_taken":[{"damage":1,"enemies":"Cultist","floor":1,"turns":3},{"damage":7,"enemies":"Jaw Worm","floor":3,"turns":3},{"damage":0,"enemies":"Small Slimes","floor":4,"turns":3},{"damage":35,"enemies":"Lagavulin","floor":6,"turns":7},{"damage":16,"enemies":"Gremlin Nob","floor":8,"turns":3},{"damage":0,"enemies":"3 Louse","floor":14,"turns":3},{"damage":49,"enemies":"Hexaghost","floor":16,"turns":14},{"damage":4,"enemies":"Spheric Guardian","floor":18,"turns":3},{"damage":25,"enemies":"Shell Parasite","floor":19,"turns":3},{"damage":14,"enemies":"Centurion and Healer","floor":21,"turns":6},{"damage":6,"enemies":"Book of Stabbing","floor":24,"turns":4},{"damage":16,"enemies":"Snake Plant","floor":25,"turns":3},{"damage":4,"enemies":"3 Cultists","floor":31,"turns":2},{"damage":30,"enemies":"Collector","floor":33,"turns":10},{"damage":1,"enemies":"3 Shapes","floor":35,"turns":3},{"damage":38,"enemies":"3 Darklings","floor":38,"turns":7},{"damage":7,"enemies":"4 Shapes","floor":39,"turns":4},{"damage":16,"enemies":"2 Orb Walkers","floor":40,"turns":5},{"damage":10,"enemies":"Spire Growth","floor":45,"turns":3},{"damage":6,"enemies":"Sphere and 2 Shapes","floor":48,"turns":5},{"damage":64,"enemies":"Awakened One","floor":50,"turns":11}],"relics_obtained":[{"floor":6,"key":"Strawberry"},{"floor":8,"key":"Shuriken"},{"floor":9,"key":"Ancient Tea Set"},{"floor":13,"key":"Paper Frog"},{"floor":24,"key":"Du-Vu Doll"},{"floor":26,"key":"Happy Flower"},{"floor":28,"key":"Orichalcum"},{"floor":30,"key":"Toxic Egg 2"},{"floor":40,"key":"Smiling Mask"},{"floor":41,"key":"Shovel"},{"floor":42,"key":"Dream Catcher"},{"floor":43,"key":"Bottled Tornado"},{"floor":47,"key":"Pen Nib"}],"event_choices":[{"event_name":"Big Fish","player_choice":"Donut","floor":2,"damage_taken":0},{"event_name":"Liars Game","player_choice":"disagreed","floor":5,"damage_taken":0},{"event_name":"Living Wall","player_choice":"Forget","floor":10,"damage_taken":0},{"event_name":"Upgrade Shrine","player_choice":"Upgraded","floor":20,"damage_taken":0},{"event_name":"Golden Shrine","player_choice":"Desecrate","floor":36,"damage_taken":0},{"event_name":"Tomb of Lord Red Mask","player_choice":"Ignored","floor":46,"damage_taken":0}],"boss_relics":[{"not_picked":["Black Blood","Tiny House"],"picked":"Mark of Pain"},{"not_picked":["Lizard Tail","Philosopher\u0027s Stone"],"picked":"Cursed Key"}],"items_purged_floors":[11,27],"potions_floor_spawned":[4,6,19,21,24,25,35,39],"seed_played":"667839030242344168","ascension_level":13,"potions_obtained":[{"floor":4,"key":"Weak Potion"},{"floor":6,"key":"SpeedPotion"},{"floor":19,"key":"EssenceOfSteel"},{"floor":21,"key":"Swift Potion"},{"floor":24,"key":"Explosive Potion"},{"floor":25,"key":"SteroidPotion"},{"floor":35,"key":"SneckoOil"},{"floor":39,"key":"GamblersBrew"}],"is_trial":false}