{"gold_per_floor":[211,222,123,123,137,137,167,184,184,256,276,195,212,232,232,330,330,341,341,352,371,371,399,410,430,430,430,33,50,69,86,86,190,190,209,309,319,10,22,49,69,69,99,174,174,186,198,233,233,233,233,233,7,40,40],"floor_reached":56,"playtime":4431,"items_purged":["Gash","Gash"],"score":1317,"play_id":"c9f3c695-84fb-4696-aef2-1f6d1f580768","local_time":"20181118162916","is_ascension_mode":false,"campfire_choices":[{"floor":6,"key":"RECALL"},{"data":"Dualcast","floor":15,"key":"SMITH"},{"floor":27,"key":"REST"},{"data":"Hologram","floor":32,"key":"SMITH"},{"floor":45,"key":"DIG"},{"data":"Go for the Eyes","floor":49,"key":"SMITH"},{"data":"Skim","floor":52,"key":"SMITH"}],"neow_cost":"NONE","seed_source_timestamp":0,"circlet_count":0,"master_deck":["Zap+1","Dualcast+1","Conserve Battery","Go for the Eyes+1","Hologram+1","Leap","FTL","Conserve Battery","BootSequence","Capacitor+1","Ball Lightning","Skim","Biased Cognition+1","Coolheaded","Cold Snap","Self Repair+1","Loop+1","Capacitor+1","Self Repair+1","Auto Shields+1","Cold Snap","Biased Cognition+1","Turbo","Go for the Eyes","Barrage","Double Energy","Capacitor+1","Barrage","Ball Lightning+1","Coolheaded+1","Consume+1","Cold Snap","Skim+1","All For One","Consume+1","Cold Snap","Glacier","Conserve Battery","Hologram","Static Discharge+1"],"special_seed":0,"relics":["Cracked Core","Bag of Marbles","Frozen Egg 2","Sozu","Mummified Hand","The Courier","ClockworkSouvenir","Pandora\u0027s Box","Thread and Needle","Bottled Tornado","Shovel","Tiny Chest","Omamori","Unceasing Top","Toxic Egg 2"],"potions_floor_usage":[11,23,23,36],"damage_taken":[{"damage":0,"enemies":"Cultist","floor":1,"turns":3},{"damage":0,"enemies":"Small Slimes","floor":2,"turns":2},{"damage":0,"enemies":"Jaw Worm","floor":5,"turns":4},{"damage":28,"enemies":"3 Sentries","floor":7,"turns":10},{"damage":5,"enemies":"Gremlin Gang","floor":8,"turns":4},{"damage":0,"enemies":"Large Slime","floor":11,"turns":4},{"damage":0,"enemies":"Blue Slaver","floor":13,"turns":3},{"damage":0,"enemies":"2 Fungi Beasts","floor":14,"turns":4},{"damage":40,"enemies":"Hexaghost","floor":16,"turns":13},{"damage":7,"enemies":"2 Thieves","floor":18,"turns":4},{"damage":7,"enemies":"Colosseum Slavers","floor":19,"turns":4},{"damage":17,"enemies":"3 Byrds","floor":20,"turns":4},{"damage":7,"enemies":"3 Cultists","floor":21,"turns":7},{"damage":14,"enemies":"Book of Stabbing","floor":23,"turns":5},{"damage":11,"enemies":"Snecko","floor":24,"turns":5},{"damage":5,"enemies":"Snake Plant","floor":25,"turns":5},{"damage":0,"enemies":"Centurion and Healer","floor":29,"turns":7},{"damage":41,"enemies":"3 Cultists","floor":30,"turns":6},{"damage":2,"enemies":"Snake Plant","floor":31,"turns":5},{"damage":44,"enemies":"Champ","floor":33,"turns":13},{"damage":0,"enemies":"3 Shapes","floor":35,"turns":7},{"damage":23,"enemies":"Mind Bloom Boss Battle","floor":36,"turns":6},{"damage":0,"enemies":"Orb Walker","floor":37,"turns":2},{"damage":4,"enemies":"Sphere and 2 Shapes","floor":39,"turns":5},{"damage":17,"enemies":"Reptomancer","floor":40,"turns":5},{"damage":0,"enemies":"Jaw Worm Horde","floor":41,"turns":4},{"damage":0,"enemies":"Spire Growth","floor":46,"turns":4},{"damage":0,"enemies":"Transient","floor":47,"turns":5},{"damage":0,"enemies":"Giant Head","floor":48,"turns":7},{"damage":8,"enemies":"Time Eater","floor":50,"turns":9},{"damage":0,"enemies":"Shield and Spear","floor":54,"turns":6},{"damage":23,"enemies":"The Heart","floor":55,"turns":12}],"seed_played":"-2678652920011952107","potions_obtained":[{"floor":1,"key":"Swift Potion"},{"floor":7,"key":"Fire Potion"},{"floor":8,"key":"SteroidPotion"},{"floor":11,"key":"Weak Potion"},{"floor":16,"key":"LiquidBronze"}],"is_trial":false,"path_per_floor":["M","M","$","?","M","R","E","M","T","T","M","$","M","M","R","B",null,"M","?","M","M","?","E","M","M","T","R","$","M","M","M","R","B",null,"M","?","M","$","M","E","M","$","T","?","R","M","M","E","R","B",null,"R","$","E","B",null],"character_chosen":"DEFECT","items_purchased":["Go for the Eyes","Hologram","Capacitor+1","ClockworkSouvenir","Self Repair+1","Loop+1","Capacitor+1","Self Repair+1","Bottled Tornado","Cold Snap","Glacier","Conserve Battery","Hologram"],"campfire_rested":1,"item_purchase_floors":[3,3,12,28,28,28,28,28,38,38,53,53,53],"current_hp_per_floor":[75,75,75,75,75,75,47,42,42,42,42,42,42,42,42,2,75,68,61,44,37,62,48,37,32,32,54,54,74,53,71,71,47,75,75,72,72,72,75,75,75,75,75,68,68,75,75,75,75,75,75,75,75,75,72],"gold":40,"neow_bonus":"HUNDRED_GOLD","is_prod":false,"is_daily":false,"chose_seed":false,"campfire_upgraded":4,"win_rate":0,"timestamp":1542576556,"path_taken":["M","?","$","?","M","R","E","M","T","?","?","$","M","M","R","BOSS","M","?","M","M","?","E","M","M","T","R","$","M","M","M","R","BOSS","M","?","M","$","M","E","M","$","T","?","R","M","M","E","R","BOSS","R","$","E","BOSS"],"build_version":"2018-11-15","purchased_purges":2,"victory":true,"max_hp_per_floor":[75,75,75,75,75,75,75,75,75,75,75,75,75,75,75,75,75,75,75,75,75,75,75,75,75,75,75,75,75,75,75,75,75,75,75,75,75,75,75,75,75,75,75,75,75,75,75,75,75,75,75,75,75,75,75],"card_choices":[{"not_picked":["FTL","Leap"],"picked":"Conserve Battery","floor":1},{"not_picked":["Gash","Scrape","Beam Cell"],"picked":"SKIP","floor":2},{"not_picked":["Go for the Eyes","Gash"],"picked":"Leap","floor":5},{"not_picked":["Auto Shields","Beam Cell"],"picked":"FTL","floor":7},{"not_picked":["Streamline","Rebound"],"picked":"Conserve Battery","floor":8},{"not_picked":["Streamline","Barrage"],"picked":"BootSequence","floor":11},{"not_picked":["Melter","Sweeping Beam"],"picked":"Ball Lightning","floor":13},{"not_picked":["Gash","Machine Learning+1"],"picked":"Skim","floor":14},{"not_picked":["Creative AI+1","Meteor Strike"],"picked":"Biased Cognition+1","floor":16},{"not_picked":["Genetic Algorithm","Steam Power"],"picked":"Coolheaded","floor":18},{"not_picked":["Redo","Turbo","Barrage"],"picked":"SKIP","floor":20},{"not_picked":["Gash","Meteor Strike","Rebound+1"],"picked":"SKIP","floor":21},{"not_picked":["Compile Driver","Sweeping Beam"],"picked":"Cold Snap","floor":23},{"not_picked":["Skim","Stack","Reprogram+1"],"picked":"SKIP","floor":24},{"not_picked":["Recycle+1","Sweeping Beam","Fusion+1"],"picked":"SKIP","floor":25},{"not_picked":["Self Repair+1","Scrape","Redo"],"picked":"SKIP","floor":29},{"not_picked":["Leap+1","Beam Cell"],"picked":"Auto Shields+1","floor":30},{"not_picked":["Rip and Tear","Rebound"],"picked":"Cold Snap","floor":31},{"not_picked":["Multi-Cast","Fission"],"picked":"Biased Cognition+1","floor":33},{"not_picked":["Go for the Eyes+1","Steam"],"picked":"Ball Lightning+1","floor":35},{"not_picked":["Turbo+1","Steam+1"],"picked":"Coolheaded+1","floor":36},{"not_picked":["Reinforced Body","FTL+1"],"picked":"Consume+1","floor":37},{"not_picked":["Sweeping Beam+1","Chill+1"],"picked":"Skim","floor":39},{"not_picked":["Beam Cell","Redo+1"],"picked":"All For One","floor":40},{"not_picked":["Sweeping Beam+1","Steam","Fission"],"picked":"SKIP","floor":41},{"not_picked":["Redo","FTL+1"],"picked":"Consume+1","floor":46},{"not_picked":["Rebound+1","Steam+1","Streamline+1"],"picked":"SKIP","floor":47},{"not_picked":["Sweeping Beam","Genetic Algorithm"],"picked":"Cold Snap","floor":48},{"not_picked":["Gash+1","All For One"],"picked":"Static Discharge+1","floor":54}],"player_experience":1174821,"relics_obtained":[{"floor":7,"key":"Bag of Marbles"},{"floor":10,"key":"Frozen Egg 2"},{"floor":23,"key":"Mummified Hand"},{"floor":26,"key":"The Courier"},{"floor":36,"key":"Thread and Needle"},{"floor":40,"key":"Shovel"},{"floor":43,"key":"Tiny Chest"},{"floor":45,"key":"Omamori"},{"floor":48,"key":"Unceasing Top"},{"floor":54,"key":"Toxic Egg 2"}],"event_choices":[{"damage_healed":0,"gold_gain":0,"player_choice":"Grow","damage_taken":0,"max_hp_gain":0,"max_hp_loss":0,"event_name":"Living Wall","floor":4,"gold_loss":0,"cards_upgraded":["Zap"]},{"damage_healed":0,"gold_gain":0,"player_choice":"Fight","damage_taken":0,"max_hp_gain":0,"max_hp_loss":0,"event_name":"Colosseum","floor":19,"gold_loss":0},{"damage_healed":0,"gold_gain":0,"player_choice":"Fled From Nobs","damage_taken":0,"max_hp_gain":0,"max_hp_loss":0,"event_name":"Colosseum","floor":19,"gold_loss":0},{"damage_healed":25,"gold_gain":0,"player_choice":"Heal","damage_taken":0,"max_hp_gain":0,"max_hp_loss":0,"event_name":"The Library","floor":22,"gold_loss":0},{"damage_healed":0,"gold_gain":0,"player_choice":"Fight","damage_taken":0,"max_hp_gain":0,"max_hp_loss":0,"event_name":"MindBloom","floor":36,"gold_loss":0},{"damage_healed":0,"gold_gain":75,"player_choice":"Touch","damage_taken":7,"max_hp_gain":0,"max_hp_loss":0,"event_name":"FaceTrader","floor":44,"gold_loss":0}],"is_beta":false,"boss_relics":[{"not_picked":["White Beast Statue","Calling Bell"],"picked":"Sozu"},{"not_picked":["Eternal Feather","Cursed Key"],"picked":"Pandora\u0027s Box"}],"items_purged_floors":[38,53],"is_endless":false,"potions_floor_spawned":[1,7,8,11,16,20,23,24,31,35,37,39,41],"ascension_level":0}