{"gold_per_floor":[113,113,125,145,159,178,190,190,190,203,203,203,243,257,257,385,385,401,501,517,33,47,47,80,80,104,148,181,196,196,217,217,217],"floor_reached":33,"playtime":3699,"items_purged":[],"score":391,"play_id":"cc70f92d-4538-4f6c-a83a-6ac5232c2953","local_time":"20190131200858","is_ascension_mode":false,"campfire_choices":[{"data":"Die Die Die","floor":8,"key":"SMITH"},{"data":"Survivor","floor":12,"key":"SMITH"},{"data":"Neutralize","floor":15,"key":"SMITH"},{"data":"Acrobatics","floor":23,"key":"SMITH"},{"data":"Backstab","floor":25,"key":"SMITH"},{"floor":30,"key":"REST"},{"floor":32,"key":"REST"}],"neow_cost":"NONE","seed_source_timestamp":0,"circlet_count":0,"master_deck":["Defend_G","Defend_G","Defend_G","Defend_G","Defend_G","Strike_G","Strike_G","Strike_G","Strike_G","Strike_G","Survivor+1","Neutralize+1","Tools of the Trade","Flechettes","Backstab+1","Acrobatics+1","Tactician","Die Die Die+1","Masterful Stab","Choke","Injury","Underhanded Strike","Accuracy","Malaise+1","Outmaneuver+1","Deflect+1","Backstab","Panache","Prepared+1","Slice","Backflip+1","Infinite Blades","Slice+1","Well Laid Plans"],"special_seed":0,"relics":["Ring of the Snake","Happy Flower","Ninja Scroll","Golden Idol","Toxic Egg 2","WristBlade","Sling","Kunai","Lantern","Paper Crane","Red Mask"],"potions_floor_usage":[16,16,16,22,27,27],"damage_taken":[{"damage":1,"enemies":"Jaw Worm","floor":1,"turns":7},{"damage":0,"enemies":"Cultist","floor":3,"turns":3},{"damage":0,"enemies":"Small Slimes","floor":4,"turns":4},{"damage":8,"enemies":"Exordium Wildlife","floor":5,"turns":4},{"damage":0,"enemies":"Exordium Thugs","floor":6,"turns":5},{"damage":0,"enemies":"Blue Slaver","floor":7,"turns":3},{"damage":0,"enemies":"Looter","floor":10,"turns":1},{"damage":5,"enemies":"Gremlin Nob","floor":13,"turns":3},{"damage":0,"enemies":"Exordium Wildlife","floor":14,"turns":1},{"damage":55,"enemies":"Slime Boss","floor":16,"turns":11},{"damage":0,"enemies":"Chosen","floor":18,"turns":3},{"damage":4,"enemies":"2 Thieves","floor":20,"turns":4},{"damage":1,"enemies":"Centurion and Healer","floor":22,"turns":4},{"damage":16,"enemies":"Gremlin Leader","floor":24,"turns":4},{"damage":36,"enemies":"Book of Stabbing","floor":27,"turns":5},{"damage":0,"enemies":"Masked Bandits","floor":28,"turns":3},{"damage":0,"enemies":"Snecko","floor":29,"turns":2},{"damage":3,"enemies":"Shelled Parasite and Fungi","floor":31,"turns":2},{"damage":55,"enemies":"Automaton","floor":33,"turns":8}],"seed_played":"-2582301052166350148","potions_obtained":[{"floor":4,"key":"Poison Potion"},{"floor":5,"key":"LiquidBronze"},{"floor":7,"key":"Regen Potion"},{"floor":10,"key":"PowerPotion"},{"floor":20,"key":"SteroidPotion"},{"floor":22,"key":"AttackPotion"},{"floor":24,"key":"EssenceOfSteel"}],"is_trial":false,"path_per_floor":["M","?","M","M","M","M","M","R","T","M","?","R","E","M","R","B",null,"M","?","M","$","M","R","E","R","T","E","?","M","R","M","R","B"],"character_chosen":"THE_SILENT","items_purchased":["Sling","Backstab","Panache","Prepared+1"],"campfire_rested":2,"item_purchase_floors":[21,21,21,21],"current_hp_per_floor":[69,66,66,66,58,58,58,58,58,58,58,58,53,53,53,12,70,70,70,66,66,65,65,49,49,49,13,13,13,34,31,52,0],"gold":217,"neow_bonus":"ONE_RANDOM_RARE_CARD","is_prod":false,"is_daily":false,"chose_seed":false,"campfire_upgraded":5,"win_rate":0,"timestamp":1548961738,"path_taken":["M","?","M","M","M","M","M","R","T","M","?","R","E","M","R","BOSS","M","?","?","$","M","R","E","R","T","E","?","M","R","M","R","BOSS"],"build_version":"2019-01-23","purchased_purges":0,"victory":false,"max_hp_per_floor":[70,70,70,70,70,70,70,70,70,70,70,70,70,70,70,70,70,70,70,70,70,70,70,70,70,70,70,70,70,70,70,70,70],"card_choices":[{"not_picked":["Poisoned Stab","Bouncing Flask"],"picked":"Flechettes","floor":1},{"not_picked":["Concentrate","Calculated Gamble"],"picked":"Backstab","floor":3},{"not_picked":["Poisoned Stab","Crippling Poison"],"picked":"Acrobatics","floor":4},{"not_picked":["Blade Dance","Backflip"],"picked":"Tactician","floor":5},{"not_picked":["Dodge and Roll","Calculated Gamble"],"picked":"Die Die Die","floor":6},{"not_picked":["Dodge and Roll","Prepared"],"picked":"Masterful Stab","floor":7},{"not_picked":["Setup","Dagger Spray"],"picked":"Choke","floor":10},{"not_picked":["Quick Slash","Prepared"],"picked":"Underhanded Strike","floor":13},{"not_picked":["Endless Agony","Heel Hook"],"picked":"Accuracy","floor":14},{"not_picked":["Glass Knife","Storm of Steel+1"],"picked":"Malaise+1","floor":16},{"not_picked":["Dagger Throw+1","Flying Knee"],"picked":"Outmaneuver+1","floor":18},{"not_picked":["Dodge and Roll+1","All Out Attack"],"picked":"Deflect+1","floor":20},{"not_picked":["Deadly Poison+1","Quick Slash"],"picked":"Slice","floor":22},{"not_picked":["Phantasmal Killer+1","Deadly Poison+1"],"picked":"Backflip+1","floor":24},{"not_picked":["Poisoned Stab","Deadly Poison+1"],"picked":"Infinite Blades","floor":27},{"not_picked":["Flechettes","Flying Knee"],"picked":"Slice+1","floor":28},{"not_picked":["Outmaneuver+1","Deflect+1","Flying Knee"],"picked":"SKIP","floor":29},{"not_picked":["Acrobatics+1","Poisoned Stab"],"picked":"Well Laid Plans","floor":31}],"player_experience":107907,"relics_obtained":[{"floor":9,"key":"Ninja Scroll"},{"floor":13,"key":"Toxic Egg 2"},{"floor":24,"key":"Kunai"},{"floor":26,"key":"Lantern"},{"floor":27,"key":"Paper Crane"},{"floor":28,"key":"Red Mask"}],"event_choices":[{"damage_healed":0,"gold_gain":0,"player_choice":"Success","damage_taken":3,"relics_obtained":["Happy Flower"],"max_hp_gain":0,"max_hp_loss":0,"event_name":"Scrap Ooze","floor":2,"gold_loss":0},{"damage_healed":0,"gold_gain":0,"player_choice":"Take Wound","damage_taken":0,"relics_obtained":["Golden Idol"],"max_hp_gain":0,"max_hp_loss":0,"event_name":"Golden Idol","floor":11,"gold_loss":0,"cards_obtained":["Injury"]},{"damage_healed":0,"gold_gain":100,"player_choice":"Pray","damage_taken":0,"max_hp_gain":0,"max_hp_loss":0,"event_name":"Golden Shrine","floor":19,"gold_loss":0},{"damage_healed":0,"gold_gain":0,"player_choice":"Fought Bandits","damage_taken":0,"max_hp_gain":0,"max_hp_loss":0,"event_name":"Masked Bandits","floor":28,"gold_loss":0}],"is_beta":false,"boss_relics":[{"not_picked":["Cursed Key","Coffee Dripper"],"picked":"WristBlade"}],"items_purged_floors":[],"is_endless":false,"potions_floor_spawned":[4,5,7,10,13,20,22,24],"killed_by":"Automaton","ascension_level":0}