{"gold_per_floor":[109,120,132,150,168,199,123,149,149,149,176,204,204,221,221,322,322,341,245,255,282,127,127,145,145,145,159,159,188,105,105,105,209,209,222,17,33,33,52,52,52,77,129,139,51,51,70,87,87,87],"floor_reached":51,"playtime":2439,"items_purged":["Strike_B","Strike_B","Strike_B","Strike_B","Defend_B","Defend_B"],"score":910,"play_id":"d7e22e70-7b23-4fe7-a05a-63e8e5bfd565","local_time":"20180927205348","is_ascension_mode":true,"campfire_choices":[{"floor":10,"key":"REST"},{"floor":15,"key":"REST"},{"data":"Loop","floor":23,"key":"SMITH"},{"floor":25,"key":"REST"},{"floor":28,"key":"REST"},{"data":"Defragment","floor":32,"key":"SMITH"},{"data":"Dualcast","floor":40,"key":"SMITH"},{"data":"Hologram","floor":41,"key":"SMITH"},{"floor":49,"key":"REST"}],"neow_cost":"TEN_PERCENT_HP_LOSS","seed_source_timestamp":359563803356522,"circlet_count":0,"master_deck":["Defend_B","Zap","Dualcast+1","All For One","Leap","Hologram+1","Darkness","Gash","Undo","Steam","Go for the Eyes","Beam Cell","Lockon","Reboot+1","Defragment+1","Gash","Gash","Loop+1","Madness+1","Reinforced Body+1","Darkness+1","All For One","Scrape","Echo Form","Madness+1","Madness+1","Defragment","Reinforced Body+1","Stack+1"],"relics":["Cracked Core","Smiling Mask","Mercury Hourglass","Pear","WingedGreaves","Odd Mushroom","Toxic Egg 2","Nuclear Battery","Red Mask","Symbiotic Virus","Bottled Lightning","Sozu","DataDisk","Dream Catcher","Omamori"],"potions_floor_usage":[6,16,21,33],"damage_taken":[{"damage":0,"enemies":"Cultist","floor":1,"turns":3},{"damage":0,"enemies":"Jaw Worm","floor":2,"turns":3},{"damage":0,"enemies":"Small Slimes","floor":3,"turns":3},{"damage":12,"enemies":"Blue Slaver","floor":4,"turns":4},{"damage":10,"enemies":"Large Slime","floor":5,"turns":4},{"damage":20,"enemies":"3 Sentries","floor":6,"turns":7},{"damage":17,"enemies":"Gremlin Nob","floor":8,"turns":4},{"damage":15,"enemies":"Lagavulin","floor":11,"turns":6},{"damage":13,"enemies":"The Mushroom Lair","floor":12,"turns":4},{"damage":4,"enemies":"Exordium Wildlife","floor":14,"turns":4},{"damage":13,"enemies":"The Guardian","floor":16,"turns":13},{"damage":3,"enemies":"Chosen","floor":18,"turns":3},{"damage":13,"enemies":"3 Byrds","floor":20,"turns":5},{"damage":18,"enemies":"Masked Bandits","floor":21,"turns":3},{"damage":16,"enemies":"Centurion and Healer","floor":24,"turns":5},{"damage":2,"enemies":"Cultist and Chosen","floor":27,"turns":5},{"damage":22,"enemies":"Slavers","floor":29,"turns":4},{"damage":24,"enemies":"Champ","floor":33,"turns":6},{"damage":5,"enemies":"3 Darklings","floor":35,"turns":4},{"damage":0,"enemies":"Orb Walker","floor":37,"turns":3},{"damage":3,"enemies":"Maw","floor":39,"turns":4},{"damage":0,"enemies":"Giant Head","floor":42,"turns":5},{"damage":18,"enemies":"Sphere and 2 Shapes","floor":44,"turns":4},{"damage":10,"enemies":"4 Shapes","floor":47,"turns":4},{"damage":2,"enemies":"Transient","floor":48,"turns":5},{"damage":21,"enemies":"Donu and Deca","floor":50,"turns":3}],"seed_played":"6719965780950749090","potions_obtained":[{"floor":2,"key":"LiquidBronze"},{"floor":6,"key":"Dexterity Potion"},{"floor":11,"key":"Fire Potion"},{"floor":12,"key":"Weak Potion"},{"floor":21,"key":"SpeedPotion"},{"floor":24,"key":"SpeedPotion"}],"is_trial":false,"path_per_floor":["M","M","M","M","M","E","$","E","T","R","E","?","T","M","R","B",null,"M","$","M","?","$","R","M","R","T","M","R","E","$","?","R","B",null,"M","$","M","?","M","R","R","E","T","M","$","?","M","M","R","B"],"character_chosen":"DEFECT","items_purchased":["Steam","Gash","Madness+1","Scrape","DataDisk","Reinforced Body+1"],"campfire_rested":5,"item_purchase_floors":[7,19,22,30,36,45],"current_hp_per_floor":[68,68,68,56,46,26,26,9,19,42,27,14,14,10,33,20,78,75,75,62,44,44,44,28,51,51,49,72,50,50,50,50,26,78,73,73,73,63,60,60,60,60,60,42,42,42,32,30,53,32],"gold":87,"neow_bonus":"THREE_RARE_CARDS","is_prod":false,"is_daily":false,"chose_seed":false,"campfire_upgraded":4,"win_rate":0,"timestamp":1538096028,"path_taken":["M","M","M","?","M","E","$","E","T","R","E","?","?","M","R","BOSS","M","$","M","?","$","R","M","R","T","M","R","E","$","?","R","BOSS","M","$","M","?","M","R","R","E","T","?","$","?","?","M","R","BOSS"],"build_version":"2018-09-20","purchased_purges":6,"victory":true,"max_hp_per_floor":[68,68,68,68,68,68,68,68,78,78,78,78,78,78,78,78,78,78,78,78,78,78,78,78,78,78,78,78,78,78,78,78,78,78,78,78,78,78,78,78,78,78,78,78,78,78,78,78,78,78],"card_choices":[{"not_picked":["Creative AI","Meteor Strike"],"picked":"All For One","floor":0},{"not_picked":["Redo","Static Discharge"],"picked":"Leap","floor":1},{"not_picked":["Recycle","Redo"],"picked":"Hologram","floor":2},{"not_picked":["Turbo","Steam"],"picked":"Darkness","floor":3},{"not_picked":["Glacier","Barrage"],"picked":"Gash","floor":4},{"not_picked":["Rip and Tear","Hologram","Stack"],"picked":"SKIP","floor":5},{"not_picked":["Hologram","Barrage"],"picked":"Undo","floor":6},{"not_picked":["Core Surge","Storm"],"picked":"Go for the Eyes","floor":8},{"not_picked":["Sweeping Beam","Aggregate","Ball Lightning"],"picked":"SKIP","floor":11},{"not_picked":["Barrage","Steam"],"picked":"Beam Cell","floor":12},{"not_picked":["Force Field+1","Compile Driver"],"picked":"Lockon","floor":14},{"not_picked":["Core Surge","Meteor Strike"],"picked":"Reboot+1","floor":16},{"not_picked":["Double Energy+1","Hologram+1"],"picked":"Defragment","floor":18},{"not_picked":["Go for the Eyes","Double Energy+1"],"picked":"Gash","floor":20},{"not_picked":["Coolheaded+1","Rebound"],"picked":"Loop","floor":21},{"not_picked":["Cold Snap+1","Conserve Battery+1"],"picked":"Reinforced Body+1","floor":24},{"not_picked":["Go for the Eyes","Tempest+1"],"picked":"Darkness+1","floor":27},{"not_picked":["Melter","FTL"],"picked":"All For One","floor":29},{"not_picked":["Creative AI","Biased Cognition"],"picked":"Echo Form","floor":33},{"not_picked":["Tempest+1","Fusion+1","Ball Lightning"],"picked":"SKIP","floor":35},{"not_picked":["Turbo+1","Compile Driver+1","Genetic Algorithm+1"],"picked":"SKIP","floor":37},{"not_picked":["Reinforced Body+1","Streamline+1","FTL"],"picked":"SKIP","floor":39},{"not_picked":["Sunder+1","Melter","Echo Form"],"picked":"SKIP","floor":42},{"not_picked":["Self Repair+1","Sweeping Beam"],"picked":"Defragment","floor":44},{"not_picked":["Tempest+1","Steam+1","Coolheaded+1"],"picked":"SKIP","floor":47},{"not_picked":["Ball Lightning+1","Undo+1","Barrage+1"],"picked":"SKIP","floor":48},{"not_picked":["Chaos+1","Fusion+1"],"picked":"Stack+1","floor":49}],"player_experience":609211,"relics_obtained":[{"floor":6,"key":"Smiling Mask"},{"floor":8,"key":"Mercury Hourglass"},{"floor":9,"key":"Pear"},{"floor":11,"key":"WingedGreaves"},{"floor":12,"key":"Odd Mushroom"},{"floor":13,"key":"Toxic Egg 2"},{"floor":21,"key":"Red Mask"},{"floor":26,"key":"Symbiotic Virus"},{"floor":29,"key":"Bottled Lightning"},{"floor":42,"key":"Dream Catcher"},{"floor":43,"key":"Omamori"}],"event_choices":[{"event_name":"Mushrooms","player_choice":"Fought Mushrooms","floor":12,"damage_taken":0},{"event_name":"Masked Bandits","player_choice":"Fought Bandits","floor":21,"damage_taken":0},{"event_name":"Back to Basics","player_choice":"Elegance","floor":31,"damage_taken":0},{"event_name":"Winding Halls","player_choice":"Embrace Madness","floor":38,"damage_taken":0},{"event_name":"Mysterious Sphere","player_choice":"Ignore","floor":46,"damage_taken":0}],"is_beta":false,"boss_relics":[{"not_picked":["Fusion Hammer","Inserter"],"picked":"Nuclear Battery"},{"not_picked":["Eternal Feather","Pandora\u0027s Box"],"picked":"Sozu"}],"items_purged_floors":[7,19,22,30,36,45],"is_endless":false,"potions_floor_spawned":[2,6,11,12,21,24,27,37,44,47],"ascension_level":4}