{"path_per_floor":["M","M","M","M","M","R","M","R","T","E","R","?","M","?","R","B",null,"M","?","?","?","?","R","M","R","T","E","$","$","M","M","R","B",null,"M","$","?","?","M","R","M","R","T","R","M","?","M","M","R"],"character_chosen":"IRONCLAD","items_purchased":["Lee\u0027s Waffle","Feel No Pain","Feel No Pain"],"gold_per_floor":[110,129,140,153,173,173,183,183,183,213,213,213,233,258,258,363,363,380,380,380,380,295,295,309,309,385,420,74,74,93,105,105,205,205,224,88,88,0,13,13,26,26,26,26,37,37,47,64,64,64],"floor_reached":50,"campfire_rested":1,"playtime":4605,"current_hp_per_floor":[71,67,60,56,50,50,50,50,50,44,44,44,50,39,39,15,58,59,59,59,46,46,46,43,50,50,29,91,91,91,89,89,41,79,40,40,40,40,22,22,20,20,20,46,12,12,14,76,76,0],"items_purged":["Pain","Clumsy"],"gold":64,"score":721,"play_id":"669f1aa6-ddb9-458b-a7a8-d0c18a692898","local_time":"20180505180327","is_prod":false,"is_daily":false,"chose_seed":false,"is_ascension_mode":true,"campfire_upgraded":5,"timestamp":1525557807,"path_taken":["M","M","M","?","M","R","M","R","T","E","R","?","?","?","R","BOSS","M","?","?","?","?","R","M","R","T","E","?","$","M","M","R","BOSS","M","$","?","?","M","R","M","R","T","R","M","?","?","M","R","BOSS"],"build_version":"2018-05-03","seed_source_timestamp":326028838520697,"purchased_purges":2,"victory":false,"master_deck":["Strike_R","Strike_R","Strike_R","Defend_R","Defend_R","Defend_R","Defend_R","Bash","AscendersBane","Blood for Blood+1","Metallicize","Whirlwind+1","Sever Soul+1","True Grit+1","Disarm","Flame Barrier+1","Impervious","Headbutt","Battle Trance","Offering","Pommel Strike","Offering","Havoc+1","Reaper","Feel No Pain","Armaments+1","Seeing Red","Demon Form","Feel No Pain","Feel No Pain","Shrug It Off","Feel No Pain+1","Reckless Charge+1","Rupture+1"],"max_hp_per_floor":[72,72,72,72,72,72,72,72,72,72,72,72,72,72,72,72,72,72,72,72,77,77,77,77,84,84,84,91,91,91,91,91,91,91,91,91,88,88,88,88,88,88,88,88,88,88,88,88,88,88],"relics":["Burning Blood","Prayer Wheel","Question Card","Odd Mushroom","Calling Bell","Omamori","Paper Frog","Shovel","Oddly Smooth Stone","Ornamental Fan","Strawberry","Darkstone Periapt","Art of War","Lee\u0027s Waffle","Philosopher\u0027s Stone","Red Mask","Lantern","Happy Flower","Red Skull","Torii"],"card_choices":[{"not_picked":["Heavy Blade","Spot Weakness"],"picked":"Whirlwind","floor":1},{"not_picked":["Wild Strike","Dual Wield"],"picked":"Sever Soul","floor":2},{"not_picked":["Rage","Armaments"],"picked":"True Grit","floor":3},{"not_picked":["Dual Wield","Thunderclap"],"picked":"Disarm","floor":4},{"not_picked":["Rage","Perfected Strike"],"picked":"Flame Barrier","floor":7},{"not_picked":["Heavy Blade","Shockwave"],"picked":"Impervious","floor":10},{"not_picked":["Anger","Thunderclap","Clash"],"picked":"Headbutt","floor":13},{"not_picked":["Clash","Feed","Intimidate"],"picked":"Battle Trance","floor":14},{"not_picked":["Feed","Juggernaut","Brutality"],"picked":"Offering","floor":16},{"not_picked":["Havoc","Clash","Hemokinesis"],"picked":"Pommel Strike","floor":18},{"not_picked":["Pommel Strike","Armaments","True Grit"],"picked":"Havoc","floor":24},{"not_picked":["Carnage","Headbutt","Perfected Strike"],"picked":"Reaper","floor":27},{"not_picked":["Bloodletting","Havoc","Clothesline"],"picked":"Armaments","floor":30},{"not_picked":["Heavy Blade","Anger","Infernal Blade"],"picked":"Seeing Red","floor":31},{"not_picked":["Impervious","Feed","Reaper"],"picked":"Demon Form","floor":33},{"not_picked":["Sword Boomerang","Perfected Strike","True Grit"],"picked":"Feel No Pain","floor":35},{"not_picked":["Heavy Blade","Ghostly Armor","Inflame"],"picked":"Shrug It Off","floor":41},{"not_picked":["Cleave","Burning Pact","Flex"],"picked":"Feel No Pain","floor":43},{"not_picked":["Clash","Havoc","Hemokinesis"],"picked":"Reckless Charge","floor":45},{"not_picked":["Feed","Shrug It Off","Heavy Blade"],"picked":"Rupture","floor":47}],"player_experience":504211,"potions_floor_usage":[5,16,16,27,33,41,41,47,48],"damage_taken":[{"damage":7,"enemies":"Cultist","floor":1,"turns":4},{"damage":10,"enemies":"Small Slimes","floor":2,"turns":3},{"damage":13,"enemies":"Jaw Worm","floor":3,"turns":4},{"damage":10,"enemies":"2 Fungi Beasts","floor":4,"turns":4},{"damage":12,"enemies":"Gremlin Gang","floor":5,"turns":6},{"damage":6,"enemies":"Looter","floor":7,"turns":3},{"damage":12,"enemies":"3 Sentries","floor":10,"turns":4},{"damage":0,"enemies":"Large Slime","floor":13,"turns":6},{"damage":17,"enemies":"The Mushroom Lair","floor":14,"turns":3},{"damage":30,"enemies":"Slime Boss","floor":16,"turns":10},{"damage":5,"enemies":"3 Byrds","floor":18,"turns":3},{"damage":9,"enemies":"Chosen","floor":24,"turns":4},{"damage":27,"enemies":"Book of Stabbing","floor":27,"turns":6},{"damage":8,"enemies":"Centurion and Healer","floor":30,"turns":6},{"damage":8,"enemies":"Sentry and Sphere","floor":31,"turns":1},{"damage":54,"enemies":"Champ","floor":33,"turns":17},{"damage":45,"enemies":"3 Darklings","floor":35,"turns":14},{"damage":24,"enemies":"Orb Walker","floor":39,"turns":4},{"damage":8,"enemies":"4 Shapes","floor":41,"turns":5},{"damage":43,"enemies":"Sphere and 2 Shapes","floor":45,"turns":6},{"damage":11,"enemies":"Maw","floor":47,"turns":8},{"damage":22,"enemies":"4 Shapes","floor":48,"turns":17},{"damage":94,"enemies":"Time Eater","floor":50,"turns":9}],"event_choices":[{"event_name":"Upgrade Shrine","player_choice":"Upgraded","floor":12,"damage_taken":0},{"event_name":"Mushrooms","player_choice":"Fought Mushrooms","floor":14,"damage_taken":0},{"event_name":"Drug Dealer","player_choice":"Ignored","floor":19,"damage_taken":0},{"event_name":"Duplicator","player_choice":"One dupe","floor":20,"damage_taken":0},{"event_name":"Forgotten Altar","player_choice":"Shed Blood","floor":21,"damage_taken":0},{"event_name":"Addict","player_choice":"Obtained Relic","floor":22,"damage_taken":0},{"event_name":"Fountain of Cleansing","player_choice":"Removed Curse","floor":37,"damage_taken":0},{"event_name":"Tomb of Lord Red Mask","player_choice":"Paid","floor":38,"damage_taken":0},{"event_name":"Mysterious Sphere","player_choice":"Ignore","floor":46,"damage_taken":0}],"boss_relics":[{"not_picked":["Pandora\u0027s Box","Lizard Tail"],"picked":"Calling Bell"},{"not_picked":["Runic Cube","Eternal Feather"],"picked":"Philosopher\u0027s Stone"}],"potions_floor_spawned":[2,4,5,7,13,27,30,31,35,45,47,48],"seed_played":"-1135701402429549431","killed_by":"Time Eater","ascension_level":10,"is_trial":false}