{"gold_per_floor":[110,123,143,143,158,158,183,199,199,199,91,109,109,125,125,227,277,289,304,67,67,90,122,122,137,164,164,84,84,84,95,95,191,191,204,204,204,104,124,149,149,149,149,149,162,46,77,15,15,15],"floor_reached":51,"playtime":3358,"items_purged":["Strike_R","Strike_R","Strike_R+1"],"score":1087,"play_id":"62bac835-2642-4f2e-9638-ba1a83808dd5","local_time":"20190222171655","is_ascension_mode":true,"campfire_choices":[{"data":"True Grit","floor":6,"key":"SMITH"},{"data":"Rampage","floor":10,"key":"SMITH"},{"data":"Whirlwind","floor":13,"key":"SMITH"},{"data":"Bash","floor":15,"key":"SMITH"},{"data":"Battle Trance","floor":24,"key":"SMITH"},{"data":"True Grit","floor":27,"key":"SMITH"},{"data":"Flame Barrier","floor":29,"key":"SMITH"},{"data":"Barricade","floor":32,"key":"SMITH"},{"floor":42,"key":"REST"},{"floor":49,"key":"REST"}],"neow_cost":"NONE","seed_source_timestamp":154533145122708,"circlet_count":0,"master_deck":["Strike_R+1","Strike_R+1","Defend_R+1","Defend_R+1","Defend_R+1","Defend_R+1","Bash+1","True Grit+1","Reaper","Iron Wave","Heavy Blade","Rampage+1","Whirlwind+1","Offering","Flame Barrier+1","Shrug It Off","Shrug It Off+1","Offering","Barricade+1","J.A.X.+1","Battle Trance+1","True Grit+1","Exhume","Seeing Red+1","Flash of Steel","Body Slam+1","Madness","Madness"],"relics":["Burning Blood","Thread and Needle","Sundial","Tiny House","Orichalcum","The Courier","Bag of Marbles","Fusion Hammer","Strawberry","Mummified Hand","Oddly Smooth Stone","Pear"],"potions_floor_usage":[7,12,16,16,18,18,33,33,33,50,50],"damage_taken":[{"damage":7,"enemies":"Jaw Worm","floor":1,"turns":3},{"damage":6,"enemies":"Cultist","floor":2,"turns":3},{"damage":0,"enemies":"2 Louse","floor":3,"turns":3},{"damage":1,"enemies":"Exordium Wildlife","floor":5,"turns":3},{"damage":21,"enemies":"3 Sentries","floor":7,"turns":11},{"damage":34,"enemies":"Large Slime","floor":8,"turns":7},{"damage":0,"enemies":"3 Louse","floor":12,"turns":3},{"damage":6,"enemies":"Exordium Wildlife","floor":14,"turns":2},{"damage":34,"enemies":"Hexaghost","floor":16,"turns":9},{"damage":23,"enemies":"Shell Parasite","floor":18,"turns":4},{"damage":6,"enemies":"3 Byrds","floor":19,"turns":3},{"damage":45,"enemies":"Slavers","floor":23,"turns":5},{"damage":12,"enemies":"3 Cultists","floor":25,"turns":2},{"damage":9,"enemies":"Chosen and Byrds","floor":31,"turns":3},{"damage":18,"enemies":"Collector","floor":33,"turns":8},{"damage":6,"enemies":"Orb Walker","floor":35,"turns":3},{"damage":22,"enemies":"3 Shapes","floor":39,"turns":8},{"damage":18,"enemies":"Giant Head","floor":40,"turns":5},{"damage":35,"enemies":"Jaw Worm Horde","floor":45,"turns":5},{"damage":18,"enemies":"Reptomancer","floor":47,"turns":8},{"damage":79,"enemies":"Awakened One","floor":50,"turns":15}],"seed_played":"4036028678317719079","potions_obtained":[{"floor":0,"key":"Ancient Potion"},{"floor":0,"key":"Fire Potion"},{"floor":0,"key":"FearPotion"},{"floor":1,"key":"Weak Potion"},{"floor":7,"key":"SpeedPotion"},{"floor":12,"key":"AttackPotion"},{"floor":17,"key":"GamblersBrew"},{"floor":23,"key":"Energy Potion"},{"floor":25,"key":"Energy Potion"},{"floor":31,"key":"FearPotion"},{"floor":45,"key":"Fire Potion"},{"floor":47,"key":"BloodPotion"}],"is_trial":false,"path_per_floor":["M","M","M","?","M","R","E","M","T","R","$","M","R","M","R","B",null,"M","M","$","?","T","E","R","M","T","R","$","R","?","M","R","B",null,"M","?","?","$","M","E","?","R","T","?","M","$","E","$","R","B",null],"character_chosen":"IRONCLAD","items_purchased":["Whirlwind","Offering","Barricade","Oddly Smooth Stone","Ancient Potion"],"campfire_rested":2,"item_purchase_floors":[11,20,20,46,48],"current_hp_per_floor":[71,71,80,80,80,80,73,45,45,45,45,63,63,63,63,41,75,58,64,64,64,64,43,43,49,49,49,49,49,49,46,46,62,79,79,79,79,79,71,66,54,81,81,81,59,59,77,77,102,55],"gold":15,"neow_bonus":"THREE_SMALL_POTIONS","is_prod":false,"is_daily":false,"chose_seed":false,"campfire_upgraded":8,"win_rate":0,"timestamp":1550873815,"path_taken":["M","M","M","?","M","R","E","M","T","R","$","M","R","M","R","BOSS","M","?","$","?","?","E","R","M","T","R","$","R","?","M","R","BOSS","M","?","?","?","?","E","?","R","T","?","?","$","E","$","R","BOSS"],"build_version":"2019-01-23","purchased_purges":3,"victory":true,"max_hp_per_floor":[80,80,80,80,80,80,80,80,80,80,80,80,80,80,80,80,85,85,85,85,85,85,85,85,85,85,85,85,85,85,85,85,85,85,85,85,85,85,85,92,92,92,92,92,92,92,102,102,102,102],"card_choices":[{"not_picked":["Sword Boomerang","Thunderclap"],"picked":"True Grit","floor":1},{"not_picked":["Sword Boomerang","Perfected Strike"],"picked":"Reaper","floor":2},{"not_picked":["Body Slam","Havoc"],"picked":"Evolve","floor":3},{"not_picked":["Dropkick","Body Slam","Clash"],"picked":"SKIP","floor":5},{"not_picked":["Infernal Blade","Body Slam"],"picked":"Heavy Blade","floor":7},{"not_picked":["Twin Strike","Anger"],"picked":"Rampage","floor":8},{"not_picked":["Headbutt","Corruption"],"picked":"Offering","floor":12},{"not_picked":["Clothesline","Evolve","Havoc"],"picked":"SKIP","floor":14},{"not_picked":["Berserk","Reaper"],"picked":"Double Tap","floor":16},{"not_picked":["Sword Boomerang","Cleave"],"picked":"Flame Barrier","floor":17},{"not_picked":["Warcry","Flame Barrier"],"picked":"Shrug It Off","floor":18},{"not_picked":["Anger+1","Burning Pact+1"],"picked":"Shrug It Off+1","floor":19},{"not_picked":["Wild Strike","Flame Barrier"],"picked":"Battle Trance","floor":23},{"not_picked":["Seeing Red","Sword Boomerang"],"picked":"True Grit","floor":25},{"not_picked":["Intimidate+1","Sword Boomerang","Battle Trance"],"picked":"SKIP","floor":31},{"not_picked":["Immolate","Dark Embrace"],"picked":"Exhume","floor":33},{"not_picked":["Thunderclap+1","Sword Boomerang"],"picked":"Seeing Red+1","floor":35},{"not_picked":["Master of Strategy","Enlightenment"],"picked":"Flash of Steel","floor":37},{"not_picked":["Cleave+1","Armaments+1"],"picked":"Body Slam+1","floor":39},{"not_picked":["Warcry","Cleave","Berserk"],"picked":"SKIP","floor":40},{"not_picked":["Sword Boomerang+1","Cleave+1","Twin Strike+1"],"picked":"SKIP","floor":45},{"not_picked":["Iron Wave","Headbutt","Wild Strike"],"picked":"SKIP","floor":47}],"player_experience":664344,"relics_obtained":[{"floor":7,"key":"Thread and Needle"},{"floor":9,"key":"Sundial"},{"floor":22,"key":"Orichalcum"},{"floor":23,"key":"The Courier"},{"floor":26,"key":"Bag of Marbles"},{"floor":40,"key":"Strawberry"},{"floor":43,"key":"Mummified Hand"},{"floor":47,"key":"Pear"}],"event_choices":[{"cards_removed":["Evolve"],"damage_healed":0,"gold_gain":0,"player_choice":"Took Card","damage_taken":0,"max_hp_gain":0,"max_hp_loss":0,"event_name":"NoteForYourself","floor":4,"gold_loss":0,"cards_obtained":["Iron Wave"]},{"damage_healed":0,"gold_gain":0,"player_choice":"Obtain J.A.X.","damage_taken":0,"max_hp_gain":0,"max_hp_loss":0,"event_name":"Drug Dealer","floor":21,"gold_loss":0,"cards_obtained":["J.A.X."]},{"damage_healed":0,"gold_gain":0,"player_choice":"Simplicity","damage_taken":0,"max_hp_gain":0,"max_hp_loss":0,"event_name":"Back to Basics","floor":30,"gold_loss":0,"cards_upgraded":["Strike_R","Strike_R","Strike_R","Defend_R","Defend_R","Defend_R"]},{"cards_removed":["Double Tap"],"damage_healed":0,"gold_gain":0,"player_choice":"Removed Skill","damage_taken":0,"max_hp_gain":0,"max_hp_loss":0,"event_name":"Falling","floor":36,"gold_loss":0},{"damage_healed":0,"gold_gain":0,"player_choice":"Memory 1","damage_taken":0,"max_hp_gain":0,"max_hp_loss":0,"event_name":"SensoryStone","floor":37,"gold_loss":0},{"damage_healed":0,"gold_gain":0,"player_choice":"Embrace Madness","damage_taken":12,"max_hp_gain":0,"max_hp_loss":0,"event_name":"Winding Halls","floor":41,"gold_loss":0,"cards_obtained":["Madness","Madness"]},{"damage_healed":0,"gold_gain":0,"player_choice":"Forge","damage_taken":0,"max_hp_gain":0,"max_hp_loss":0,"event_name":"Accursed Blacksmith","floor":44,"gold_loss":0,"cards_upgraded":["J.A.X."]}],"is_beta":false,"boss_relics":[{"not_picked":["Runic Cube","Runic Dome"],"picked":"Tiny House"},{"not_picked":["Calling Bell","Runic Pyramid"],"picked":"Fusion Hammer"}],"items_purged_floors":[11,28,38],"is_endless":false,"potions_floor_spawned":[1,7,12,14,23,25,31,45,47],"ascension_level":6}