{"path_per_floor":["M","M","M","$","M","R","M","?","T","E","R","?","E","M","R","B",null,"M","M","M","$","?","M","R","M","T","E","T","M","M","M","R","B",null,"M","$","M","$","M","R","M","M","T","R","?","R","M","M","R","B"],"character_chosen":"DEFECT","items_purchased":["Apotheosis","Streamline","Steam","Vajra","Skim","Shovel"],"gold_per_floor":[368,385,401,24,37,37,57,57,57,85,85,85,116,135,135,239,239,256,273,288,18,18,32,32,51,104,133,133,147,165,181,181,277,277,293,0,11,11,22,22,37,37,37,37,0,0,19,32,32,32],"floor_reached":51,"campfire_rested":1,"playtime":4048,"current_hp_per_floor":[65,65,65,65,60,60,60,60,60,50,50,36,45,45,45,21,68,55,39,45,45,45,26,46,53,53,43,43,49,59,71,71,44,72,73,73,64,64,76,76,75,75,75,75,75,75,75,78,78,37],"items_purged":["Strike_B","Strike_B"],"gold":32,"score":733,"play_id":"ed36d7cd-d094-4e96-8367-2c1004929609","local_time":"20180518013607","is_prod":false,"is_daily":false,"chose_seed":false,"is_ascension_mode":true,"campfire_upgraded":4,"timestamp":1526621767,"campfire_choices":[{"data":"Apotheosis","floor":6,"key":"SMITH"},{"data":"Hologram","floor":11,"key":"SMITH"},{"data":"Capacitor","floor":15,"key":"SMITH"},{"floor":24,"key":"REST"},{"data":"Hologram","floor":32,"key":"SMITH"},{"floor":40,"key":"DIG"},{"floor":44,"key":"DIG"},{"floor":46,"key":"DIG"},{"floor":49,"key":"DIG"}],"path_taken":["M","M","M","$","M","R","M","?","T","E","R","?","E","M","R","BOSS","M","M","M","$","?","?","R","M","T","E","?","M","M","M","R","BOSS","M","$","M","$","M","R","M","M","T","R","?","R","?","M","R","BOSS"],"build_version":"2018-05-17","seed_source_timestamp":760999310097260,"purchased_purges":2,"victory":true,"master_deck":["Strike_B","Strike_B+1","Defend_B","Defend_B+1","Defend_B","Defend_B","Zap","Dualcast","Hologram+1","Sweeping Beam","Conserve Battery+1","Apotheosis+1","Streamline","Steam","Self Repair+1","Capacitor+1","Ball Lightning","Go for the Eyes","Reprogram+1","Steam","Scrape","Skim","Leap","Reinforced Body","Hologram+1","Multi-Cast","Streamline+1","Fusion","Coolheaded+1"],"max_hp_per_floor":[68,68,68,68,68,68,68,68,68,68,68,68,68,68,68,68,68,68,68,68,68,68,68,68,68,68,68,68,70,70,72,72,72,72,74,74,74,74,76,76,76,76,76,76,76,76,78,78,78,78],"relics":["Cracked Core","Letter Opener","Matryoshka","Frozen Egg 2","Nuclear Battery","Vajra","DataDisk","Tiny Chest","Dream Catcher","Singing Bowl","Toolbox","Cursed Key","Shovel","Unceasing Top","Molten Egg 2","Red Mask","War Paint","Smiling Mask"],"card_choices":[{"not_picked":["Capacitor","Stack"],"picked":"Hologram","floor":1},{"not_picked":["Rip and Tear","Scrape"],"picked":"Sweeping Beam","floor":2},{"not_picked":["Reprogram","Sweeping Beam"],"picked":"Conserve Battery","floor":3},{"not_picked":["Hello World","Sunder"],"picked":"Self Repair","floor":5},{"not_picked":["Turbo","Amplify"],"picked":"Capacitor","floor":7},{"not_picked":["Coolheaded","Thunder Strike"],"picked":"Ball Lightning","floor":10},{"not_picked":["Sweeping Beam","Rip and Tear","Tempest"],"picked":"SKIP","floor":13},{"not_picked":["Ball Lightning","Capacitor+1"],"picked":"Go for the Eyes","floor":14},{"not_picked":["Streamline","Ball Lightning+1"],"picked":"Reprogram+1","floor":18},{"not_picked":["Sunder","Darkness"],"picked":"Steam","floor":19},{"not_picked":["Sweeping Beam","Force Field"],"picked":"Scrape","floor":20},{"not_picked":["Capacitor+1","Streamline"],"picked":"Leap","floor":23},{"not_picked":["Redo","Conserve Battery","Aggregate"],"picked":"SKIP","floor":25},{"not_picked":["Scrape","Axe Kick"],"picked":"Reinforced Body","floor":27},{"not_picked":["Streamline","Tempest","Skim"],"picked":"Singing Bowl","floor":29},{"not_picked":["Leap","Beam Cell"],"picked":"Hologram","floor":30},{"not_picked":["Skim","Scrape+1","Storm+1"],"picked":"Singing Bowl","floor":31},{"not_picked":["Reboot","Nova"],"picked":"Multi-Cast","floor":33},{"not_picked":["Go for the Eyes+1","Stack+1","Rip and Tear+1"],"picked":"Singing Bowl","floor":35},{"not_picked":["Hologram+1","Redo+1"],"picked":"Streamline+1","floor":37},{"not_picked":["Axe Kick+1","Hologram","Self Repair+1"],"picked":"Singing Bowl","floor":39},{"not_picked":["Sweeping Beam","Cold Snap"],"picked":"Fusion","floor":41},{"not_picked":["Steam+1","Ball Lightning+1","Hologram"],"picked":"Singing Bowl","floor":47},{"not_picked":["Stack","Capacitor+1"],"picked":"Coolheaded+1","floor":48}],"player_experience":182499,"potions_floor_usage":[10,13,16,20,23,27,29,31,33,37,41,42],"damage_taken":[{"damage":3,"enemies":"Small Slimes","floor":1,"turns":3},{"damage":0,"enemies":"2 Louse","floor":2,"turns":2},{"damage":0,"enemies":"Cultist","floor":3,"turns":3},{"damage":5,"enemies":"Exordium Wildlife","floor":5,"turns":4},{"damage":0,"enemies":"3 Louse","floor":7,"turns":2},{"damage":20,"enemies":"Gremlin Nob","floor":10,"turns":4},{"damage":1,"enemies":"3 Sentries","floor":13,"turns":4},{"damage":0,"enemies":"Lots of Slimes","floor":14,"turns":2},{"damage":24,"enemies":"Hexaghost","floor":16,"turns":10},{"damage":23,"enemies":"Spheric Guardian","floor":18,"turns":4},{"damage":26,"enemies":"3 Byrds","floor":19,"turns":3},{"damage":4,"enemies":"Centurion and Healer","floor":20,"turns":6},{"damage":29,"enemies":"Snake Plant","floor":23,"turns":3},{"damage":3,"enemies":"Snecko","floor":25,"turns":5},{"damage":10,"enemies":"Book of Stabbing","floor":27,"turns":4},{"damage":6,"enemies":"Sentry and Sphere","floor":29,"turns":4},{"damage":0,"enemies":"Cultist and Chosen","floor":30,"turns":6},{"damage":0,"enemies":"Snecko","floor":31,"turns":4},{"damage":37,"enemies":"Champ","floor":33,"turns":13},{"damage":11,"enemies":"3 Shapes","floor":35,"turns":3},{"damage":19,"enemies":"Flame Bruiser 1 Orb","floor":37,"turns":7},{"damage":0,"enemies":"Maw","floor":39,"turns":8},{"damage":1,"enemies":"Spire Growth","floor":41,"turns":4},{"damage":0,"enemies":"4 Shapes","floor":42,"turns":1},{"damage":12,"enemies":"Maw","floor":47,"turns":8},{"damage":7,"enemies":"3 Darklings","floor":48,"turns":3},{"damage":51,"enemies":"Awakened One","floor":50,"turns":19}],"relics_obtained":[{"floor":9,"key":"Letter Opener"},{"floor":10,"key":"Matryoshka"},{"floor":13,"key":"Frozen Egg 2"},{"floor":26,"key":"DataDisk"},{"floor":26,"key":"Tiny Chest"},{"floor":27,"key":"Dream Catcher"},{"floor":28,"key":"Singing Bowl"},{"floor":28,"key":"Toolbox"},{"floor":40,"key":"Unceasing Top"},{"floor":44,"key":"Molten Egg 2"},{"floor":46,"key":"War Paint"},{"floor":49,"key":"Smiling Mask"}],"event_choices":[{"event_name":"Liars Game","player_choice":"disagreed","floor":8,"damage_taken":0},{"event_name":"Shining Light","player_choice":"Entered Light","floor":12,"damage_taken":0},{"event_name":"Vampires","player_choice":"Ignored","floor":22,"damage_taken":0},{"event_name":"Tomb of Lord Red Mask","player_choice":"Paid","floor":45,"damage_taken":0}],"boss_relics":[{"not_picked":["Runic Pyramid","Philosopher\u0027s Stone"],"picked":"Nuclear Battery"},{"not_picked":["Lizard Tail","Pandora\u0027s Box"],"picked":"Cursed Key"}],"potions_floor_spawned":[5,10,13,16,19,20,25,27,29,35,37,41],"seed_played":"-1781518305919646791","ascension_level":3,"potions_obtained":[{"floor":5,"key":"SkillPotion"},{"floor":10,"key":"Explosive Potion"},{"floor":13,"key":"Swift Potion"},{"floor":16,"key":"Dexterity Potion"},{"floor":19,"key":"AttackPotion"},{"floor":20,"key":"LiquidBronze"},{"floor":25,"key":"FocusPotion"},{"floor":27,"key":"EssenceOfSteel"},{"floor":29,"key":"SneckoOil"},{"floor":35,"key":"Block Potion"},{"floor":37,"key":"Block Potion"},{"floor":41,"key":"SmokeBomb"}],"is_trial":false}