{"path_per_floor":["M","M","M","M","M","M","R","M","T","?","E","$","M","E","R","B",null,"M","$","?","M","?","E","M","?","T","$","?","M","R","?","R","B",null,"M","?","M","?","M","R","?","R","T","$","?","?","R","M","R","B"],"character_chosen":"DEFECT","items_purchased":["Juzu Bracelet","Hello World","Lee\u0027s Waffle","Toxic Egg 2","Kunai","Thinking Ahead"],"gold_per_floor":[17,30,43,60,70,86,86,105,131,131,162,17,42,75,75,204,204,220,78,78,97,97,136,150,150,224,16,216,237,237,237,237,357,357,373,373,392,392,412,412,745,745,745,34,34,34,34,51,51,51],"floor_reached":51,"campfire_rested":0,"playtime":4072,"current_hp_per_floor":[75,75,75,67,61,60,60,58,58,40,42,42,44,45,45,47,75,55,55,55,40,40,38,28,28,28,82,82,69,79,63,73,68,87,87,87,87,87,68,80,80,87,87,87,87,87,87,87,87,51],"items_purged":["Strike_B"],"gold":51,"score":727,"play_id":"fd7e9e57-250f-407b-8911-620f9f39607d","local_time":"20180509031033","is_prod":false,"is_daily":false,"chose_seed":false,"is_ascension_mode":false,"campfire_upgraded":6,"timestamp":1525849833,"path_taken":["M","M","M","M","M","M","R","M","T","?","E","$","M","E","R","BOSS","M","$","?","M","?","E","M","?","T","$","?","M","R","?","R","BOSS","M","?","M","?","M","R","?","R","T","$","?","?","R","M","R","BOSS"],"build_version":"2018-05-08","seed_source_timestamp":618591140301598,"purchased_purges":1,"victory":true,"master_deck":["Defend_B","Defend_B","Defend_B","Defend_B","Zap+1","Dualcast","Buffer+1","Ball Lightning","Reinforced Body+1","Sunder","Turbo+1","Ball Lightning","Leap","Turbo+1","Auto Shields","Echo Form+1","Reboot","Consume","Hello World+1","Bite","Bite","Bite","BootSequence","Defragment+1","Reprogram","Stack+1","Fusion","Skim+1","Stack","Thinking Ahead+1","Hologram+1"],"max_hp_per_floor":[75,75,75,75,75,75,75,75,75,75,75,75,75,75,75,75,75,75,75,75,75,75,75,75,75,75,82,82,82,82,87,87,87,87,87,87,87,87,87,87,87,87,87,87,87,87,87,87,87,87],"relics":["Cracked Core","Shovel","Juzu Bracelet","Turnip","Eternal Feather","War Paint","Mummified Hand","Lee\u0027s Waffle","Oddly Smooth Stone","Runic Pyramid","Regal Pillow","Meat on the Bone","Toxic Egg 2","Kunai"],"card_choices":[{"not_picked":["Multi-Cast","Nova"],"picked":"Buffer","floor":0},{"not_picked":["Scrape","Redo"],"picked":"Ball Lightning","floor":1},{"not_picked":["Static Discharge","Stack"],"picked":"Reinforced Body","floor":2},{"not_picked":["Steam","Glacier"],"picked":"Sunder","floor":3},{"not_picked":["BootSequence","Storm"],"picked":"Turbo","floor":4},{"not_picked":["Chaos","Lockon"],"picked":"Ball Lightning","floor":5},{"not_picked":["Capacitor","Axe Kick"],"picked":"Leap","floor":6},{"not_picked":["Thunder Strike","Sweeping Beam"],"picked":"Turbo","floor":8},{"not_picked":["Glacier","Rebound"],"picked":"Auto Shields","floor":11},{"not_picked":["Coolheaded","Barrage"],"picked":"Echo Form","floor":14},{"not_picked":["Biased Cognition","Multi-Cast"],"picked":"Reboot","floor":16},{"not_picked":["Ball Lightning","Melter"],"picked":"Consume","floor":18},{"not_picked":["Cold Snap","Sweeping Beam"],"picked":"BootSequence","floor":21},{"not_picked":["Capacitor","Streamline"],"picked":"Reprogram","floor":23},{"not_picked":["Leap","Coolheaded"],"picked":"Stack","floor":24},{"not_picked":["Multi-Cast","All For One"],"picked":"Fusion","floor":33},{"not_picked":["FTL","Coolheaded"],"picked":"Skim","floor":37},{"not_picked":["Beam Cell","Leap"],"picked":"Stack","floor":39},{"not_picked":["Scrape","Ball Lightning"],"picked":"Hologram","floor":48}],"player_experience":50754,"potions_floor_usage":[6,11,23,29,33,33,50,50],"damage_taken":[{"damage":0,"enemies":"2 Louse","floor":1,"turns":3},{"damage":0,"enemies":"Small Slimes","floor":2,"turns":3},{"damage":0,"enemies":"Cultist","floor":3,"turns":3},{"damage":8,"enemies":"Exordium Wildlife","floor":4,"turns":3},{"damage":6,"enemies":"Large Slime","floor":5,"turns":4},{"damage":1,"enemies":"Red Slaver","floor":6,"turns":2},{"damage":2,"enemies":"Exordium Wildlife","floor":8,"turns":3},{"damage":0,"enemies":"Lagavulin","floor":11,"turns":6},{"damage":0,"enemies":"Blue Slaver","floor":13,"turns":2},{"damage":1,"enemies":"3 Sentries","floor":14,"turns":5},{"damage":0,"enemies":"Slime Boss","floor":16,"turns":8},{"damage":20,"enemies":"2 Thieves","floor":18,"turns":3},{"damage":23,"enemies":"3 Byrds","floor":21,"turns":5},{"damage":12,"enemies":"Book of Stabbing","floor":23,"turns":6},{"damage":16,"enemies":"Cultist and Chosen","floor":24,"turns":4},{"damage":37,"enemies":"Slaver and Parasite","floor":29,"turns":9},{"damage":44,"enemies":"Automaton","floor":33,"turns":16},{"damage":4,"enemies":"Flame Bruiser 1 Orb","floor":35,"turns":11},{"damage":4,"enemies":"Orb Walker","floor":37,"turns":5},{"damage":27,"enemies":"Spire Growth","floor":39,"turns":7},{"damage":3,"enemies":"3 Darklings","floor":48,"turns":9},{"damage":46,"enemies":"Awakened One","floor":50,"turns":15}],"event_choices":[{"event_name":"Golden Idol","player_choice":"Take Damage","floor":10,"damage_taken":0},{"event_name":"Vampires","player_choice":"Became a vampire (Vial)","floor":20,"damage_taken":0},{"event_name":"The Library","player_choice":"Read","floor":22,"damage_taken":0},{"event_name":"Back to Basics","player_choice":"Elegance","floor":25,"damage_taken":0},{"event_name":"Wheel of Change","player_choice":"Gold","floor":28,"damage_taken":0},{"event_name":"Forgotten Altar","player_choice":"Shed Blood","floor":31,"damage_taken":0},{"event_name":"Tomb of Lord Red Mask","player_choice":"Ignored","floor":36,"damage_taken":0},{"event_name":"Mysterious Sphere","player_choice":"Ignore","floor":38,"damage_taken":0},{"event_name":"The Moai Head","player_choice":"Gave Idol","floor":41,"damage_taken":0},{"event_name":"Upgrade Shrine","player_choice":"Upgraded","floor":46,"damage_taken":0}],"boss_relics":[{"not_picked":["Tiny House","Philosopher\u0027s Stone"],"picked":"Eternal Feather"},{"not_picked":["Lizard Tail","Velvet Choker"],"picked":"Runic Pyramid"}],"potions_floor_spawned":[1,3,5,6,8,16,24,29,33,48],"seed_played":"-7333518147794021040","ascension_level":0,"is_trial":false}