{"path_per_floor":["M","?","?","M","?","E","R","E","T","R","M","M","M","$","R","B",null,"M","?","?","$","M","R","M","R","T"],"character_chosen":"IRONCLAD","items_purchased":["Peace Pipe","Carnage","Lantern","Armaments","Orichalcum"],"gold_per_floor":[109,284,284,295,295,325,325,351,651,651,668,681,697,172,172,269,299,310,310,210,45,63,63,76,76,102],"floor_reached":27,"campfire_rested":0,"playtime":3505,"current_hp_per_floor":[80,80,80,80,77,55,55,40,40,40,51,50,54,54,54,35,80,55,47,47,47,52,52,31,31,31],"items_purged":[],"gold":102,"play_id":"cac787e5-50ab-4684-8b1d-8c19bf57bfde","is_prod":false,"is_daily":false,"campfire_rituals":0,"campfire_upgraded":4,"is_hardmode":false,"path_taken":["M","?","?","M","?","E","R","E","T","R","?","?","M","$","R","BOSS","M","?","?","$","M","R","M","R","T","E"],"build_version":"2018-01-11-PROD2","purchased_purges":0,"victory":false,"master_deck":["Strike_R","Strike_R","Strike_R","Strike_R","Strike_R","Defend_R","Defend_R","Defend_R","Defend_R","Bash","Second Wind","Doubt","Rampage","Flame Barrier","Heavy Blade","True Grit","Metallicize","Fire Breathing","Carnage","Demon Form","Regret","Doubt","Injury","Flex","J.A.X.","Armaments","Cleave","Seeing Red","Disarm"],"max_hp_per_floor":[80,80,80,80,80,80,80,80,80,80,80,80,80,80,80,80,80,80,80,80,80,80,80,80,80,80],"relics":["Burning Blood","Ginger","Blue Candle","Torii","Meat on the Bone","Oddly Smooth Stone","Old Coin","Peace Pipe","Lantern","Calling Bell","Vajra","Prayer Wheel","Tiny Chest","Orichalcum","Juzu Bracelet"],"campfire_meditates":0,"card_choices":[{"not_picked":["Wild Strike","Headbutt"],"picked":"Second Wind"},{"not_picked":["Infernal Blade","Wild Strike"],"picked":"Rampage"},{"not_picked":["Havoc","Whirlwind"],"picked":"Flame Barrier"},{"not_picked":["Thunderclap","Dual Wield"],"picked":"Heavy Blade"},{"not_picked":["Thunderclap","Body Slam"],"picked":"True Grit"},{"not_picked":["Ghostly Armor","Heavy Blade"],"picked":"Metallicize"},{"not_picked":["Hemokinesis","Rampage"],"picked":"Fire Breathing"},{"not_picked":["Immolate","Berserk"],"picked":"Demon Form"},{"not_picked":["Body Slam","Shockwave"],"picked":"Flex"},{"not_picked":["Iron Wave","Power Through"],"picked":"Cleave"},{"not_picked":["Clash","Pommel Strike"],"picked":"Seeing Red"},{"not_picked":["Whirlwind","Havoc"],"picked":"Disarm"}],"player_experience":168882,"potions_floor_usage":[8,22,24,27,27],"damage_taken":[{"damage":6,"enemies":"2 Louse","floor":1,"turns":4},{"damage":0,"enemies":"Small Slimes","floor":4,"turns":3},{"damage":28,"enemies":"Lagavulin","floor":6,"turns":6},{"damage":48,"enemies":"3 Sentries","floor":8,"turns":9},{"damage":7,"enemies":"Cultist","floor":11,"turns":3},{"damage":7,"enemies":"Red Slaver","floor":12,"turns":4},{"damage":14,"enemies":"Large Slime","floor":13,"turns":6},{"damage":37,"enemies":"The Guardian","floor":16,"turns":11},{"damage":31,"enemies":"Spheric Guardian","floor":18,"turns":7},{"damage":13,"enemies":"2 Thieves","floor":22,"turns":4},{"damage":39,"enemies":"Sentry and Sphere","floor":24,"turns":7},{"damage":31,"enemies":"Slavers","floor":27,"turns":4}],"event_choices":[{"event_name":"Liars Game","player_choice":"agreed","floor":2,"damage_taken":0},{"event_name":"Accursed Blacksmith","player_choice":"Rummage","floor":3,"damage_taken":0},{"event_name":"Scrap Ooze","player_choice":"success","floor":5,"damage_taken":3},{"event_name":"Wheel of Change","player_choice":"Damage","floor":19,"damage_taken":0},{"event_name":"Drug Dealer","player_choice":"Got JAXXED","floor":20,"damage_taken":0}],"boss_relics":[{"not_picked":["Pandora\u0027s Box","Lizard Tail"],"picked":"Calling Bell"}],"potions_floor_spawned":[6,8,12,18,24],"seed_played":"6350580337041929710","killed_by":"Slavers","is_trial":false}