{"path_per_floor":["M","?","?","$","M","E","R","E","T","R","M","E","R","M","R","B",null,"M","?","?","M","$","E","R","M","T","M","$","R","E","M","R","B",null,"M","M","?","?","M","R","E","R","T","M","T","M","$","T","R"],"character_chosen":"IRONCLAD","items_purchased":["Thread and Needle","Headbutt","Dark Embrace","Tiny Chest","Champion Belt"],"gold_per_floor":[359,359,359,1,24,58,58,91,143,143,157,190,190,203,203,323,323,337,337,337,328,93,131,131,154,154,167,49,49,88,112,112,235,235,255,270,270,270,295,295,335,335,335,349,349,372,75,75,75,75],"floor_reached":50,"campfire_rested":1,"playtime":3812,"current_hp_per_floor":[71,53,46,46,52,52,52,53,60,60,66,65,65,71,71,43,70,76,39,39,39,39,39,39,32,32,31,31,31,34,39,39,32,37,39,39,39,39,39,39,39,39,39,39,39,26,26,26,37,0],"items_purged":["Strike_R"],"gold":75,"score":1010,"play_id":"576ae4a6-8735-4a60-85d2-2b72b03140d0","local_time":"20180507125323","is_prod":false,"is_daily":false,"chose_seed":false,"is_ascension_mode":true,"campfire_upgraded":9,"timestamp":1525712003,"path_taken":["M","?","?","$","M","E","R","E","T","R","M","E","R","M","R","BOSS","M","?","?","M","$","E","R","M","T","M","?","R","E","?","R","BOSS","M","M","?","?","M","R","E","R","T","M","?","M","$","?","R","BOSS"],"build_version":"2018-05-03","seed_source_timestamp":481030103256616,"purchased_purges":1,"victory":false,"master_deck":["Strike_R","Strike_R","Strike_R","Defend_R+1","Defend_R","Defend_R+1","Bash+1","AscendersBane","True Grit+1","Headbutt+1","Heavy Blade+1","Shrug It Off+1","Bloodletting+1","Double Tap+1","Ghostly+1","Ghostly+1","Ghostly+1","Ghostly+1","Ghostly+1","Battle Trance+1","Corruption+1","Dark Embrace+1","Whirlwind+1","True Grit+1","Heavy Blade+1","Pommel Strike+1","Havoc+1","Barricade+1","Reaper+1","Shrug It Off+1","Flex+1","Twin Strike+1","Sentinel+1","Battle Trance+1","Impervious+1","Metallicize+1"],"max_hp_per_floor":[72,72,72,72,72,72,72,72,79,79,79,79,79,79,79,79,79,79,39,39,39,39,39,39,39,39,39,39,39,39,39,39,39,39,39,39,39,39,39,39,39,39,39,39,39,39,39,39,39,39],"relics":["Burning Blood","Golden Idol","Thread and Needle","Orichalcum","Toxic Egg 2","Strawberry","Molten Egg 2","Sozu","Gambling Chip","Blue Candle","Tiny Chest","Dodecahedron","Orrery","Dream Catcher","Omamori","Shovel","Champion Belt","Art of War"],"card_choices":[{"not_picked":["Rupture","Perfected Strike"],"picked":"True Grit","floor":1},{"not_picked":["Wild Strike","Thunderclap"],"picked":"Heavy Blade","floor":5},{"not_picked":["Shockwave","Wild Strike"],"picked":"Shrug It Off","floor":12},{"not_picked":["Dual Wield","Sever Soul"],"picked":"Bloodletting","floor":14},{"not_picked":["Bludgeon","Dark Embrace"],"picked":"Double Tap","floor":16},{"not_picked":["Body Slam","Searing Blow"],"picked":"Corruption","floor":21},{"not_picked":["Uppercut","Shockwave"],"picked":"Whirlwind","floor":23},{"not_picked":["Carnage","Clash"],"picked":"True Grit","floor":25},{"not_picked":["Rage","Intimidate"],"picked":"Heavy Blade","floor":27},{"not_picked":["Thunderclap","Blood for Blood"],"picked":"Pommel Strike","floor":30},{"not_picked":["Shrug It Off","Immolate"],"picked":"Havoc","floor":31},{"not_picked":["Exhume","Fiend Fire"],"picked":"Barricade","floor":33},{"not_picked":["Entrench","Flex"],"picked":"Reaper","floor":34},{"not_picked":["Cleave","Wild Strike"],"picked":"Shrug It Off","floor":34},{"not_picked":["Shrug It Off","Perfected Strike"],"picked":"Flex","floor":34},{"not_picked":["Flex","Iron Wave"],"picked":"Twin Strike","floor":34},{"not_picked":["Havoc","True Grit"],"picked":"Sentinel","floor":35},{"not_picked":["Rampage","Twin Strike"],"picked":"Battle Trance","floor":36},{"not_picked":["Combust","Cleave"],"picked":"Impervious","floor":41},{"not_picked":["Dual Wield","Shrug It Off"],"picked":"Metallicize","floor":44}],"player_experience":531636,"potions_floor_usage":[6,16,16,25],"damage_taken":[{"damage":7,"enemies":"Small Slimes","floor":1,"turns":5},{"damage":0,"enemies":"2 Louse","floor":5,"turns":4},{"damage":6,"enemies":"3 Sentries","floor":6,"turns":8},{"damage":5,"enemies":"Gremlin Nob","floor":8,"turns":4},{"damage":0,"enemies":"Cultist","floor":11,"turns":3},{"damage":7,"enemies":"3 Sentries","floor":12,"turns":11},{"damage":0,"enemies":"Looter","floor":14,"turns":3},{"damage":46,"enemies":"The Guardian","floor":16,"turns":17},{"damage":0,"enemies":"3 Byrds","floor":18,"turns":6},{"damage":0,"enemies":"2 Thieves","floor":21,"turns":4},{"damage":1,"enemies":"Book of Stabbing","floor":23,"turns":6},{"damage":13,"enemies":"Snake Plant","floor":25,"turns":4},{"damage":7,"enemies":"Cultist and Chosen","floor":27,"turns":6},{"damage":3,"enemies":"Gremlin Leader","floor":30,"turns":5},{"damage":0,"enemies":"3 Cultists","floor":31,"turns":4},{"damage":13,"enemies":"Champ","floor":33,"turns":15},{"damage":0,"enemies":"Orb Walker","floor":35,"turns":2},{"damage":3,"enemies":"3 Darklings","floor":36,"turns":3},{"damage":4,"enemies":"Sphere and 2 Shapes","floor":39,"turns":5},{"damage":4,"enemies":"2 Orb Walkers","floor":41,"turns":3},{"damage":2,"enemies":"Maw","floor":44,"turns":4},{"damage":23,"enemies":"4 Shapes","floor":46,"turns":4},{"damage":45,"enemies":"Awakened One","floor":50,"turns":21}],"event_choices":[{"event_name":"Golden Idol","player_choice":"Take Damage","floor":2,"damage_taken":0},{"event_name":"Golden Wing","player_choice":"Card Removal","floor":3,"damage_taken":0},{"event_name":"Ghosts","player_choice":"Became a Ghost","floor":19,"damage_taken":0},{"event_name":"The Library","player_choice":"Read","floor":20,"damage_taken":0},{"event_name":"Mysterious Sphere","player_choice":"Ignore","floor":38,"damage_taken":0}],"boss_relics":[{"not_picked":["Mark of Pain","Runic Dome"],"picked":"Sozu"},{"not_picked":["Runic Cube","Velvet Choker"],"picked":"Orrery"}],"potions_floor_spawned":[1,5,12,14,21,27,30,36,41,46],"seed_played":"-5090340351684762569","killed_by":"Awakened One","ascension_level":11,"is_trial":false}