{"gold_per_floor":[367,380,392,247,247,79,79,99,99,99,131,81,81,95,95,192,192,211,211,261,276,50,50,70,70,94,94,94,113,113,138,138,233,233,233,31,31,42,61,0,19,19,19,32,67,85,85,100,100,100],"floor_reached":51,"playtime":2831,"items_purged":["Strike_B"],"score":1220,"play_id":"01a5ee52-ad8a-4892-879e-962601bf96ec","local_time":"20190301120002","is_ascension_mode":true,"campfire_choices":[{"data":"Sunder","floor":7,"key":"SMITH"},{"data":"Sweeping Beam","floor":10,"key":"SMITH"},{"data":"Darkness","floor":15,"key":"SMITH"},{"data":"Beam Cell","floor":23,"key":"SMITH"},{"data":"Multi-Cast","floor":28,"key":"SMITH"},{"data":"Glacier","floor":30,"key":"SMITH"},{"data":"Reinforced Body","floor":32,"key":"SMITH"},{"data":"Dualcast","floor":42,"key":"SMITH"},{"data":"Zap","floor":47,"key":"SMITH"},{"floor":49,"key":"REST"}],"neow_cost":"TEN_PERCENT_HP_LOSS","seed_source_timestamp":740879894690016,"circlet_count":0,"master_deck":["AscendersBane","Strike_B+1","Strike_B+1","Defend_B+1","Defend_B+1","Defend_B+1","Defend_B+1","Zap+1","Dualcast+1","Sweeping Beam+1","Genetic Algorithm","Glacier+1","Sunder+1","Darkness+1","Reinforced Body+1","Echo Form+1","Buffer+1","Beam Cell+1","Multi-Cast+1","Blizzard+1","Buffer+1","Defragment+1","Core Surge","Parasite","Defragment+1"],"relics":["Cracked Core","StoneCalendar","Frozen Egg 2","Velvet Choker","Bag of Preparation","Bottled Tornado","Runic Pyramid","ClockworkSouvenir","Red Mask","Pear","Pantograph"],"potions_floor_usage":[16,21,31,35,39,50],"damage_taken":[{"damage":1,"enemies":"Cultist","floor":1,"turns":3},{"damage":2,"enemies":"2 Louse","floor":2,"turns":3},{"damage":3,"enemies":"Jaw Worm","floor":3,"turns":4},{"damage":0,"enemies":"Red Slaver","floor":8,"turns":3},{"damage":15,"enemies":"3 Sentries","floor":11,"turns":7},{"damage":1,"enemies":"Looter","floor":14,"turns":3},{"damage":0,"enemies":"Slime Boss","floor":16,"turns":10},{"damage":8,"enemies":"Shell Parasite","floor":18,"turns":7},{"damage":6,"enemies":"3 Byrds","floor":21,"turns":4},{"damage":0,"enemies":"Shelled Parasite and Fungi","floor":24,"turns":4},{"damage":0,"enemies":"Snake Plant","floor":29,"turns":4},{"damage":8,"enemies":"Book of Stabbing","floor":31,"turns":7},{"damage":11,"enemies":"Champ","floor":33,"turns":14},{"damage":0,"enemies":"3 Shapes","floor":35,"turns":1},{"damage":8,"enemies":"Orb Walker","floor":38,"turns":5},{"damage":0,"enemies":"Transient","floor":39,"turns":5},{"damage":0,"enemies":"3 Darklings","floor":41,"turns":7},{"damage":0,"enemies":"Sphere and 2 Shapes","floor":44,"turns":7},{"damage":0,"enemies":"Reptomancer","floor":45,"turns":6},{"damage":0,"enemies":"Maw","floor":46,"turns":7},{"damage":4,"enemies":"Writhing Mass","floor":48,"turns":7},{"damage":43,"enemies":"Awakened One","floor":50,"turns":20}],"seed_played":"-4618807237014695901","potions_obtained":[{"floor":1,"key":"Weak Potion"},{"floor":16,"key":"LiquidBronze"},{"floor":33,"key":"Poison Potion"},{"floor":45,"key":"Weak Potion"},{"floor":48,"key":"SmokeBomb"}],"is_trial":false,"path_per_floor":["M","M","M","$","?","$","R","M","T","R","E","?","?","M","R","B",null,"M","?","?","M","$","R","M","?","T","T","R","M","R","E","R","B",null,"M","$","$","M","M","?","M","R","T","M","E","M","R","M","R","B",null],"character_chosen":"DEFECT","items_purchased":["Sunder","Darkness","SmokeBomb","Bag of Preparation","GamblersBrew","ClockworkSouvenir"],"campfire_rested":1,"item_purchase_floors":[4,6,6,22,22,36],"current_hp_per_floor":[67,65,62,62,67,67,67,67,67,67,52,52,52,51,51,51,68,60,60,60,54,54,54,54,54,54,54,54,54,54,46,46,35,64,64,64,64,56,56,56,56,56,66,66,66,66,66,62,83,40],"gold":100,"neow_bonus":"TWO_FIFTY_GOLD","is_prod":false,"is_daily":false,"chose_seed":false,"campfire_upgraded":9,"win_rate":0,"timestamp":1551459602,"path_taken":["M","M","M","$","?","$","R","M","T","R","E","?","?","?","R","BOSS","M","?","?","?","?","R","?","?","T","?","R","M","R","E","R","BOSS","M","?","$","M","M","?","?","R","T","M","E","M","R","M","R","BOSS"],"build_version":"2019-01-23","purchased_purges":1,"victory":true,"max_hp_per_floor":[68,68,68,68,73,73,73,73,73,73,73,73,73,73,73,73,73,73,73,73,73,73,73,73,73,73,73,73,73,73,73,73,73,73,73,73,73,73,73,73,73,73,83,83,83,83,83,83,83,83],"card_choices":[{"not_picked":["Self Repair","Turbo"],"picked":"Sweeping Beam","floor":1},{"not_picked":["Conserve Battery","Lockon"],"picked":"Genetic Algorithm","floor":2},{"not_picked":["Coolheaded","Rebound"],"picked":"Glacier","floor":3},{"not_picked":["Gash","Stack","Barrage"],"picked":"SKIP","floor":8},{"not_picked":["Sweeping Beam","Chaos"],"picked":"Reinforced Body","floor":11},{"not_picked":["Beam Cell","Stack"],"picked":"Echo Form+1","floor":14},{"not_picked":["Electrodynamics+1","All For One"],"picked":"Buffer+1","floor":16},{"not_picked":["Streamline","Cold Snap","Rebound"],"picked":"SKIP","floor":18},{"not_picked":["Force Field","Streamline+1"],"picked":"Beam Cell","floor":21},{"not_picked":["Rebound","Turbo+1"],"picked":"Multi-Cast","floor":24},{"not_picked":["Go for the Eyes","Reinforced Body","Darkness"],"picked":"SKIP","floor":29},{"not_picked":["Self Repair+1","Reprogram"],"picked":"Blizzard+1","floor":31},{"not_picked":["Rainbow","Electrodynamics+1"],"picked":"Buffer+1","floor":33},{"not_picked":["Beam Cell+1","Turbo+1","Undo+1"],"picked":"SKIP","floor":38},{"not_picked":["Streamline+1","Rebound+1","Ball Lightning"],"picked":"SKIP","floor":39},{"not_picked":["Aggregate","Redo"],"picked":"Defragment+1","floor":41},{"not_picked":["Steam","Compile Driver","Streamline"],"picked":"SKIP","floor":44},{"not_picked":["Multi-Cast","Melter"],"picked":"Core Surge","floor":45},{"not_picked":["Double Energy","Hologram","Conserve Battery"],"picked":"SKIP","floor":46},{"not_picked":["Beam Cell","All For One"],"picked":"Defragment+1","floor":48}],"player_experience":735584,"relics_obtained":[{"floor":9,"key":"StoneCalendar"},{"floor":11,"key":"Frozen Egg 2"},{"floor":31,"key":"Bottled Tornado"},{"floor":43,"key":"Pear"},{"floor":45,"key":"Pantograph"}],"event_choices":[{"damage_healed":0,"gold_gain":0,"player_choice":"Donut","damage_taken":0,"max_hp_gain":5,"max_hp_loss":0,"event_name":"Big Fish","floor":5,"gold_loss":0},{"cards_removed":["Strike_B"],"damage_healed":0,"gold_gain":0,"player_choice":"Card Removal","damage_taken":0,"max_hp_gain":0,"max_hp_loss":0,"event_name":"The Cleric","floor":12,"gold_loss":50},{"damage_healed":0,"gold_gain":0,"player_choice":"Got Potions","damage_taken":0,"max_hp_gain":0,"max_hp_loss":0,"event_name":"Lab","floor":13,"gold_loss":0},{"damage_healed":0,"gold_gain":0,"player_choice":"Simplicity","damage_taken":0,"max_hp_gain":0,"max_hp_loss":0,"event_name":"Back to Basics","floor":19,"gold_loss":0,"cards_upgraded":["Strike_B","Strike_B","Defend_B","Defend_B","Defend_B","Defend_B"]},{"damage_healed":0,"gold_gain":100,"player_choice":"Bet on Murderer","damage_taken":0,"max_hp_gain":0,"max_hp_loss":0,"event_name":"The Joust","floor":20,"gold_loss":50},{"damage_healed":0,"gold_gain":0,"player_choice":"Paid","damage_taken":0,"relics_obtained":["Red Mask"],"max_hp_gain":0,"max_hp_loss":0,"event_name":"Tomb of Lord Red Mask","floor":40,"gold_loss":61}],"is_beta":false,"boss_relics":[{"not_picked":["Nuclear Battery","Snecko Eye"],"picked":"Velvet Choker"},{"not_picked":["FrozenCore","Fusion Hammer"],"picked":"Runic Pyramid"}],"items_purged_floors":[4],"is_endless":false,"potions_floor_spawned":[1,8,11,16,29,33,35,45,48],"ascension_level":12}