{"gold_per_floor":[119,135,152,167,48,48,73,73,100,100,130,148,148,174,174,275,275,250,250,46,57,69,69,69,69,143,154,154,170,181,181,181,181],"floor_reached":33,"playtime":1866,"items_purged":[],"score":387,"play_id":"29486aa9-e93f-4dd4-bea6-602fb06d30c5","local_time":"20190309063816","is_ascension_mode":true,"campfire_choices":[{"data":"Neutralize","floor":6,"key":"SMITH"},{"data":"Dash","floor":13,"key":"SMITH"},{"floor":15,"key":"REST"},{"data":"Apotheosis","floor":23,"key":"SMITH"},{"floor":25,"key":"REST"},{"data":"Backflip","floor":28,"key":"SMITH"},{"data":"Blur","floor":32,"key":"SMITH"}],"neow_cost":"NONE","seed_source_timestamp":140491097663501,"circlet_count":0,"master_deck":["Defend_G","Defend_G","Defend_G","Defend_G","Defend_G","Strike_G","Strike_G","Strike_G","Strike_G","Strike_G","Survivor","Neutralize+1","PiercingWail","Cloak And Dagger","Footwork+1","Parasite","Dash+1","Dash+1","Apotheosis+1","Backflip+1","Blur+1"],"relics":["Ring of the Snake","Vajra","Regal Pillow","Lantern","Bronze Scales","Philosopher\u0027s Stone","Blue Candle"],"potions_floor_usage":[4,7,7,7,18,24,24,24],"damage_taken":[{"damage":7,"enemies":"Small Slimes","floor":1,"turns":5},{"damage":2,"enemies":"Jaw Worm","floor":2,"turns":5},{"damage":1,"enemies":"Cultist","floor":3,"turns":5},{"damage":1,"enemies":"3 Louse","floor":4,"turns":7},{"damage":20,"enemies":"Lagavulin","floor":7,"turns":8},{"damage":17,"enemies":"3 Sentries","floor":11,"turns":14},{"damage":6,"enemies":"Red Slaver","floor":12,"turns":3},{"damage":8,"enemies":"Lagavulin","floor":14,"turns":12},{"damage":29,"enemies":"Hexaghost","floor":16,"turns":12},{"damage":2,"enemies":"2 Thieves","floor":18,"turns":5},{"damage":3,"enemies":"Shell Parasite","floor":21,"turns":6},{"damage":6,"enemies":"3 Cultists","floor":22,"turns":8},{"damage":5,"enemies":"Gremlin Leader","floor":24,"turns":3},{"damage":8,"enemies":"Snake Plant","floor":27,"turns":5},{"damage":19,"enemies":"Shelled Parasite and Fungi","floor":29,"turns":6},{"damage":4,"enemies":"3 Cultists","floor":30,"turns":7},{"damage":81,"enemies":"Collector","floor":33,"turns":20}],"seed_played":"2533324421254684021","potions_obtained":[{"floor":0,"key":"SneckoOil"},{"floor":0,"key":"Energy Potion"},{"floor":0,"key":"GhostInAJar"},{"floor":2,"key":"FearPotion"},{"floor":11,"key":"SmokeBomb"},{"floor":16,"key":"SteroidPotion"},{"floor":18,"key":"Dexterity Potion"},{"floor":22,"key":"Strength Potion"}],"is_trial":false,"path_per_floor":["M","M","M","M","$","R","E","?","T","?","E","M","R","E","R","B",null,"M","?","$","M","M","R","E","R","T","M","R","M","M","?","R","B"],"character_chosen":"THE_SILENT","items_purchased":["Cloak And Dagger","GhostInAJar","Apotheosis","Backflip"],"campfire_rested":2,"item_purchase_floors":[5,5,20,20],"current_hp_per_floor":[56,54,53,52,52,52,32,32,32,49,32,26,26,18,54,25,59,57,57,57,54,48,48,43,70,70,62,62,43,39,70,70,0],"gold":181,"neow_bonus":"THREE_SMALL_POTIONS","is_prod":false,"is_daily":false,"chose_seed":false,"campfire_upgraded":5,"win_rate":0,"timestamp":1552135096,"path_taken":["M","M","M","M","$","R","E","?","T","?","E","M","R","E","R","BOSS","M","?","$","M","M","R","E","R","T","M","R","M","?","?","R","BOSS"],"build_version":"2019-01-23","purchased_purges":0,"victory":false,"max_hp_per_floor":[70,70,70,70,70,70,70,70,70,70,70,70,70,70,70,70,70,70,70,70,70,70,70,70,70,70,70,70,70,70,70,70,70],"card_choices":[{"not_picked":["Prepared","Dagger Spray","Poisoned Stab"],"picked":"SKIP","floor":1},{"not_picked":["Dagger Spray","Setup","Deadly Poison"],"picked":"SKIP","floor":2},{"not_picked":["Riddle With Holes","Deadly Poison"],"picked":"PiercingWail","floor":3},{"not_picked":["Finisher","Prepared","Eviscerate"],"picked":"SKIP","floor":4},{"not_picked":["Dagger Spray","All Out Attack"],"picked":"Footwork","floor":7},{"not_picked":["Deadly Poison","Accuracy"],"picked":"Dash","floor":11},{"not_picked":["Poisoned Stab","Flying Knee"],"picked":"Dash","floor":12},{"not_picked":["Acrobatics","Riddle With Holes","Dagger Throw"],"picked":"SKIP","floor":14},{"not_picked":["Infinite Blades","Slice","Dagger Throw"],"picked":"SKIP","floor":18},{"not_picked":["Dagger Spray+1","Flying Knee","Quick Slash+1"],"picked":"SKIP","floor":21},{"not_picked":["Heel Hook+1","Acrobatics+1","Bane"],"picked":"SKIP","floor":22},{"not_picked":["Quick Slash","Heel Hook","Eviscerate"],"picked":"SKIP","floor":27},{"not_picked":["Underhanded Strike","Terror"],"picked":"Blur","floor":29},{"not_picked":["Deadly Poison","Deflect","Finisher+1"],"picked":"SKIP","floor":30}],"player_experience":323033,"relics_obtained":[{"floor":7,"key":"Vajra"},{"floor":9,"key":"Regal Pillow"},{"floor":11,"key":"Lantern"},{"floor":14,"key":"Bronze Scales"},{"floor":26,"key":"Blue Candle"}],"event_choices":[{"damage_healed":0,"gold_gain":0,"player_choice":"Grow","damage_taken":0,"max_hp_gain":0,"max_hp_loss":0,"event_name":"Living Wall","floor":8,"gold_loss":0,"cards_upgraded":["Footwork"]},{"damage_healed":17,"gold_gain":0,"player_choice":"Healed and dodged fight","damage_taken":0,"max_hp_gain":0,"max_hp_loss":0,"event_name":"Mushrooms","floor":10,"gold_loss":0,"cards_obtained":["Parasite"]},{"damage_healed":0,"gold_gain":0,"player_choice":"Forge","damage_taken":0,"max_hp_gain":0,"max_hp_loss":0,"event_name":"Accursed Blacksmith","floor":19,"gold_loss":0,"cards_upgraded":["Dash"]},{"damage_healed":31,"gold_gain":0,"player_choice":"Full Heal","damage_taken":0,"max_hp_gain":0,"max_hp_loss":0,"event_name":"Wheel of Change","floor":31,"gold_loss":0}],"is_beta":false,"boss_relics":[{"not_picked":["Runic Pyramid","WristBlade"],"picked":"Philosopher\u0027s Stone"}],"items_purged_floors":[],"is_endless":false,"potions_floor_spawned":[1,2,11,16,18,22],"killed_by":"Collector","ascension_level":7}