{"gold_per_floor":[118,118,68,168,179,179,53,64,117,17,32,67,85,97,97,193,193,213,213,213,226,240,240,97,97,97,97,109,109,24,124,124,226,226,238,308,321,321],"floor_reached":38,"playtime":1907,"items_purged":["Strike_B","Strike_B"],"score":580,"play_id":"36b0ba9b-ec84-42d3-bd09-642052e45a48","local_time":"20190224152119","is_ascension_mode":true,"campfire_choices":[{"data":"Zap","floor":6,"key":"SMITH"},{"data":"Consume","floor":15,"key":"SMITH"},{"floor":23,"key":"REST"},{"data":"Defragment","floor":25,"key":"SMITH"},{"data":"Go for the Eyes","floor":27,"key":"SMITH"},{"data":"Reinforced Body","floor":29,"key":"SMITH"},{"floor":32,"key":"REST"}],"neow_cost":"NONE","seed_source_timestamp":321874961021645,"circlet_count":0,"master_deck":["AscendersBane","Defend_B","Defend_B","Defend_B","Defend_B","Zap+1","Dualcast","Capacitor","Go for the Eyes+1","Streamline","Consume+1","Tempest","Conserve Battery","Coolheaded","All For One","Echo Form","Beam Cell","Gash","Conserve Battery","Defragment+1","Reinforced Body+1","Conserve Battery+1","Reboot","Turbo+1","Fission","Skim","Steam"],"relics":["Cracked Core","NeowsBlessing","Tiny Chest","Unceasing Top","Orrery","Bag of Preparation","Kunai","Dodecahedron","Sozu"],"potions_floor_usage":[12,13,21,28,33,38],"damage_taken":[{"damage":0,"enemies":"2 Louse","floor":1,"turns":1},{"damage":0,"enemies":"Cultist","floor":5,"turns":1},{"damage":0,"enemies":"Small Slimes","floor":8,"turns":1},{"damage":1,"enemies":"Exordium Wildlife","floor":11,"turns":3},{"damage":8,"enemies":"Lagavulin","floor":12,"turns":6},{"damage":0,"enemies":"2 Fungi Beasts","floor":13,"turns":3},{"damage":13,"enemies":"Exordium Thugs","floor":14,"turns":5},{"damage":12,"enemies":"Hexaghost","floor":16,"turns":9},{"damage":12,"enemies":"Spheric Guardian","floor":18,"turns":4},{"damage":3,"enemies":"Chosen","floor":21,"turns":6},{"damage":31,"enemies":"3 Cultists","floor":22,"turns":5},{"damage":9,"enemies":"Chosen and Byrds","floor":28,"turns":7},{"damage":40,"enemies":"Automaton","floor":33,"turns":10},{"damage":4,"enemies":"3 Shapes","floor":35,"turns":4},{"damage":30,"enemies":"3 Darklings","floor":37,"turns":8},{"damage":27,"enemies":"Jaw Worm Horde","floor":38,"turns":2}],"seed_played":"4309015005844856131","potions_obtained":[{"floor":1,"key":"Ancient Potion"},{"floor":11,"key":"Block Potion"},{"floor":12,"key":"Block Potion"},{"floor":21,"key":"Strength Potion"},{"floor":22,"key":"AttackPotion"},{"floor":33,"key":"AttackPotion"}],"is_trial":false,"path_per_floor":["M","?","?","?","M","R","$","M","T","$","M","E","M","M","R","B",null,"M","?","T","M","M","R","$","R","T","R","M","R","?","?","R","B",null,"M","T","M","M"],"character_chosen":"DEFECT","items_purchased":["Streamline","Reboot"],"campfire_rested":2,"item_purchase_floors":[7,24],"current_hp_per_floor":[68,61,61,61,61,61,61,61,61,61,60,52,52,39,39,27,63,51,51,51,48,17,39,39,39,39,39,30,30,30,30,52,12,59,55,55,25,0],"gold":321,"neow_bonus":"THREE_ENEMY_KILL","is_prod":false,"is_daily":false,"chose_seed":false,"campfire_upgraded":5,"win_rate":0,"timestamp":1551039679,"path_taken":["M","?","?","?","?","R","?","M","T","$","?","E","M","M","R","BOSS","M","?","?","M","M","R","$","R","T","R","M","R","?","?","R","BOSS","M","?","M","M"],"build_version":"2019-01-23","purchased_purges":2,"victory":false,"max_hp_per_floor":[75,75,75,75,75,75,75,75,75,75,75,75,75,75,75,75,75,75,75,75,75,75,75,75,75,75,75,75,75,75,75,75,75,75,75,75,75,75],"card_choices":[{"not_picked":["Steam","Tempest"],"picked":"Capacitor","floor":1},{"not_picked":["Double Energy","Heatsinks"],"picked":"Go for the Eyes","floor":5},{"not_picked":["Conserve Battery","Turbo"],"picked":"Consume","floor":8},{"not_picked":["Streamline","Aggregate"],"picked":"Tempest","floor":11},{"not_picked":["Rebound","Auto Shields"],"picked":"Conserve Battery","floor":12},{"not_picked":["Steam Power","Steam"],"picked":"Coolheaded","floor":13},{"not_picked":["Chill","Steam Power"],"picked":"All For One","floor":14},{"not_picked":["All For One","Hyperbeam"],"picked":"Echo Form","floor":16},{"not_picked":["Compile Driver","FTL"],"picked":"Beam Cell","floor":17},{"not_picked":["Streamline","Ball Lightning"],"picked":"Gash","floor":17},{"not_picked":["BootSequence","Tempest"],"picked":"Conserve Battery","floor":17},{"not_picked":["Barrage","Conserve Battery"],"picked":"Defragment","floor":18},{"not_picked":["Darkness","Loop"],"picked":"Reinforced Body","floor":21},{"not_picked":["Rebound","Turbo"],"picked":"Conserve Battery+1","floor":22},{"not_picked":["Rip and Tear+1","Hologram"],"picked":"Turbo+1","floor":28},{"not_picked":["Rainbow","Machine Learning"],"picked":"Fission","floor":33},{"not_picked":["Compile Driver","Stack+1"],"picked":"Skim","floor":35},{"not_picked":["Turbo+1","Go for the Eyes+1"],"picked":"Steam","floor":37}],"player_experience":711817,"relics_obtained":[{"floor":9,"key":"Tiny Chest"},{"floor":12,"key":"Unceasing Top"},{"floor":20,"key":"Bag of Preparation"},{"floor":26,"key":"Kunai"}],"event_choices":[{"cards_removed":["Strike_B"],"damage_healed":0,"gold_gain":0,"player_choice":"Card Removal","damage_taken":7,"max_hp_gain":0,"max_hp_loss":0,"event_name":"Golden Wing","floor":2,"gold_loss":0},{"cards_removed":["Strike_B"],"damage_healed":0,"gold_gain":0,"player_choice":"Card Removal","damage_taken":0,"max_hp_gain":0,"max_hp_loss":0,"event_name":"The Cleric","floor":3,"gold_loss":50},{"damage_healed":0,"gold_gain":100,"player_choice":"Pray","damage_taken":0,"max_hp_gain":0,"max_hp_loss":0,"event_name":"Golden Shrine","floor":4,"gold_loss":0},{"damage_healed":0,"gold_gain":0,"player_choice":"Ignored","damage_taken":0,"max_hp_gain":0,"max_hp_loss":0,"event_name":"The Mausoleum","floor":19,"gold_loss":0},{"damage_healed":0,"gold_gain":0,"player_choice":"Obtained Relic","damage_taken":0,"relics_obtained":["Dodecahedron"],"max_hp_gain":0,"max_hp_loss":0,"event_name":"Addict","floor":30,"gold_loss":85},{"damage_healed":0,"gold_gain":100,"player_choice":"Pray","damage_taken":0,"max_hp_gain":0,"max_hp_loss":0,"event_name":"Golden Shrine","floor":31,"gold_loss":0}],"is_beta":false,"boss_relics":[{"not_picked":["White Beast Statue","Velvet Choker"],"picked":"Orrery"},{"not_picked":["Runic Pyramid","Astrolabe"],"picked":"Sozu"}],"items_purged_floors":[7,10],"is_endless":false,"potions_floor_spawned":[1,11,12,21,22,33],"killed_by":"Jaw Worm Horde","ascension_level":11}