{"gold_per_floor":[117,129,140,30,30,62,62,82,105,180,212,212,226,238,238,343,343,357,373,387,401,420,420,455,455,455,455,280,280,295,321,321,423,423,435,484,484,45,64,64],"floor_reached":40,"playtime":1777,"items_purged":["Strike_B","Strike_B","Strike_B"],"score":463,"play_id":"43e0fe68-39af-46ed-bef1-9c1662342f1b","local_time":"20181206201812","is_ascension_mode":false,"campfire_choices":[{"data":"Dramatic Entrance","floor":7,"key":"SMITH"},{"floor":15,"key":"REST"},{"floor":23,"key":"RECALL"},{"floor":27,"key":"REST"},{"data":"Defragment","floor":29,"key":"SMITH"},{"floor":32,"key":"REST"}],"neow_cost":"TEN_PERCENT_HP_LOSS","seed_source_timestamp":873896504912122,"circlet_count":0,"master_deck":["Defend_B","Defend_B","Defend_B","Defend_B","Zap","Dualcast","Panacea","Dramatic Entrance+1","Conserve Battery","Steam","Go for the Eyes","Defragment+1","Barrage","Ball Lightning","Electrodynamics","Ball Lightning","Hello World","Core Surge","Steam+1","Cold Snap","Defragment","Thunder Strike","Leap","Conserve Battery","Creative AI","Ball Lightning","Buffer","Sweeping Beam","FTL","Barrage","Defragment+1","BootSequence+1","Chill"],"relics":["Cracked Core","PreservedInsect","Vajra","Turnip","Velvet Choker","Bottled Lightning","Gremlin Horn","Darkstone Periapt","Kunai","Orrery","Incense Burner","Mercury Hourglass"],"potions_floor_usage":[6,16,22,33,33,36],"damage_taken":[{"damage":2,"enemies":"2 Louse","floor":1,"turns":2},{"damage":1,"enemies":"Cultist","floor":2,"turns":3},{"damage":0,"enemies":"Small Slimes","floor":3,"turns":2},{"damage":0,"enemies":"Gremlin Nob","floor":6,"turns":2},{"damage":0,"enemies":"Gremlin Gang","floor":8,"turns":2},{"damage":10,"enemies":"Lagavulin","floor":11,"turns":5},{"damage":12,"enemies":"Exordium Thugs","floor":13,"turns":3},{"damage":0,"enemies":"Blue Slaver","floor":14,"turns":3},{"damage":16,"enemies":"The Guardian","floor":16,"turns":8},{"damage":5,"enemies":"Chosen","floor":18,"turns":4},{"damage":5,"enemies":"Spheric Guardian","floor":19,"turns":3},{"damage":6,"enemies":"3 Cultists","floor":20,"turns":4},{"damage":10,"enemies":"Snecko","floor":21,"turns":4},{"damage":4,"enemies":"Cultist and Chosen","floor":22,"turns":4},{"damage":14,"enemies":"Gremlin Leader","floor":24,"turns":4},{"damage":8,"enemies":"Sentry and Sphere","floor":30,"turns":4},{"damage":18,"enemies":"Slavers","floor":31,"turns":2},{"damage":18,"enemies":"Automaton","floor":33,"turns":11},{"damage":1,"enemies":"3 Shapes","floor":35,"turns":3},{"damage":44,"enemies":"2 Orb Walkers","floor":36,"turns":5},{"damage":0,"enemies":"Orb Walker","floor":39,"turns":3},{"damage":35,"enemies":"Reptomancer","floor":40,"turns":4}],"seed_played":"3737167421972226979","potions_obtained":[{"floor":2,"key":"Fire Potion"},{"floor":3,"key":"FocusPotion"},{"floor":14,"key":"Block Potion"},{"floor":16,"key":"Weak Potion"},{"floor":19,"key":"Regen Potion"},{"floor":33,"key":"SteroidPotion"},{"floor":35,"key":"SpeedPotion"}],"is_trial":false,"path_per_floor":["M","M","M","$","?","E","R","M","T","?","E","?","M","M","R","B",null,"M","M","M","M","M","R","E","T","T","R","$","R","M","E","R","B",null,"M","?","?","$","M","E"],"character_chosen":"DEFECT","items_purchased":["Defragment","Thunder Strike","Mercury Hourglass","Chill"],"campfire_rested":3,"item_purchase_floors":[4,28,38,38],"current_hp_per_floor":[66,65,65,65,62,62,62,62,62,51,41,41,29,29,49,33,68,63,58,52,42,47,47,33,33,33,53,53,53,45,27,47,29,68,67,23,23,23,23,0],"gold":64,"neow_bonus":"RANDOM_COLORLESS_2","is_prod":false,"is_daily":false,"chose_seed":false,"campfire_upgraded":2,"win_rate":0,"timestamp":1544149092,"path_taken":["M","M","M","$","?","E","R","M","T","?","E","?","M","M","R","BOSS","M","M","M","M","M","R","E","?","T","R","?","R","M","E","R","BOSS","M","?","?","$","M","E"],"build_version":"2018-12-06","purchased_purges":3,"victory":false,"max_hp_per_floor":[68,68,68,68,68,68,68,68,68,68,68,68,68,68,68,68,68,68,68,68,68,68,68,68,68,68,68,68,68,68,68,68,68,68,68,68,68,68,68,68],"card_choices":[{"not_picked":["Doom and Gloom","Auto Shields"],"picked":"Conserve Battery","floor":1},{"not_picked":["Auto Shields","Fusion"],"picked":"Steam","floor":2},{"not_picked":["Sweeping Beam","Stack"],"picked":"Go for the Eyes","floor":3},{"not_picked":["Hologram","Compile Driver"],"picked":"Barrage","floor":6},{"not_picked":["Barrage","Streamline"],"picked":"Ball Lightning","floor":8},{"not_picked":["Ball Lightning","Beam Cell"],"picked":"Electrodynamics","floor":11},{"not_picked":["Skim","Steam"],"picked":"Ball Lightning","floor":13},{"not_picked":["Gash","Go for the Eyes"],"picked":"Hello World","floor":14},{"not_picked":["Electrodynamics","Amplify"],"picked":"Core Surge","floor":16},{"not_picked":["Aggregate","Scrape+1"],"picked":"Steam+1","floor":18},{"not_picked":["Conserve Battery","Steam"],"picked":"Cold Snap","floor":19},{"not_picked":["Turbo","Steam+1","Go for the Eyes+1"],"picked":"SKIP","floor":20},{"not_picked":["Genetic Algorithm","Blizzard","Go for the Eyes"],"picked":"SKIP","floor":21},{"not_picked":["Fusion","Hello World","Go for the Eyes"],"picked":"SKIP","floor":22},{"not_picked":["Core Surge","Redo"],"picked":"Defragment","floor":24},{"not_picked":["Gash","Capacitor"],"picked":"Leap","floor":30},{"not_picked":["Stack+1","Electrodynamics"],"picked":"Conserve Battery","floor":31},{"not_picked":["Multi-Cast","All For One"],"picked":"Creative AI","floor":33},{"not_picked":["Blizzard","Compile Driver"],"picked":"Ball Lightning","floor":34},{"not_picked":["Glacier","Rebound"],"picked":"Buffer","floor":34},{"not_picked":["Storm","FTL"],"picked":"Sweeping Beam","floor":34},{"not_picked":["Recycle","Go for the Eyes"],"picked":"FTL","floor":34},{"not_picked":["Beam Cell","Turbo+1"],"picked":"Barrage","floor":34},{"not_picked":["BootSequence+1","Blizzard+1"],"picked":"Defragment+1","floor":35},{"not_picked":["Go for the Eyes+1","Stack+1"],"picked":"BootSequence+1","floor":36},{"not_picked":["Hologram","BootSequence+1","Gash+1"],"picked":"SKIP","floor":39}],"player_experience":251914,"relics_obtained":[{"floor":6,"key":"Vajra"},{"floor":11,"key":"Turnip"},{"floor":24,"key":"Bottled Lightning"},{"floor":25,"key":"Gremlin Horn"},{"floor":26,"key":"Darkstone Periapt"},{"floor":31,"key":"Kunai"},{"floor":36,"key":"Incense Burner"}],"event_choices":[{"damage_healed":0,"gold_gain":0,"player_choice":"Success","damage_taken":3,"relics_obtained":["PreservedInsect"],"max_hp_gain":0,"max_hp_loss":0,"event_name":"Scrap Ooze","floor":5,"gold_loss":0},{"damage_healed":0,"gold_gain":75,"player_choice":"Gather Gold","damage_taken":11,"max_hp_gain":0,"max_hp_loss":0,"event_name":"World of Goop","floor":10,"gold_loss":0},{"cards_removed":["Strike_B"],"damage_healed":0,"gold_gain":0,"player_choice":"Offered Basic","damage_taken":0,"max_hp_gain":0,"max_hp_loss":0,"event_name":"Bonfire Elementals","floor":12,"gold_loss":0},{"damage_healed":0,"gold_gain":0,"player_choice":"Fight","damage_taken":0,"max_hp_gain":0,"max_hp_loss":0,"event_name":"Mysterious Sphere","floor":36,"gold_loss":0},{"damage_healed":0,"gold_gain":0,"player_choice":"Ignored","damage_taken":0,"max_hp_gain":0,"max_hp_loss":0,"event_name":"SecretPortal","floor":37,"gold_loss":0}],"is_beta":false,"boss_relics":[{"not_picked":["Runic Dome","FrozenCore"],"picked":"Velvet Choker"},{"not_picked":["Calling Bell","Lizard Tail"],"picked":"Orrery"}],"items_purged_floors":[4,28,38],"is_endless":false,"potions_floor_spawned":[2,3,14,16,19,20,21,33,35],"killed_by":"Reptomancer","ascension_level":0}