{"gold_per_floor":[118,17,17,36,111,111,121,153,153,153,153,153,168,197,197,275,275,294,294,74,88,111,111,175,187,211,96,96,115,115,126,126,203,203,216,236,236,236],"floor_reached":38,"playtime":1677,"items_purged":["Strike_G"],"score":790,"play_id":"4c6643b5-6a47-46ac-bee5-0d27254581b6","local_time":"20190309045013","is_ascension_mode":true,"campfire_choices":[{"data":"Noxious Fumes","floor":6,"key":"SMITH"},{"data":"Cloak And Dagger","floor":10,"key":"SMITH"},{"data":"Deadly Poison","floor":12,"key":"SMITH"},{"data":"1","floor":15,"key":"LIFT"},{"data":"Corpse Explosion","floor":23,"key":"SMITH"},{"data":"Footwork","floor":28,"key":"SMITH"},{"data":"Footwork","floor":30,"key":"SMITH"},{"data":"2","floor":32,"key":"LIFT"}],"neow_cost":"NONE","seed_source_timestamp":448752588024493,"circlet_count":0,"master_deck":["AscendersBane","Defend_G+1","Defend_G","Defend_G","Defend_G+1","Defend_G","Survivor","Neutralize+1","Noxious Fumes+1","Masterful Stab","Deadly Poison+1","Dagger Spray","Cloak And Dagger+1","PiercingWail","Corpse Explosion+1","Footwork+1","After Image","After Image","Footwork+1","Flying Knee+1","Noxious Fumes","Leg Sweep","PiercingWail+1","Tools of the Trade","Setup+1","Bane+1","Reflex+1","Calculated Gamble"],"relics":["Eternal Feather","Girya","Tough Bandages","Snake Skull","Snecko Eye","Frozen Eye","War Paint","Tiny Chest","Blood Vial","Astrolabe","GremlinMask"],"potions_floor_usage":[8,14,25,29,31,33,35],"damage_taken":[{"damage":4,"enemies":"Small Slimes","floor":1,"turns":4},{"damage":0,"enemies":"2 Louse","floor":4,"turns":3},{"damage":1,"enemies":"Cultist","floor":7,"turns":4},{"damage":20,"enemies":"Lagavulin","floor":8,"turns":5},{"damage":4,"enemies":"Red Slaver","floor":13,"turns":3},{"damage":0,"enemies":"3 Sentries","floor":14,"turns":3},{"damage":10,"enemies":"The Guardian","floor":16,"turns":10},{"damage":13,"enemies":"Shell Parasite","floor":18,"turns":7},{"damage":16,"enemies":"Chosen","floor":21,"turns":7},{"damage":16,"enemies":"Book of Stabbing","floor":24,"turns":7},{"damage":19,"enemies":"Sentry and Sphere","floor":25,"turns":5},{"damage":0,"enemies":"Snecko","floor":29,"turns":6},{"damage":10,"enemies":"Shelled Parasite and Fungi","floor":31,"turns":5},{"damage":29,"enemies":"Collector","floor":33,"turns":9},{"damage":24,"enemies":"3 Shapes","floor":35,"turns":8},{"damage":13,"enemies":"Orb Walker","floor":36,"turns":4},{"damage":35,"enemies":"Maw","floor":38,"turns":5}],"seed_played":"-4776549097841931285","potions_obtained":[{"floor":1,"key":"Energy Potion"},{"floor":7,"key":"SteroidPotion"},{"floor":13,"key":"GhostInAJar"},{"floor":14,"key":"Explosive Potion"},{"floor":24,"key":"GhostInAJar"},{"floor":29,"key":"EntropicBrew"},{"floor":33,"key":"Poison Potion"},{"floor":36,"key":"Fire Potion"}],"is_trial":false,"path_per_floor":["M","$","?","M","?","R","M","E","T","R","?","R","M","E","R","B",null,"M","?","$","M","T","R","E","M","T","$","R","M","R","M","R","B",null,"M","M","?","M"],"character_chosen":"THE_SILENT","items_purchased":["Masterful Stab","Deadly Poison","Frozen Eye","Noxious Fumes"],"campfire_rested":0,"item_purchase_floors":[2,2,20,27],"current_hp_per_floor":[55,55,48,48,37,46,45,25,25,34,34,43,39,39,51,41,60,47,47,47,31,31,43,27,8,8,8,20,22,37,29,44,17,54,32,21,21,0],"gold":236,"neow_bonus":"BOSS_RELIC","is_prod":false,"is_daily":false,"chose_seed":false,"campfire_upgraded":6,"win_rate":0,"timestamp":1552125013,"path_taken":["M","$","?","M","?","R","M","E","T","R","?","R","M","E","R","BOSS","M","?","?","?","?","R","E","M","T","$","R","?","R","M","R","BOSS","M","?","?","?"],"build_version":"2019-01-23","purchased_purges":1,"victory":false,"max_hp_per_floor":[66,66,66,66,66,66,66,66,66,66,66,66,66,66,66,66,66,66,66,66,66,66,66,66,66,66,66,66,66,66,66,66,66,66,66,66,66,66],"card_choices":[{"not_picked":["Acrobatics","Dodge and Roll"],"picked":"Noxious Fumes","floor":1},{"not_picked":["Flechettes","Blade Dance"],"picked":"Dagger Spray","floor":4},{"not_picked":["Deflect","Expertise"],"picked":"Cloak And Dagger","floor":7},{"not_picked":["Dagger Spray","Terror"],"picked":"PiercingWail","floor":8},{"not_picked":["Cloak And Dagger","Terror"],"picked":"Corpse Explosion","floor":13},{"not_picked":["Sucker Punch","All Out Attack"],"picked":"Footwork","floor":14},{"not_picked":["Doppelganger","Adrenaline"],"picked":"After Image","floor":16},{"not_picked":["Bane","Blade Dance","Finisher"],"picked":"SKIP","floor":18},{"not_picked":["Poisoned Stab","Sucker Punch","Flying Knee"],"picked":"SKIP","floor":21},{"not_picked":["Prepared","Outmaneuver"],"picked":"Footwork","floor":24},{"not_picked":["Deflect","Blade Dance"],"picked":"Flying Knee+1","floor":25},{"not_picked":["Setup","Dagger Throw"],"picked":"Leg Sweep","floor":29},{"not_picked":["Deadly Poison","Caltrops+1"],"picked":"PiercingWail+1","floor":31},{"not_picked":["Venomology","Phantasmal Killer"],"picked":"Tools of the Trade","floor":33},{"not_picked":["Slice","Dagger Spray","Quick Slash"],"picked":"SKIP","floor":35},{"not_picked":["Dagger Spray","Sucker Punch"],"picked":"Calculated Gamble","floor":36}],"player_experience":900694,"relics_obtained":[{"floor":8,"key":"Girya"},{"floor":9,"key":"Tough Bandages"},{"floor":14,"key":"Snake Skull"},{"floor":22,"key":"War Paint"},{"floor":24,"key":"Tiny Chest"},{"floor":26,"key":"Blood Vial"}],"event_choices":[{"cards_removed":["Strike_G"],"damage_healed":0,"gold_gain":0,"player_choice":"Card Removal","damage_taken":7,"max_hp_gain":0,"max_hp_loss":0,"event_name":"Golden Wing","floor":3,"gold_loss":0},{"damage_healed":0,"gold_gain":75,"player_choice":"Gather Gold","damage_taken":11,"max_hp_gain":0,"max_hp_loss":0,"event_name":"World of Goop","floor":5,"gold_loss":0},{"damage_healed":0,"gold_gain":0,"player_choice":"Grow","damage_taken":0,"max_hp_gain":0,"max_hp_loss":0,"event_name":"Living Wall","floor":11,"gold_loss":0,"cards_upgraded":["Neutralize"]},{"damage_healed":0,"gold_gain":0,"player_choice":"Copied","damage_taken":0,"max_hp_gain":0,"max_hp_loss":0,"event_name":"Duplicator","floor":19,"gold_loss":0,"cards_obtained":["After Image"]},{"damage_healed":0,"gold_gain":0,"player_choice":"Trade","damage_taken":0,"relics_obtained":["GremlinMask"],"max_hp_gain":0,"max_hp_loss":0,"event_name":"FaceTrader","floor":37,"gold_loss":0}],"is_beta":false,"boss_relics":[{"not_picked":["Busted Crown","Calling Bell"],"picked":"Snecko Eye"},{"not_picked":["Velvet Choker","Runic Pyramid"],"picked":"Astrolabe"}],"items_purged_floors":[27],"is_endless":false,"potions_floor_spawned":[1,7,13,14,18,24,29,33,36],"killed_by":"Maw","ascension_level":17}