{"gold_per_floor":[20,33,53,65,77,77,77,111,135,235,246,260,260,260,260,359,359,373,16,291,314,334,334,359,359,359,359,359,397,409,80,80,173,173,191,9,342,342,342,354,354,354,354,173,173,186,2,22,22,22],"floor_reached":51,"playtime":2396,"items_purged":["Strike_B","Regret","Strike_B","Strike_B","Strike_B"],"score":1131,"play_id":"37c5b967-7ddc-41b0-aeb3-d83b81e2f32d","local_time":"20190301202416","is_ascension_mode":true,"campfire_choices":[{"data":"Go for the Eyes","floor":6,"key":"SMITH"},{"data":"Defragment","floor":13,"key":"SMITH"},{"data":"Static Discharge","floor":15,"key":"SMITH"},{"data":"Lockon","floor":23,"key":"SMITH"},{"data":"Defragment","floor":25,"key":"SMITH"},{"data":"Skim","floor":27,"key":"SMITH"},{"floor":30,"key":"REST"},{"data":"Biased Cognition","floor":32,"key":"SMITH"},{"data":"Fission","floor":41,"key":"SMITH"},{"data":"Static Discharge","floor":49,"key":"SMITH"}],"neow_cost":"NO_GOLD","seed_source_timestamp":771573503138961,"circlet_count":0,"master_deck":["AscendersBane","Defend_B","Defend_B","Defend_B","Defend_B","Zap","Dualcast+1","Go for the Eyes+1","Lockon+1","Reinforced Body+1","Hello World","Defragment+1","Skim+1","Rainbow","Static Discharge+1","Biased Cognition+1","Coolheaded","Defragment+1","Go for the Eyes+1","Self Repair","Core Surge","Fission+1","Static Discharge+1"],"relics":["Cracked Core","Bird Faced Urn","Boot","Pen Nib","Cursed Key","Membership Card","Happy Flower","MawBank","Potion Belt","OrangePellets","Busted Crown","Strange Spoon","Chemical X"],"potions_floor_usage":[8,8,12,18,24,33,33,40,46,48,50],"damage_taken":[{"damage":1,"enemies":"2 Louse","floor":1,"turns":3},{"damage":0,"enemies":"Small Slimes","floor":2,"turns":3},{"damage":6,"enemies":"Cultist","floor":3,"turns":3},{"damage":0,"enemies":"Large Slime","floor":4,"turns":4},{"damage":2,"enemies":"3 Louse","floor":5,"turns":4},{"damage":8,"enemies":"Gremlin Nob","floor":8,"turns":4},{"damage":16,"enemies":"Gremlin Gang","floor":11,"turns":5},{"damage":8,"enemies":"Large Slime","floor":12,"turns":5},{"damage":6,"enemies":"Hexaghost","floor":16,"turns":7},{"damage":8,"enemies":"2 Thieves","floor":18,"turns":4},{"damage":5,"enemies":"3 Byrds","floor":21,"turns":2},{"damage":16,"enemies":"Centurion and Healer","floor":22,"turns":7},{"damage":5,"enemies":"Cultist and Chosen","floor":24,"turns":4},{"damage":40,"enemies":"Gremlin Leader","floor":29,"turns":4},{"damage":23,"enemies":"Automaton","floor":33,"turns":11},{"damage":5,"enemies":"Orb Walker","floor":35,"turns":5},{"damage":7,"enemies":"3 Darklings","floor":40,"turns":6},{"damage":9,"enemies":"Maw","floor":46,"turns":6},{"damage":12,"enemies":"Sphere and 2 Shapes","floor":48,"turns":4},{"damage":21,"enemies":"Time Eater","floor":50,"turns":10}],"seed_played":"-4031836546360022202","potions_obtained":[{"floor":3,"key":"Weak Potion"},{"floor":4,"key":"FearPotion"},{"floor":8,"key":"Energy Potion"},{"floor":16,"key":"SkillPotion"},{"floor":18,"key":"Explosive Potion"},{"floor":29,"key":"EssenceOfSteel"},{"floor":35,"key":"PowerPotion"},{"floor":40,"key":"Energy Potion"},{"floor":46,"key":"SkillPotion"}],"is_trial":false,"path_per_floor":["M","M","M","M","M","R","?","E","T","?","M","M","R","?","R","B",null,"M","$","?","M","M","R","M","R","T","R","?","E","R","$","R","B",null,"M","$","?","T","?","M","R","T","T","$","?","M","$","M","R","B",null],"character_chosen":"DEFECT","items_purchased":["Membership Card","Happy Flower","Defragment","Core Surge","Potion Belt","OrangePellets","Regen Potion","FocusPotion","Strange Spoon","Static Discharge","GamblersBrew","Seek","Chemical X"],"campfire_rested":1,"item_purchase_floors":[19,19,19,31,31,31,31,31,36,36,44,44,47],"current_hp_per_floor":[67,67,61,61,61,61,46,40,40,40,26,22,22,22,22,22,57,55,55,55,54,48,48,51,51,51,51,69,33,53,53,53,64,68,69,69,69,69,69,69,69,69,69,69,69,69,69,69,69,65],"gold":22,"neow_bonus":"ONE_RARE_RELIC","is_prod":false,"is_daily":false,"chose_seed":false,"campfire_upgraded":9,"win_rate":0,"timestamp":1551489856,"path_taken":["M","M","M","M","M","R","?","E","T","?","M","?","R","?","R","BOSS","M","$","?","M","?","R","M","R","T","R","?","E","R","$","R","BOSS","M","$","?","?","?","?","R","?","T","$","?","M","?","M","R","BOSS"],"build_version":"2019-01-23","purchased_purges":5,"victory":true,"max_hp_per_floor":[75,75,75,75,75,75,75,75,75,75,75,75,75,69,69,69,69,69,69,69,69,69,69,69,69,69,69,69,69,69,69,69,69,69,69,69,69,69,69,69,69,69,69,69,69,69,69,69,69,69],"card_choices":[{"not_picked":["Cold Snap","Hologram"],"picked":"Go for the Eyes","floor":1},{"not_picked":["Blizzard","Stack"],"picked":"Lockon","floor":2},{"not_picked":["Barrage","Stack"],"picked":"Reinforced Body","floor":3},{"not_picked":["Turbo","Auto Shields"],"picked":"Hello World","floor":4},{"not_picked":["Heatsinks","Gash"],"picked":"Defragment","floor":5},{"not_picked":["Chill","Gash"],"picked":"Skim","floor":8},{"not_picked":["Cold Snap","Barrage"],"picked":"Rainbow","floor":11},{"not_picked":["Sweeping Beam","Turbo"],"picked":"Static Discharge","floor":12},{"not_picked":["Creative AI","Rainbow"],"picked":"Biased Cognition","floor":16},{"not_picked":["Gash+1","Sweeping Beam"],"picked":"Coolheaded","floor":18},{"not_picked":["Blizzard","Turbo"],"picked":"Go for the Eyes+1","floor":21},{"not_picked":["Aggregate+1","Go for the Eyes+1","Barrage+1"],"picked":"SKIP","floor":22},{"not_picked":["Ball Lightning","Steam Power"],"picked":"Self Repair","floor":24},{"not_picked":["Auto Shields","Aggregate","Beam Cell+1"],"picked":"SKIP","floor":29},{"not_picked":["Core Surge","Machine Learning"],"picked":"Fission","floor":33},{"not_picked":["Consume"],"picked":"SKIP","floor":35},{"not_picked":["Leap"],"picked":"SKIP","floor":40},{"not_picked":["Stack"],"picked":"SKIP","floor":46},{"not_picked":["Gash"],"picked":"SKIP","floor":48}],"player_experience":758101,"relics_obtained":[{"floor":8,"key":"Boot"},{"floor":9,"key":"Pen Nib"},{"floor":29,"key":"MawBank"}],"event_choices":[{"damage_healed":0,"gold_gain":0,"player_choice":"Entered Light","damage_taken":15,"max_hp_gain":0,"max_hp_loss":0,"event_name":"Shining Light","floor":7,"gold_loss":0,"cards_upgraded":["Reinforced Body","Dualcast"]},{"damage_healed":0,"gold_gain":100,"player_choice":"Pray","damage_taken":0,"max_hp_gain":0,"max_hp_loss":0,"event_name":"Golden Shrine","floor":10,"gold_loss":0},{"damage_healed":0,"gold_gain":0,"player_choice":"Lose Max HP","damage_taken":0,"relics_obtained":["Golden Idol"],"max_hp_gain":0,"max_hp_loss":6,"event_name":"Golden Idol","floor":14,"gold_loss":0},{"damage_healed":0,"gold_gain":275,"player_choice":"Desecrate","damage_taken":0,"max_hp_gain":0,"max_hp_loss":0,"event_name":"Golden Shrine","floor":20,"gold_loss":0,"cards_obtained":["Regret"]},{"damage_healed":23,"gold_gain":0,"player_choice":"Heal","damage_taken":0,"max_hp_gain":0,"max_hp_loss":0,"event_name":"The Library","floor":28,"gold_loss":0},{"damage_healed":0,"gold_gain":333,"player_choice":"Gave Idol","damage_taken":0,"max_hp_gain":0,"max_hp_loss":0,"event_name":"The Moai Head","floor":37,"relics_lost":["Golden Idol"],"gold_loss":0},{"damage_healed":0,"gold_gain":0,"player_choice":"Ignored","damage_taken":0,"max_hp_gain":0,"max_hp_loss":0,"event_name":"Tomb of Lord Red Mask","floor":39,"gold_loss":0},{"cards_removed":["Seek"],"damage_healed":0,"gold_gain":0,"player_choice":"Removed Skill","damage_taken":0,"max_hp_gain":0,"max_hp_loss":0,"event_name":"Falling","floor":45,"gold_loss":0}],"is_beta":false,"boss_relics":[{"not_picked":["Lizard Tail","White Beast Statue"],"picked":"Cursed Key"},{"not_picked":["Empty Cage","FrozenCore"],"picked":"Busted Crown"}],"items_purged_floors":[19,31,36,44,47],"is_endless":false,"potions_floor_spawned":[3,4,8,16,18,29,35,40,46],"ascension_level":13}