{"gold_per_floor":[111,111,122,135,10,37,37,70,124,141,161,161,161,126,126,126],"floor_reached":16,"playtime":756,"items_purged":[],"score":151,"play_id":"5c60d235-6593-4d22-8c2f-cca86941aebd","local_time":"20190309101043","is_ascension_mode":true,"campfire_choices":[{"data":"Neutralize","floor":7,"key":"SMITH"},{"floor":13,"key":"REST"},{"data":"Well Laid Plans","floor":15,"key":"SMITH"}],"neow_cost":"NONE","seed_source_timestamp":154349692218978,"circlet_count":0,"master_deck":["Defend_G","Defend_G","Defend_G","Defend_G","Defend_G","Strike_G","Strike_G","Strike_G","Strike_G","Strike_G","Survivor","Neutralize+1","Well Laid Plans+1","Blade Dance+1","Dodge and Roll+1","Malaise+1"],"relics":["Ring of the Snake","NeowsBlessing","Toxic Egg 2","Snake Skull","Bag of Marbles","Odd Mushroom","Bottled Tornado"],"potions_floor_usage":[6,6,8,11,16],"damage_taken":[{"damage":0,"enemies":"2 Louse","floor":1,"turns":1},{"damage":0,"enemies":"Cultist","floor":3,"turns":1},{"damage":0,"enemies":"Small Slimes","floor":4,"turns":1},{"damage":26,"enemies":"3 Sentries","floor":6,"turns":13},{"damage":32,"enemies":"Lagavulin","floor":8,"turns":8},{"damage":0,"enemies":"Exordium Wildlife","floor":10,"turns":3},{"damage":20,"enemies":"The Mushroom Lair","floor":11,"turns":4},{"damage":54,"enemies":"Hexaghost","floor":16,"turns":23}],"seed_played":"5561249582323061222","potions_obtained":[{"floor":3,"key":"Regen Potion"},{"floor":6,"key":"Regen Potion"},{"floor":8,"key":"EssenceOfSteel"},{"floor":10,"key":"AttackPotion"}],"is_trial":false,"path_per_floor":["M","?","M","M","$","E","R","E","T","M","?","T","R","?","R","B"],"character_chosen":"THE_SILENT","items_purchased":["Well Laid Plans","PowerPotion"],"campfire_rested":1,"item_purchase_floors":[5,5],"current_hp_per_floor":[63,63,63,63,63,52,52,35,35,35,15,15,36,53,53,0],"gold":126,"neow_bonus":"THREE_ENEMY_KILL","is_prod":false,"is_daily":false,"chose_seed":false,"campfire_upgraded":2,"win_rate":0,"timestamp":1552147843,"path_taken":["M","?","M","?","$","E","R","E","T","M","?","?","R","?","R","BOSS"],"build_version":"2019-01-23","purchased_purges":0,"victory":false,"max_hp_per_floor":[70,70,70,70,70,70,70,70,70,70,70,70,70,70,70,70],"card_choices":[{"not_picked":["Prepared","Quick Slash","Outmaneuver"],"picked":"SKIP","floor":1},{"not_picked":["PiercingWail","Distraction","Dagger Spray"],"picked":"SKIP","floor":3},{"not_picked":["Calculated Gamble","Prepared","Deflect"],"picked":"SKIP","floor":4},{"not_picked":["Bane","Caltrops"],"picked":"Blade Dance","floor":6},{"not_picked":["Choke","Well Laid Plans"],"picked":"Dodge and Roll+1","floor":8},{"not_picked":["Sucker Punch","Dagger Throw"],"picked":"Malaise+1","floor":10}],"player_experience":333344,"relics_obtained":[{"floor":6,"key":"Toxic Egg 2"},{"floor":8,"key":"Snake Skull"},{"floor":9,"key":"Bag of Marbles"},{"floor":11,"key":"Odd Mushroom"},{"floor":12,"key":"Bottled Tornado"}],"event_choices":[{"damage_healed":0,"gold_gain":0,"player_choice":"Ignored","damage_taken":0,"max_hp_gain":0,"max_hp_loss":0,"event_name":"Transmorgrifier","floor":2,"gold_loss":0},{"damage_healed":0,"gold_gain":0,"player_choice":"Fought Mushrooms","damage_taken":0,"max_hp_gain":0,"max_hp_loss":0,"event_name":"Mushrooms","floor":11,"gold_loss":0},{"damage_healed":17,"gold_gain":0,"player_choice":"Healed","damage_taken":0,"max_hp_gain":0,"max_hp_loss":0,"event_name":"The Cleric","floor":14,"gold_loss":35}],"is_beta":false,"boss_relics":[],"items_purged_floors":[],"is_endless":false,"potions_floor_spawned":[3,6,8,10],"killed_by":"Hexaghost","ascension_level":8}