{"path_per_floor":["M","M","M","M","M","M","R","?","T","R","T","R","$","?","R","B",null,"M","?","M","M","$","R","E","R","T","$","$","?","R","M","R","B",null,"M","?","M","?","$","R","M","M","T","$","M","M","?","E","R","B"],"character_chosen":"IRONCLAD","items_purchased":["Thinking Ahead","Shrug It Off","Pen Nib"],"gold_per_floor":[118,129,143,159,178,193,193,193,193,193,220,220,10,10,10,106,106,117,117,129,139,64,64,96,96,96,46,46,46,46,61,61,163,163,179,279,299,299,199,199,216,233,286,133,152,165,215,243,243,243],"floor_reached":51,"campfire_rested":0,"playtime":4944,"current_hp_per_floor":[80,78,77,74,69,75,75,67,67,67,67,67,67,67,67,23,80,72,57,61,54,54,54,47,47,47,47,47,47,47,59,59,11,59,55,55,59,59,59,59,59,59,59,59,59,59,59,69,69,58],"items_purged":["Strike_R","Cleave"],"gold":243,"play_id":"305fee6e-8922-4659-922e-bfa2c192e24a","is_prod":false,"is_daily":false,"is_ascension_mode":false,"campfire_upgraded":10,"path_taken":["M","M","M","M","M","M","R","?","T","R","?","R","$","?","R","BOSS","M","?","?","M","$","R","E","R","T","?","$","?","R","M","R","BOSS","M","?","M","?","$","R","?","M","T","$","M","M","?","E","R","BOSS"],"build_version":"2018-01-25-PROD3","purchased_purges":3,"victory":true,"master_deck":["Defend_R","Defend_R","Defend_R","Defend_R","Bash","Evolve+1","Wild Strike+1","True Grit+1","Clothesline+1","Pommel Strike+1","Thinking Ahead+1","Bludgeon+1","Infernal Blade","Feel No Pain+1","Shrug It Off+1","Bite_R","Bite_R","Bite_R","Bite_R","Bite_R","Inflame+1","Offering","Shrug It Off+1","Metallicize+1","Warcry+1","True Grit+1"],"max_hp_per_floor":[80,80,80,80,80,80,80,80,80,80,80,80,80,80,80,80,80,80,85,85,85,85,85,85,85,85,85,85,59,59,59,59,59,59,59,59,59,59,59,59,59,59,59,59,59,59,59,69,69,69],"relics":["Burning Blood","Bird Faced Urn","Orichalcum","Velvet Choker","Unceasing Top","Frozen Eye","Mark of Pain","Happy Flower","Pen Nib","Ginger","Pear"],"card_choices":[{"not_picked":["Sword Boomerang","Combust"],"picked":"Evolve"},{"not_picked":["Dual Wield","Exhume"],"picked":"Wild Strike"},{"not_picked":["Armaments","Havoc"],"picked":"True Grit"},{"not_picked":["Perfected Strike","Rage"],"picked":"Cleave"},{"not_picked":["Clash","Rupture"],"picked":"Clothesline"},{"not_picked":["Iron Wave","Sword Boomerang"],"picked":"Pommel Strike"},{"not_picked":["Impervious","Brutality"],"picked":"Bludgeon"},{"not_picked":["Fire Breathing","Anger"],"picked":"Infernal Blade"},{"not_picked":["Wild Strike","Flex"],"picked":"Feel No Pain"},{"not_picked":["Warcry","Reckless Charge"],"picked":"Infernal Blade"},{"not_picked":["Burning Pact","Body Slam"],"picked":"Inflame"},{"not_picked":["Limit Break","Feed"],"picked":"Offering"},{"not_picked":["Battle Trance","Combust"],"picked":"Shrug It Off"},{"not_picked":["Bloodletting","Warcry"],"picked":"Metallicize"},{"not_picked":["Perfected Strike","Heavy Blade"],"picked":"Warcry"},{"not_picked":["Bloodletting","Heavy Blade"],"picked":"True Grit"}],"player_experience":310183,"potions_floor_usage":[4,24,24,35,50,50,50],"damage_taken":[{"damage":0,"enemies":"2 Louse","floor":1,"turns":4},{"damage":8,"enemies":"Cultist","floor":2,"turns":6},{"damage":7,"enemies":"Small Slimes","floor":3,"turns":4},{"damage":9,"enemies":"Exordium Thugs","floor":4,"turns":5},{"damage":11,"enemies":"2 Fungi Beasts","floor":5,"turns":4},{"damage":0,"enemies":"Large Slime","floor":6,"turns":5},{"damage":52,"enemies":"Slime Boss","floor":16,"turns":11},{"damage":14,"enemies":"3 Byrds","floor":18,"turns":5},{"damage":4,"enemies":"Spheric Guardian","floor":20,"turns":3},{"damage":15,"enemies":"Snake Plant","floor":21,"turns":4},{"damage":30,"enemies":"Gremlin Leader","floor":24,"turns":7},{"damage":10,"enemies":"Centurion and Healer","floor":31,"turns":6},{"damage":74,"enemies":"Champ","floor":33,"turns":12},{"damage":26,"enemies":"3 Darklings","floor":35,"turns":5},{"damage":14,"enemies":"3 Shapes","floor":37,"turns":7},{"damage":4,"enemies":"Maw","floor":41,"turns":7},{"damage":35,"enemies":"3 Darklings","floor":42,"turns":10},{"damage":15,"enemies":"Sphere and 2 Shapes","floor":45,"turns":6},{"damage":8,"enemies":"4 Shapes","floor":46,"turns":5},{"damage":13,"enemies":"Mysterious Sphere","floor":47,"turns":6},{"damage":14,"enemies":"Giant Head","floor":48,"turns":7},{"damage":31,"enemies":"Time Eater","floor":50,"turns":12}],"event_choices":[{"event_name":"Wheel of Change","player_choice":"Damage","floor":8,"damage_taken":0},{"event_name":"Accursed Blacksmith","player_choice":"Ignore","floor":14,"damage_taken":0},{"event_name":"Forgotten Altar","player_choice":"Shed Blood","floor":19,"damage_taken":0},{"event_name":"Vampires","player_choice":"Became a vampire","floor":29,"damage_taken":0},{"event_name":"Golden Shrine","player_choice":"Pray","floor":36,"damage_taken":0},{"event_name":"Mysterious Sphere","player_choice":"Fight","floor":47,"damage_taken":0}],"boss_relics":[{"not_picked":["Sozu","Astrolabe"],"picked":"Velvet Choker"},{"not_picked":["Pandora\u0027s Box","Calling Bell"],"picked":"Mark of Pain"}],"potions_floor_spawned":[3,4,6,18,21,33,41,46,47,48],"seed_played":"-2456604548522682966","ascension_level":0,"is_trial":false}