{"path_per_floor":["M","M","?","M","M","R","M","R","T","R","M","M","?","?","R","B",null,"M","?","?","M","$","R","M","?","T","R","?","R","?","M","R","B",null,"M","M","$","T","M","E","R","M","T","M","R","M","M","M","R","B"],"character_chosen":"IRONCLAD","items_purchased":["Inflame","Singing Bowl","Shuriken","Dexterity Potion"],"gold_per_floor":[363,374,374,386,399,399,415,415,415,415,427,438,438,438,438,536,536,556,556,556,570,272,272,289,289,313,313,313,313,313,323,323,419,419,434,448,47,47,61,95,95,109,136,152,152,166,184,196,196,196],"floor_reached":51,"campfire_rested":4,"playtime":4797,"current_hp_per_floor":[72,72,72,72,64,64,67,67,67,67,63,62,62,67,67,64,77,77,77,77,39,39,39,21,5,5,28,28,28,28,21,45,26,81,81,83,83,83,61,43,43,30,30,36,62,49,44,52,79,42],"items_purged":["Sword Boomerang","Sever Soul"],"gold":196,"play_id":"4ca543d5-99aa-4b51-a72e-288536761cdd","is_prod":false,"is_daily":false,"is_ascension_mode":false,"campfire_upgraded":7,"path_taken":["M","M","?","M","M","R","M","R","T","R","M","M","?","?","R","BOSS","M","?","?","M","$","R","M","?","T","R","?","R","?","M","R","BOSS","M","M","$","?","M","E","R","M","T","M","R","M","M","M","R","BOSS"],"build_version":"2018-01-25-PROD3","purchased_purges":2,"victory":true,"master_deck":["Bash","Armaments+1","Spot Weakness+1","Headbutt","Shrug It Off+1","Battle Trance","Limit Break+1","Barricade+1","Heavy Blade","Clothesline","Twin Strike","Spot Weakness","Bloodletting","Shockwave","Body Slam","True Grit+1","Entrench","Rampage+1","Inflame","Necronomicurse","Offering","Shrug It Off+1","Pommel Strike+1","Metallicize+1","Feel No Pain+1"],"max_hp_per_floor":[72,72,72,72,72,72,72,72,72,72,72,72,72,77,77,77,77,77,77,77,77,77,77,79,79,79,79,79,79,79,81,81,81,81,81,83,83,83,83,85,85,87,87,87,87,87,89,91,91,91],"relics":["Burning Blood","Mercury Hourglass","Pandora\u0027s Box","Singing Bowl","Necronomicon","Pen Nib","Snecko Eye","Shuriken","Champion Belt","Ice Cream","Bag of Marbles"],"card_choices":[{"not_picked":["Havoc","Thunderclap"],"picked":"Sever Soul"},{"not_picked":["Cleave","Evolve"],"picked":"Armaments"},{"not_picked":["Dropkick","Clothesline"],"picked":"Spot Weakness"},{"not_picked":["Dropkick","Body Slam"],"picked":"Headbutt"},{"not_picked":["Seeing Red","Heavy Blade"],"picked":"Shrug It Off"},{"not_picked":["Warcry","Spot Weakness"],"picked":"Battle Trance"},{"not_picked":["Warcry","Twin Strike"],"picked":"Limit Break"},{"not_picked":["Berserk","Impervious"],"picked":"Barricade"},{"not_picked":["Thunderclap","Body Slam"],"picked":"True Grit"},{"not_picked":["True Grit","Heavy Blade"],"picked":"Rampage"},{"not_picked":["Brutality","Limit Break"],"picked":"Offering"},{"not_picked":["Rampage","Second Wind"],"picked":"Shrug It Off"},{"not_picked":["Twin Strike","Clash"],"picked":"Pommel Strike"},{"not_picked":["Dropkick","Thunderclap"],"picked":"Metallicize"},{"not_picked":["Clothesline","Pummel"],"picked":"Feel No Pain"}],"player_experience":300767,"potions_floor_usage":[7,18,24,24,33,33,39,40,42,50,50],"damage_taken":[{"damage":6,"enemies":"Cultist","floor":1,"turns":3},{"damage":6,"enemies":"Blue Slaver","floor":2,"turns":4},{"damage":0,"enemies":"Small Slimes","floor":4,"turns":4},{"damage":14,"enemies":"Red Slaver","floor":5,"turns":6},{"damage":3,"enemies":"Gremlin Gang","floor":7,"turns":4},{"damage":10,"enemies":"Looter","floor":11,"turns":3},{"damage":7,"enemies":"Large Slime","floor":12,"turns":6},{"damage":9,"enemies":"Slime Boss","floor":16,"turns":6},{"damage":3,"enemies":"3 Byrds","floor":18,"turns":4},{"damage":44,"enemies":"Spheric Guardian","floor":21,"turns":6},{"damage":41,"enemies":"Chosen and Byrds","floor":24,"turns":7},{"damage":15,"enemies":"3 Cultists","floor":31,"turns":4},{"damage":25,"enemies":"Collector","floor":33,"turns":5},{"damage":4,"enemies":"Orb Walker","floor":35,"turns":2},{"damage":4,"enemies":"3 Darklings","floor":36,"turns":5},{"damage":28,"enemies":"Sphere and 2 Shapes","floor":39,"turns":6},{"damage":35,"enemies":"2 Orb Walkers","floor":40,"turns":4},{"damage":36,"enemies":"4 Shapes","floor":42,"turns":7},{"damage":0,"enemies":"Maw","floor":44,"turns":6},{"damage":19,"enemies":"Sphere and 2 Shapes","floor":46,"turns":11},{"damage":13,"enemies":"4 Shapes","floor":47,"turns":6},{"damage":0,"enemies":"Maw","floor":48,"turns":6},{"damage":43,"enemies":"Time Eater","floor":50,"turns":12}],"event_choices":[{"event_name":"Match and Keep!","player_choice":"0 cards matched","floor":3,"damage_taken":0},{"event_name":"Match and Keep!","player_choice":"0 cards matched","floor":3,"damage_taken":0},{"event_name":"The Lab","player_choice":"Got Potions","floor":13,"damage_taken":0},{"event_name":"Big Fish","player_choice":"Donut","floor":14,"damage_taken":0},{"event_name":"Bonfire Elementals","player_choice":"COMMON","floor":19,"damage_taken":0},{"event_name":"The Library","player_choice":"Read","floor":20,"damage_taken":0},{"event_name":"Cursed Tome","player_choice":"Obtained Book","floor":25,"damage_taken":0},{"event_name":"Vampires","player_choice":"Ignored","floor":28,"damage_taken":0},{"event_name":"Fountain of Cleansing","player_choice":"Ignored","floor":30,"damage_taken":0}],"boss_relics":[{"not_picked":["Orrery","Runic Pyramid"],"picked":"Pandora\u0027s Box"},{"not_picked":["Calling Bell","Sozu"],"picked":"Snecko Eye"}],"potions_floor_spawned":[2,4,7,12,21,24,35,39,40,48],"seed_played":"5441754846575762848","ascension_level":0,"is_trial":false}