{"gold_per_floor":[109,109,120,135,150,179,190,190,240,275,275,275,275,304,304,401,401,417,327,216,229,241,241,302,302,381,381,396,427,427,407,407,503,503,520,345,355,430,447,479,479,495,495,495,507,156,172,199,199,199],"floor_reached":51,"playtime":2970,"items_purged":["Strike_B","Strike_B","Shame"],"score":1196,"play_id":"6b6a0f83-ade6-4cb8-9f56-a05c496a2a9c","local_time":"20181114215329","is_ascension_mode":true,"campfire_choices":[{"data":"Core Surge","floor":8,"key":"SMITH"},{"data":"Electrodynamics","floor":12,"key":"SMITH"},{"data":"Zap","floor":15,"key":"SMITH"},{"data":"Buffer","floor":23,"key":"SMITH"},{"data":"Sunder","floor":27,"key":"SMITH"},{"data":"Ball Lightning","floor":30,"key":"SMITH"},{"data":"Cold Snap","floor":32,"key":"SMITH"},{"data":"Thunder Strike","floor":41,"key":"SMITH"},{"data":"Echo Form","floor":44,"key":"SMITH"},{"data":"Electrodynamics","floor":49,"key":"SMITH"}],"neow_cost":"CURSE","seed_source_timestamp":78853228614773,"circlet_count":0,"master_deck":["Defend_B","Defend_B","Defend_B","Defend_B","Zap+1","Dualcast","Cold Snap+1","BootSequence","Ball Lightning","Electrodynamics+1","Core Surge+1","Steam","Self Repair","Electrodynamics+1","Buffer+1","Coolheaded+1","Sunder+1","Reinforced Body","Ball Lightning+1","Thunder Strike+1","Echo Form+1","Coolheaded+1","Defragment+1","Seek","Master of Strategy"],"relics":["Cracked Core","Emotion Chip","FossilizedHelix","Meat on the Bone","Strawberry","Happy Flower","Bag of Marbles","Bronze Scales","Coffee Dripper","Tiny Chest","MutagenicStrength","Pantograph","Dream Catcher","Nuclear Battery","Bottled Flame","Mango","Du-Vu Doll"],"potions_floor_usage":[16,16,29,33,48,50,50],"damage_taken":[{"damage":7,"enemies":"Jaw Worm","floor":1,"turns":2},{"damage":0,"enemies":"Small Slimes","floor":3,"turns":2},{"damage":0,"enemies":"Cultist","floor":4,"turns":4},{"damage":0,"enemies":"Large Slime","floor":5,"turns":5},{"damage":10,"enemies":"3 Sentries","floor":6,"turns":4},{"damage":0,"enemies":"3 Louse","floor":7,"turns":2},{"damage":13,"enemies":"Lagavulin","floor":10,"turns":5},{"damage":0,"enemies":"Gremlin Nob","floor":14,"turns":3},{"damage":20,"enemies":"Hexaghost","floor":16,"turns":6},{"damage":0,"enemies":"Spheric Guardian","floor":18,"turns":3},{"damage":0,"enemies":"Shell Parasite","floor":21,"turns":3},{"damage":0,"enemies":"3 Cultists","floor":22,"turns":2},{"damage":14,"enemies":"Slavers","floor":24,"turns":2},{"damage":5,"enemies":"Shelled Parasite and Fungi","floor":28,"turns":5},{"damage":10,"enemies":"Book of Stabbing","floor":29,"turns":4},{"damage":53,"enemies":"Champ","floor":33,"turns":10},{"damage":8,"enemies":"Orb Walker","floor":35,"turns":3},{"damage":0,"enemies":"3 Shapes","floor":37,"turns":4},{"damage":0,"enemies":"Jaw Worm Horde","floor":39,"turns":5},{"damage":0,"enemies":"Nemesis","floor":40,"turns":7},{"damage":0,"enemies":"4 Shapes","floor":42,"turns":4},{"damage":0,"enemies":"Spire Growth","floor":45,"turns":4},{"damage":0,"enemies":"Jaw Worm Horde","floor":47,"turns":2},{"damage":0,"enemies":"Giant Head","floor":48,"turns":7},{"damage":80,"enemies":"Time Eater","floor":50,"turns":8}],"seed_played":"-3927664373011259968","potions_obtained":[{"floor":1,"key":"Dexterity Potion"},{"floor":4,"key":"LiquidBronze"},{"floor":6,"key":"Swift Potion"},{"floor":18,"key":"SpeedPotion"},{"floor":28,"key":"LiquidBronze"},{"floor":29,"key":"Explosive Potion"},{"floor":31,"key":"Explosive Potion"},{"floor":45,"key":"Block Potion"},{"floor":48,"key":"FearPotion"}],"is_trial":false,"path_per_floor":["M","?","M","M","M","E","M","R","T","E","T","R","?","E","R","B",null,"M","?","$","M","M","R","E","?","T","R","M","E","R","?","R","B",null,"M","$","M","?","M","E","R","M","T","R","M","$","M","E","R","B",null],"character_chosen":"DEFECT","items_purchased":["Sunder","FocusPotion","PowerPotion","Master of Strategy"],"campfire_rested":0,"item_purchase_floors":[20,36,46,46],"current_hp_per_floor":[61,36,36,36,36,26,38,38,45,44,44,44,37,49,49,48,74,81,81,81,81,81,81,67,67,67,67,62,59,59,59,59,48,74,66,66,73,65,79,82,82,82,96,96,96,96,96,96,96,28],"gold":199,"neow_bonus":"ONE_RARE_RELIC","is_prod":false,"is_daily":false,"chose_seed":false,"campfire_upgraded":10,"win_rate":0,"timestamp":1542254009,"path_taken":["M","?","M","M","M","E","M","R","T","E","?","R","?","E","R","BOSS","M","?","$","?","M","R","E","?","T","R","M","E","R","?","R","BOSS","M","$","?","?","?","E","R","?","T","R","M","$","M","E","R","BOSS"],"build_version":"2018-11-08","purchased_purges":3,"victory":true,"max_hp_per_floor":[75,75,75,75,75,75,75,75,82,82,82,82,82,82,82,82,82,82,82,82,82,82,82,82,82,82,82,82,82,82,82,82,82,82,82,82,82,82,82,82,82,82,96,96,96,96,96,96,96,96],"card_choices":[{"not_picked":["Stack","Sweeping Beam"],"picked":"Cold Snap","floor":1},{"not_picked":["Cold Snap","Compile Driver"],"picked":"BootSequence","floor":3},{"not_picked":["Redo","Aggregate"],"picked":"Ball Lightning","floor":4},{"not_picked":["Compile Driver","Lockon"],"picked":"Electrodynamics","floor":5},{"not_picked":["Glacier","Recycle"],"picked":"Core Surge","floor":6},{"not_picked":["Rebound","Skim"],"picked":"Steam","floor":7},{"not_picked":["Reboot","Hologram"],"picked":"Self Repair","floor":10},{"not_picked":["Compile Driver","BootSequence"],"picked":"Electrodynamics","floor":14},{"not_picked":["Machine Learning","Rainbow"],"picked":"Buffer","floor":16},{"not_picked":["Compile Driver+1","Hologram"],"picked":"Coolheaded","floor":18},{"not_picked":["Hologram","Rebound"],"picked":"Reinforced Body","floor":21},{"not_picked":["Stack+1","Go for the Eyes"],"picked":"Ball Lightning","floor":22},{"not_picked":["Lockon","Turbo+1","Heatsinks+1"],"picked":"SKIP","floor":24},{"not_picked":["Self Repair","Reinforced Body","Beam Cell"],"picked":"SKIP","floor":28},{"not_picked":["Hello World","Skim+1"],"picked":"Thunder Strike","floor":29},{"not_picked":["Amplify","Machine Learning"],"picked":"Echo Form","floor":33},{"not_picked":["BootSequence+1","Steam"],"picked":"Coolheaded+1","floor":35},{"not_picked":["Aggregate","Barrage+1"],"picked":"Defragment+1","floor":37},{"not_picked":["Conserve Battery+1","Barrage","Genetic Algorithm"],"picked":"SKIP","floor":39},{"not_picked":["Reboot","Beam Cell+1"],"picked":"Seek","floor":40},{"not_picked":["Gash","Ball Lightning","Reprogram"],"picked":"SKIP","floor":42},{"not_picked":["Skim","Conserve Battery+1","Sunder+1"],"picked":"SKIP","floor":45},{"not_picked":["Go for the Eyes","Compile Driver+1","Doom and Gloom+1"],"picked":"SKIP","floor":47},{"not_picked":["Gash","Fission","Reinforced Body+1"],"picked":"SKIP","floor":48}],"player_experience":196940,"relics_obtained":[{"floor":6,"key":"Meat on the Bone"},{"floor":9,"key":"Strawberry"},{"floor":10,"key":"Happy Flower"},{"floor":11,"key":"Bag of Marbles"},{"floor":14,"key":"Bronze Scales"},{"floor":24,"key":"Tiny Chest"},{"floor":26,"key":"Pantograph"},{"floor":29,"key":"Dream Catcher"},{"floor":40,"key":"Bottled Flame"},{"floor":43,"key":"Mango"},{"floor":48,"key":"Du-Vu Doll"}],"event_choices":[{"damage_healed":0,"gold_gain":0,"player_choice":"Success","damage_taken":25,"relics_obtained":["FossilizedHelix"],"max_hp_gain":0,"max_hp_loss":0,"event_name":"Scrap Ooze","floor":2,"gold_loss":0},{"cards_removed":["Strike_B"],"damage_healed":0,"gold_gain":0,"player_choice":"Card Removal","damage_taken":7,"max_hp_gain":0,"max_hp_loss":0,"event_name":"Golden Wing","floor":13,"gold_loss":0},{"cards_removed":["Strike_B"],"damage_healed":0,"gold_gain":0,"player_choice":"Upgrade and Remove","damage_taken":0,"max_hp_gain":0,"max_hp_loss":0,"event_name":"Designer","floor":19,"gold_loss":90,"cards_upgraded":["Coolheaded"]},{"damage_healed":0,"gold_gain":0,"player_choice":"Inject Mutagens","damage_taken":0,"relics_obtained":["MutagenicStrength"],"max_hp_gain":0,"max_hp_loss":0,"event_name":"Drug Dealer","floor":25,"gold_loss":0},{"damage_healed":0,"gold_gain":0,"player_choice":"Bought 1 Potion","damage_taken":0,"max_hp_gain":0,"max_hp_loss":0,"event_name":"The Woman in Blue","floor":31,"gold_loss":0},{"damage_healed":0,"gold_gain":75,"player_choice":"Touch","damage_taken":8,"max_hp_gain":0,"max_hp_loss":0,"event_name":"FaceTrader","floor":38,"gold_loss":0}],"is_beta":false,"boss_relics":[{"not_picked":["Lizard Tail","Cursed Key"],"picked":"Coffee Dripper"},{"not_picked":["Runic Pyramid","Calling Bell"],"picked":"Nuclear Battery"}],"items_purged_floors":[20,36,46],"is_endless":false,"potions_floor_spawned":[1,4,6,14,18,28,29,37,42,45,47,48],"ascension_level":9}