{"gold_per_floor":[111,111,129,146,146,146,181,193,193,37,37,54,79,6,6,109,109,119,219,0,15,15,15,30,65,65,65,78,3,3,15,27,137,149,173,195,222,234,259,271,311,323,335,373,385,412,424,462,474,486],"floor_reached":50,"playtime":5727,"items_purged":[],"score":809,"play_id":"b6f11c2d-524e-43c7-aee5-f7c679b95d72","local_time":"20190223174035","is_ascension_mode":true,"campfire_choices":[{"data":"Metallicize","floor":6,"key":"SMITH"},{"data":"Flame Barrier","floor":11,"key":"SMITH"},{"data":"Iron Wave","floor":15,"key":"SMITH"},{"floor":23,"key":"REST"},{"data":"Rampage","floor":27,"key":"SMITH"},{"floor":30,"key":"DIG"},{"floor":32,"key":"REST"},{"floor":40,"key":"DIG"},{"floor":42,"key":"REST"},{"floor":47,"key":"REST"},{"floor":49,"key":"RECALL"}],"neow_cost":"NONE","seed_source_timestamp":0,"circlet_count":0,"master_deck":["Strike_R","Strike_R","Strike_R","Strike_R","Defend_R","Defend_R","Defend_R","Defend_R","Bash","Cleave+1","Anger","Metallicize+1","Metallicize","Flame Barrier+1","Iron Wave+1","Corruption","Spot Weakness","Exhume","Rampage+1","Battle Trance+1","Infernal Blade+1","Headbutt","Combust+1","Shrug It Off+1","Exhume+1","Armaments+1","Shrug It Off+1","Inflame","Jack Of All Trades+1","Rampage+1","Inflame","Demon Form","Shrug It Off+1","Entrench+1"],"special_seed":0,"relics":["Burning Blood","Shovel","Champion Belt","Sundial","Sozu","Bird Faced Urn","Bottled Lightning","Kunai","Incense Burner","Toxic Egg 2","MawBank","Lizard Tail","Orichalcum","Vajra","Letter Opener","Turnip"],"potions_floor_usage":[7,16,19,50],"damage_taken":[{"damage":8.0,"enemies":"Small Slimes","floor":1.0,"turns":3.0},{"damage":6,"enemies":"2 Louse","floor":3,"turns":2},{"damage":1,"enemies":"Cultist","floor":4,"turns":3},{"damage":12,"enemies":"Gremlin Nob","floor":7,"turns":4},{"damage":6,"enemies":"3 Louse","floor":8,"turns":2},{"damage":3,"enemies":"Looter","floor":12,"turns":4},{"damage":23,"enemies":"3 Sentries","floor":13,"turns":8},{"damage":21,"enemies":"The Guardian","floor":16,"turns":11},{"damage":9,"enemies":"Shell Parasite","floor":18,"turns":6},{"damage":32,"enemies":"Colosseum Slavers","floor":19,"turns":6},{"damage":42,"enemies":"Colosseum Nobs","floor":19,"turns":7},{"damage":1,"enemies":"3 Byrds","floor":21,"turns":3},{"damage":13,"enemies":"Snake Plant","floor":24,"turns":3},{"damage":22,"enemies":"Book of Stabbing","floor":25,"turns":5},{"damage":8,"enemies":"3 Cultists","floor":28,"turns":5},{"damage":49,"enemies":"Collector","floor":33,"turns":10},{"damage":5,"enemies":"3 Shapes","floor":35,"turns":5},{"damage":34,"enemies":"3 Darklings","floor":36,"turns":5},{"damage":35,"enemies":"Maw","floor":37,"turns":9},{"damage":15,"enemies":"4 Shapes","floor":39,"turns":7},{"damage":32,"enemies":"Nemesis","floor":41,"turns":13},{"damage":42,"enemies":"Reptomancer","floor":44,"turns":8},{"damage":17,"enemies":"Jaw Worm Horde","floor":46,"turns":5},{"damage":43,"enemies":"Giant Head","floor":48,"turns":8},{"damage":105,"enemies":"Donu and Deca","floor":50,"turns":11}],"seed_played":"5996963341339053244","potions_obtained":[{"floor":3,"key":"Ancient Potion"},{"floor":5,"key":"Strength Potion"},{"floor":5,"key":"PowerPotion"},{"floor":7,"key":"SpeedPotion"}],"is_trial":false,"path_per_floor":["M","?","M","M","?","R","E","M","T","$","R","M","E","$","R","B",null,"M","?","?","M","?","R","M","E","T","R","M","?","R","?","R","B",null,"M","M","M","?","M","R","E","R","T","E","?","M","R","E","R","B"],"character_chosen":"IRONCLAD","items_purchased":["Metallicize","Flame Barrier","Spot Weakness"],"campfire_rested":4,"item_purchase_floors":[10,10,14],"current_hp_per_floor":[78,78,78,83,83,83,77,77,77,77,77,80,63,63,63,48,78,75,13,13,18,18,44,39,27,27,27,33,33,33,33,59,22,72,81,61,40,40,41,41,21,47,47,21,21,22,48,25,25,0],"gold":486,"neow_bonus":"TEN_PERCENT_HP_BONUS","is_prod":false,"is_daily":false,"chose_seed":false,"campfire_upgraded":4,"win_rate":0,"timestamp":1550961635,"path_taken":["M","?","M","M","?","R","E","M","T","$","R","M","E","$","R","BOSS","M","?","?","M","?","R","M","E","T","R","?","?","R","?","R","BOSS","M","?","M","?","M","R","E","R","T","E","?","M","R","E","R","BOSS"],"build_version":"2019-01-23","purchased_purges":0,"victory":false,"max_hp_per_floor":[88,88,88,88,88,88,88,88,88,88,88,88,88,88,88,88,88,88,88,88,88,88,88,88,88,88,88,88,88,88,88,88,88,88,88,88,88,88,88,88,88,88,88,88,88,88,88,88,88,88],"card_choices":[{"not_picked":["Warcry","Shrug It Off"],"picked":"Cleave","floor":1.0},{"not_picked":["Disarm","Rage"],"picked":"Anger","floor":3},{"not_picked":["Havoc","Heavy Blade"],"picked":"Metallicize","floor":4},{"not_picked":["Heavy Blade","Pummel","Burning Pact"],"picked":"SKIP","floor":7},{"not_picked":["Clothesline","Heavy Blade","Havoc"],"picked":"SKIP","floor":8},{"not_picked":["Metallicize","Headbutt"],"picked":"Iron Wave","floor":12},{"not_picked":["Sword Boomerang","Whirlwind"],"picked":"Corruption","floor":13},{"not_picked":["Bludgeon","Double Tap"],"picked":"Exhume","floor":16},{"not_picked":["Iron Wave","Searing Blow"],"picked":"Rampage","floor":18},{"not_picked":["Combust","True Grit"],"picked":"Battle Trance+1","floor":19},{"not_picked":["Sever Soul","Clash+1"],"picked":"Infernal Blade+1","floor":21},{"not_picked":["Body Slam","True Grit"],"picked":"Headbutt","floor":24},{"not_picked":["True Grit","Clash"],"picked":"Combust+1","floor":25},{"not_picked":["Clothesline","Warcry+1"],"picked":"Shrug It Off+1","floor":28},{"not_picked":["Brutality","Offering+1"],"picked":"Exhume+1","floor":33},{"not_picked":["Shrug It Off+1","Ghostly Armor+1"],"picked":"Armaments+1","floor":35},{"not_picked":["Cleave+1","Warcry+1"],"picked":"Shrug It Off+1","floor":36},{"not_picked":["Twin Strike","Pommel Strike"],"picked":"Inflame","floor":37},{"not_picked":["Forethought+1","Dramatic Entrance"],"picked":"Jack Of All Trades+1","floor":38},{"not_picked":["Hemokinesis","Cleave+1"],"picked":"Rampage+1","floor":39},{"not_picked":["Twin Strike","Havoc+1"],"picked":"Inflame","floor":41},{"not_picked":["Searing Blow+1","Twin Strike+1"],"picked":"Demon Form","floor":44},{"not_picked":["Anger","Havoc+1"],"picked":"Shrug It Off+1","floor":46},{"not_picked":["Inflame+1","Clash"],"picked":"Entrench+1","floor":48}],"player_experience":1651016,"relics_obtained":[{"floor":7,"key":"Shovel"},{"floor":9,"key":"Champion Belt"},{"floor":13,"key":"Sundial"},{"floor":19,"key":"Bird Faced Urn"},{"floor":19,"key":"Bottled Lightning"},{"floor":25,"key":"Incense Burner"},{"floor":26,"key":"Toxic Egg 2"},{"floor":30,"key":"MawBank"},{"floor":40,"key":"Orichalcum"},{"floor":41,"key":"Vajra"},{"floor":44,"key":"Letter Opener"},{"floor":48,"key":"Turnip"}],"event_choices":[{"damage_healed":0.0,"max_hp_gain":0.0,"max_hp_loss":0.0,"gold_gain":0.0,"event_name":"Living Wall","player_choice":"Grow","floor":2.0,"gold_loss":0.0,"damage_taken":0.0,"cards_upgraded":["Cleave"]},{"damage_healed":0,"gold_gain":0,"player_choice":"Got Potions","damage_taken":0,"max_hp_gain":0,"max_hp_loss":0,"event_name":"Lab","floor":5,"gold_loss":0},{"damage_healed":0,"gold_gain":0,"player_choice":"Fight","damage_taken":0,"max_hp_gain":0,"max_hp_loss":0,"event_name":"Colosseum","floor":19,"gold_loss":0},{"damage_healed":0,"gold_gain":0,"player_choice":"Fought Nobs","damage_taken":0,"max_hp_gain":0,"max_hp_loss":0,"event_name":"Colosseum","floor":19,"gold_loss":0},{"damage_healed":0,"gold_gain":0,"player_choice":"Paid Fearfully","damage_taken":0,"max_hp_gain":0,"max_hp_loss":0,"event_name":"Masked Bandits","floor":20,"gold_loss":219},{"damage_healed":0,"gold_gain":0,"player_choice":"Opened","damage_taken":0,"relics_obtained":["Kunai"],"max_hp_gain":0,"max_hp_loss":0,"event_name":"The Mausoleum","floor":22,"gold_loss":0},{"cards_removed":["Strike_R"],"damage_healed":0,"gold_gain":0,"player_choice":"Gave Gold","damage_taken":0,"max_hp_gain":0,"max_hp_loss":0,"event_name":"Beggar","floor":29,"gold_loss":75},{"damage_healed":0,"gold_gain":0,"player_choice":"Leave","damage_taken":0,"max_hp_gain":0,"max_hp_loss":0,"event_name":"FaceTrader","floor":31,"gold_loss":0},{"damage_healed":0,"gold_gain":0,"player_choice":"Memory 1","damage_taken":0,"max_hp_gain":0,"max_hp_loss":0,"event_name":"SensoryStone","floor":38,"gold_loss":0},{"damage_healed":0,"gold_gain":0,"player_choice":"Ignored","damage_taken":0,"max_hp_gain":0,"max_hp_loss":0,"event_name":"Tomb of Lord Red Mask","floor":45,"gold_loss":0}],"is_beta":false,"boss_relics":[{"not_picked":["Runic Pyramid","Runic Cube"],"picked":"Sozu"},{"not_picked":["White Beast Statue","Busted Crown"],"picked":"Lizard Tail"}],"items_purged_floors":[],"is_endless":false,"potions_floor_spawned":[3,7,18,24,25,28,39,41,44],"killed_by":"Donu and Deca","ascension_level":9}