{"gold_per_floor":[364,375,157,169,188,204,204,204,281,307,307,317,343,361,361,361],"floor_reached":16,"playtime":897,"items_purged":["Strike_R"],"score":148,"play_id":"9a664363-0cf6-4b8e-9154-b427e4c44bce","local_time":"20190211001248","is_ascension_mode":true,"campfire_choices":[{"floor":11,"key":"REST"},{"data":"Rampage","floor":15,"key":"SMITH"}],"neow_cost":"PERCENT_DAMAGE","seed_source_timestamp":1628113493183879,"circlet_count":0,"master_deck":["Strike_R","Strike_R","Strike_R","Strike_R","Defend_R","Defend_R","Defend_R","Defend_R","Bash","Rampage+1","Headbutt","Inflame","Shrug It Off","Headbutt","Corruption","Twin Strike","Immolate","Iron Wave"],"relics":["Burning Blood","GremlinMask","Bottled Flame","Gambling Chip","Boot"],"potions_floor_usage":[10,14,16,16],"damage_taken":[{"damage":10,"enemies":"Cultist","floor":1,"turns":5},{"damage":11,"enemies":"Jaw Worm","floor":2,"turns":5},{"damage":5,"enemies":"Small Slimes","floor":4,"turns":3},{"damage":7,"enemies":"Red Slaver","floor":5,"turns":3},{"damage":2,"enemies":"2 Fungi Beasts","floor":6,"turns":3},{"damage":16,"enemies":"Gremlin Nob","floor":10,"turns":3},{"damage":16,"enemies":"Large Slime","floor":12,"turns":5},{"damage":30,"enemies":"3 Sentries","floor":13,"turns":5},{"damage":5,"enemies":"Red Slaver","floor":14,"turns":3},{"damage":31,"enemies":"Hexaghost","floor":16,"turns":9}],"seed_played":"2888900795880246196","potions_obtained":[{"floor":1,"key":"Poison Potion"},{"floor":13,"key":"EntropicBrew"},{"floor":14,"key":"Energy Potion"}],"is_trial":false,"path_per_floor":["M","M","$","M","M","M","?","?","T","E","R","M","E","M","R","B"],"character_chosen":"IRONCLAD","items_purchased":["Inflame","Shrug It Off","Headbutt"],"campfire_rested":1,"item_purchase_floors":[3,3,3],"current_hp_per_floor":[47,42,42,43,42,46,46,46,46,36,60,50,26,27,27,0],"gold":361,"neow_bonus":"TWO_FIFTY_GOLD","is_prod":false,"is_daily":false,"chose_seed":false,"campfire_upgraded":1,"win_rate":0,"timestamp":1549861968,"path_taken":["M","?","$","M","M","?","?","?","T","E","R","M","E","M","R","BOSS"],"build_version":"2019-01-23","purchased_purges":1,"victory":false,"max_hp_per_floor":[80,80,80,80,80,80,80,80,80,80,80,80,80,80,80,80],"card_choices":[{"not_picked":["Rupture","Wild Strike"],"picked":"Rampage","floor":1},{"not_picked":["Havoc","Battle Trance"],"picked":"Headbutt","floor":2},{"not_picked":["Armaments","Clothesline"],"picked":"Corruption","floor":4},{"not_picked":["Armaments","Thunderclap"],"picked":"Twin Strike","floor":5},{"not_picked":["Body Slam","Sever Soul","Hemokinesis"],"picked":"SKIP","floor":6},{"not_picked":["Thunderclap","Searing Blow"],"picked":"Immolate","floor":10},{"not_picked":["Wild Strike","Uppercut"],"picked":"Iron Wave","floor":12},{"not_picked":["Fire Breathing","Clash","Armaments"],"picked":"SKIP","floor":13},{"not_picked":["Evolve","Anger","Wild Strike"],"picked":"SKIP","floor":14}],"player_experience":1537669,"relics_obtained":[{"floor":9,"key":"Bottled Flame"},{"floor":10,"key":"Gambling Chip"},{"floor":13,"key":"Boot"}],"event_choices":[{"damage_healed":0,"gold_gain":0,"player_choice":"Ignored","damage_taken":0,"max_hp_gain":0,"max_hp_loss":0,"event_name":"Liars Game","floor":7,"gold_loss":0},{"damage_healed":0,"gold_gain":0,"player_choice":"Trade","damage_taken":0,"relics_obtained":["GremlinMask"],"max_hp_gain":0,"max_hp_loss":0,"event_name":"FaceTrader","floor":8,"gold_loss":0}],"is_beta":false,"boss_relics":[],"items_purged_floors":[3],"is_endless":false,"potions_floor_spawned":[1,13,14],"killed_by":"Hexaghost","ascension_level":6}