{"gold_per_floor":[361,374,79,79,89,89,123,141,166,166,177,177,217,233,233,362,425,450,473,209,225,249,249,249,68,93,134,134,134,134,165,165,296,296,316,316,316,332,76,76,100,100,180,180,194,229,252,324,324,324],"floor_reached":51,"playtime":7052,"items_purged":["Strike_B","Strike_B","Strike_B"],"score":850,"play_id":"a6c2dc90-0f1e-4020-ab92-dd4b40443159","local_time":"20190302192649","is_ascension_mode":false,"campfire_choices":[{"data":"Zap","floor":6,"key":"SMITH"},{"data":"Hologram","floor":10,"key":"SMITH"},{"data":"Beam Cell","floor":15,"key":"SMITH"},{"data":"Creative AI","floor":23,"key":"SMITH"},{"data":"Echo Form","floor":28,"key":"SMITH"},{"data":"Go for the Eyes","floor":29,"key":"SMITH"},{"data":"Coolheaded","floor":32,"key":"SMITH"},{"data":"Mayhem","floor":40,"key":"SMITH"},{"data":"Barrage","floor":42,"key":"SMITH"},{"floor":49,"key":"REST"}],"neow_cost":"PERCENT_DAMAGE","seed_source_timestamp":113538632001,"circlet_count":0,"master_deck":["Strike_B+1","Defend_B","Defend_B","Defend_B","Defend_B","Zap+1","Dualcast","Cold Snap","Machine Learning","Hyperbeam","Capacitor","Compile Driver","Hologram+1","Beam Cell+1","FTL","Undo","Coolheaded+1","Echo Form+1","Chill","Reinforced Body","Go for the Eyes+1","Defragment","Conserve Battery","BootSequence","Creative AI+1","Conserve Battery","Steam","Heatsinks","Storm","Seek","Go for the Eyes+1","Mayhem+1","Barrage+1","Conserve Battery","Madness","Madness","White Noise","Coolheaded"],"relics":["Cracked Core","Membership Card","DataDisk","Oddly Smooth Stone","Golden Idol","Juzu Bracelet","Tiny House","ClockworkSouvenir","Bronze Scales","Regal Pillow","WingedGreaves","Symbiotic Virus","Runic Dome","Frozen Egg 2","Mercury Hourglass","Lantern","Gremlin Horn"],"potions_floor_usage":[7,13,18,31,50,50,50],"damage_taken":[{"damage":0,"enemies":"Cultist","floor":1,"turns":3},{"damage":9,"enemies":"Jaw Worm","floor":2,"turns":3},{"damage":0,"enemies":"Small Slimes","floor":5,"turns":2},{"damage":30,"enemies":"Lagavulin","floor":7,"turns":6},{"damage":4,"enemies":"2 Fungi Beasts","floor":8,"turns":2},{"damage":0,"enemies":"Blue Slaver","floor":11,"turns":2},{"damage":0,"enemies":"Gremlin Nob","floor":13,"turns":3},{"damage":0,"enemies":"3 Louse","floor":14,"turns":3},{"damage":0,"enemies":"Hexaghost","floor":16,"turns":10},{"damage":1,"enemies":"Chosen","floor":18,"turns":4},{"damage":0,"enemies":"Shell Parasite","floor":19,"turns":9},{"damage":7,"enemies":"Snake Plant","floor":21,"turns":7},{"damage":7,"enemies":"Centurion and Healer","floor":22,"turns":15},{"damage":0,"enemies":"Slavers","floor":27,"turns":6},{"damage":9,"enemies":"Book of Stabbing","floor":31,"turns":7},{"damage":23,"enemies":"Automaton","floor":33,"turns":11},{"damage":0,"enemies":"Orb Walker","floor":35,"turns":3},{"damage":0,"enemies":"3 Shapes","floor":38,"turns":6},{"damage":7,"enemies":"Jaw Worm Horde","floor":41,"turns":4},{"damage":3,"enemies":"3 Darklings","floor":45,"turns":5},{"damage":0,"enemies":"Giant Head","floor":46,"turns":9},{"damage":0,"enemies":"Transient","floor":47,"turns":5},{"damage":32,"enemies":"Donu and Deca","floor":50,"turns":7}],"seed_played":"-2908752593243783508","potions_obtained":[{"floor":5,"key":"Ancient Potion"},{"floor":7,"key":"Block Potion"},{"floor":8,"key":"Block Potion"},{"floor":13,"key":"SteroidPotion"},{"floor":16,"key":"Energy Potion"},{"floor":17,"key":"Fire Potion"},{"floor":27,"key":"SteroidPotion"},{"floor":33,"key":"FocusPotion"}],"is_trial":false,"path_per_floor":["M","M","$","?","M","R","E","M","T","R","M","?","E","M","R","B",null,"M","M","$","M","M","R","?","$","T","E","R","R","?","E","R","B",null,"M","?","?","M","$","R","M","R","T","?","M","E","M","T","R","B",null],"character_chosen":"DEFECT","items_purchased":["Membership Card","Hyperbeam","Capacitor","Defragment","Conserve Battery","ClockworkSouvenir","SpeedPotion","BootSequence","Bronze Scales","Steam","Heatsinks","Barrage","Conserve Battery","Frozen Egg 2","Strength Potion"],"campfire_rested":1,"item_purchase_floors":[3,3,3,20,20,20,20,20,25,25,25,39,39,39,39],"current_hp_per_floor":[54,45,45,45,45,45,15,11,11,11,11,11,11,11,11,11,74,73,73,73,66,59,59,59,59,59,59,59,59,59,50,50,27,74,74,74,74,74,74,74,67,67,67,58,55,55,55,55,74,42],"gold":324,"neow_bonus":"TWO_FIFTY_GOLD","is_prod":false,"is_daily":false,"chose_seed":false,"campfire_upgraded":9,"win_rate":0,"timestamp":1551547609,"path_taken":["M","M","$","?","M","R","E","M","T","R","M","?","E","M","R","BOSS","M","M","$","M","M","R","?","$","T","E","R","R","?","E","R","BOSS","M","?","?","M","$","R","M","R","T","?","M","E","M","?","R","BOSS"],"build_version":"2019-01-23","purchased_purges":3,"victory":true,"max_hp_per_floor":[75,75,75,75,75,75,75,75,75,75,75,69,69,69,69,69,74,74,74,74,74,74,74,74,74,74,74,74,74,74,74,74,74,74,74,74,74,74,74,74,74,74,74,74,74,74,74,74,74,74],"card_choices":[{"not_picked":["Beam Cell","Steam"],"picked":"Cold Snap","floor":1},{"not_picked":["Reprogram","Barrage"],"picked":"Machine Learning","floor":2},{"not_picked":["Undo","Cold Snap"],"picked":"Compile Driver","floor":5},{"not_picked":["Barrage","Cold Snap"],"picked":"Hologram","floor":7},{"not_picked":["Rainbow","Skim"],"picked":"Beam Cell","floor":8},{"not_picked":["White Noise","Streamline"],"picked":"FTL","floor":11},{"not_picked":["Hologram","Sunder"],"picked":"Undo","floor":13},{"not_picked":["Ball Lightning","Streamline"],"picked":"Coolheaded","floor":14},{"not_picked":["Thunder Strike","Meteor Strike"],"picked":"Echo Form","floor":16},{"not_picked":["Darkness","Coolheaded"],"picked":"Chill","floor":17},{"not_picked":["Chill","Reprogram"],"picked":"Reinforced Body","floor":18},{"not_picked":["Leap","Sweeping Beam"],"picked":"Go for the Eyes","floor":19},{"not_picked":["Go for the Eyes","Darkness"],"picked":"Creative AI","floor":21},{"not_picked":["Hologram","Genetic Algorithm"],"picked":"Conserve Battery","floor":22},{"not_picked":["Lockon","Streamline","Auto Shields"],"picked":"SKIP","floor":27},{"not_picked":["Lockon","Streamline","Auto Shields"],"picked":"SKIP","floor":27},{"not_picked":["Heatsinks","Rip and Tear"],"picked":"Storm","floor":31},{"not_picked":["All For One","Creative AI"],"picked":"Seek","floor":33},{"not_picked":["Rip and Tear","Hello World+1"],"picked":"Go for the Eyes+1","floor":35},{"not_picked":["Flash of Steel","Impatience"],"picked":"Mayhem","floor":37},{"not_picked":["Conserve Battery+1","Rebound+1","Beam Cell+1"],"picked":"SKIP","floor":38},{"not_picked":["Gash+1","Lockon+1","Barrage"],"picked":"SKIP","floor":41},{"not_picked":["Ball Lightning","Redo","Cold Snap+1"],"picked":"SKIP","floor":45},{"not_picked":["Biased Cognition+1","Stack+1"],"picked":"White Noise","floor":46},{"not_picked":["Conserve Battery+1","Steam Power"],"picked":"Coolheaded","floor":47}],"player_experience":572406,"relics_obtained":[{"floor":7,"key":"DataDisk"},{"floor":9,"key":"Oddly Smooth Stone"},{"floor":13,"key":"Juzu Bracelet"},{"floor":26,"key":"Regal Pillow"},{"floor":27,"key":"WingedGreaves"},{"floor":31,"key":"Symbiotic Virus"},{"floor":43,"key":"Mercury Hourglass"},{"floor":46,"key":"Lantern"},{"floor":48,"key":"Gremlin Horn"}],"event_choices":[{"damage_healed":0,"gold_gain":0,"player_choice":"Ignored","damage_taken":0,"max_hp_gain":0,"max_hp_loss":0,"event_name":"Liars Game","floor":4,"gold_loss":0},{"damage_healed":0,"gold_gain":0,"player_choice":"Lose Max HP","damage_taken":0,"relics_obtained":["Golden Idol"],"max_hp_gain":0,"max_hp_loss":6,"event_name":"Golden Idol","floor":12,"gold_loss":0},{"damage_healed":0,"gold_gain":0,"player_choice":"Ignored","damage_taken":0,"max_hp_gain":0,"max_hp_loss":0,"event_name":"Beggar","floor":24,"gold_loss":0},{"damage_healed":0,"gold_gain":0,"player_choice":"Ignored","damage_taken":0,"max_hp_gain":0,"max_hp_loss":0,"event_name":"Vampires","floor":30,"gold_loss":0},{"damage_healed":0,"gold_gain":0,"player_choice":"Ignored","damage_taken":0,"max_hp_gain":0,"max_hp_loss":0,"event_name":"Mysterious Sphere","floor":36,"gold_loss":0},{"damage_healed":0,"gold_gain":0,"player_choice":"Memory 1","damage_taken":0,"max_hp_gain":0,"max_hp_loss":0,"event_name":"SensoryStone","floor":37,"gold_loss":0},{"damage_healed":0,"gold_gain":0,"player_choice":"Embrace Madness","damage_taken":9,"max_hp_gain":0,"max_hp_loss":0,"event_name":"Winding Halls","floor":44,"gold_loss":0,"cards_obtained":["Madness","Madness"]}],"is_beta":false,"boss_relics":[{"not_picked":["Black Star","Eternal Feather"],"picked":"Tiny House"},{"not_picked":["FrozenCore","Lizard Tail"],"picked":"Runic Dome"}],"items_purged_floors":[20,25,39],"is_endless":false,"potions_floor_spawned":[5,7,8,13,16,22,27,33,41,45,46,47],"ascension_level":0}