{"gold_per_floor":[115,132,151,326,11,74,84,119,119,134,134,145,145,155,155,253,253,270,15,33,33,50,50,64,64,64,82,82,97,12,47,47,144,144,162,217,232,232,10,36,36,64,64,64,64,64,64,84,84,84],"floor_reached":51,"playtime":4398,"items_purged":["Doubt","Strike_G"],"score":799,"play_id":"6d450c0b-9f74-498f-9818-971eb8bf3c4a","local_time":"20181011153613","is_ascension_mode":true,"campfire_choices":[{"floor":11,"key":"REST"},{"data":"Finisher","floor":13,"key":"SMITH"},{"data":"Dash","floor":15,"key":"SMITH"},{"floor":23,"key":"REST"},{"floor":25,"key":"REST"},{"data":"Footwork","floor":28,"key":"SMITH"},{"data":"Choke","floor":32,"key":"SMITH"},{"floor":44,"key":"REST"},{"data":"Mind Blast","floor":49,"key":"SMITH"}],"neow_cost":"","seed_source_timestamp":17365062000760,"circlet_count":0,"master_deck":["Defend_G+1","Defend_G+1","Defend_G+1","Defend_G+1","Defend_G+1","Strike_G+1","Strike_G+1","Strike_G+1","Survivor+1","Neutralize+1","Backflip+1","Quick Slash+1","Dash+1","Dagger Spray+1","Flying Knee+1","Finisher+1","Blade Dance+1","PiercingWail+1","Endless Agony+1","Burst+1","Deflect+1","Cloak And Dagger+1","Skewer+1","Slice+1","Outmaneuver+1","Accuracy+1","Master of Strategy+1","PiercingWail+1","Cloak And Dagger+1","Cloak And Dagger+1","Choke+1","Footwork+1","Outmaneuver+1","Crippling Poison+1","After Image+1","Writhe","Decay","Decay","Blade Dance+1","Leg Sweep+1","Expertise+1","Well Laid Plans+1","PiercingWail+1","Slice+1","Slice","Mind Blast+1","Footwork+1"],"relics":["Ring of the Snake","Kunai","Tiny Chest","Toxic Egg 2","Blue Candle","Orrery","Mummified Hand","Ninja Scroll","Ice Cream","PreservedInsect","Calling Bell","Shuriken","Juzu Bracelet","Dead Branch","Strawberry","Meat on the Bone","Mark of the Bloom","Question Card","Bottled Flame","Boot","Tingsha"],"potions_floor_usage":[8,24,24,33,33,40,48],"damage_taken":[{"damage":1,"enemies":"Cultist","floor":1,"turns":4},{"damage":0,"enemies":"Small Slimes","floor":2,"turns":3},{"damage":0,"enemies":"Jaw Worm","floor":3,"turns":6},{"damage":30,"enemies":"Gremlin Nob","floor":6,"turns":6},{"damage":0,"enemies":"Gremlin Gang","floor":7,"turns":4},{"damage":4,"enemies":"3 Sentries","floor":8,"turns":8},{"damage":0,"enemies":"Exordium Thugs","floor":10,"turns":6},{"damage":4,"enemies":"3 Louse","floor":12,"turns":4},{"damage":0,"enemies":"Lots of Slimes","floor":14,"turns":4},{"damage":14,"enemies":"Hexaghost","floor":16,"turns":12},{"damage":3,"enemies":"Shell Parasite","floor":18,"turns":6},{"damage":18,"enemies":"Spheric Guardian","floor":20,"turns":5},{"damage":27,"enemies":"3 Cultists","floor":22,"turns":6},{"damage":7,"enemies":"Cultist and Chosen","floor":24,"turns":7},{"damage":0,"enemies":"Centurion and Healer","floor":27,"turns":5},{"damage":3,"enemies":"Shelled Parasite and Fungi","floor":29,"turns":5},{"damage":0,"enemies":"Gremlin Leader","floor":31,"turns":4},{"damage":16,"enemies":"Champ","floor":33,"turns":14},{"damage":1,"enemies":"3 Shapes","floor":35,"turns":4},{"damage":5,"enemies":"Orb Walker","floor":37,"turns":3},{"damage":11,"enemies":"Nemesis","floor":40,"turns":3},{"damage":2,"enemies":"Giant Head","floor":42,"turns":3},{"damage":8,"enemies":"Transient","floor":48,"turns":5},{"damage":26,"enemies":"Donu and Deca","floor":50,"turns":7}],"seed_played":"-3223650162761724431","potions_obtained":[{"floor":2,"key":"PowerPotion"},{"floor":6,"key":"GamblersBrew"},{"floor":7,"key":"EssenceOfSteel"},{"floor":18,"key":"SkillPotion"},{"floor":24,"key":"Block Potion"},{"floor":31,"key":"SkillPotion"},{"floor":35,"key":"SkillPotion"},{"floor":48,"key":"Block Potion"}],"is_trial":false,"path_per_floor":["M","M","M","?","$","E","M","E","T","M","R","M","R","M","R","B",null,"M","$","M","T","M","R","M","R","T","M","R","M","?","E","R","B",null,"M","T","M","?","$","E","?","E","T","R","T","?","T","M","R","B"],"character_chosen":"THE_SILENT","items_purchased":["Kunai","Master of Strategy+1","PiercingWail+1","Well Laid Plans","PiercingWail+1"],"campfire_rested":4,"item_purchase_floors":[5,19,19,39,39],"current_hp_per_floor":[69,69,69,69,69,39,39,35,35,35,56,52,52,52,52,38,70,67,67,49,49,22,43,36,57,57,57,57,54,54,54,54,38,70,69,76,71,71,71,60,60,58,58,58,58,58,58,50,50,24],"gold":84,"neow_bonus":"","is_prod":false,"is_daily":false,"chose_seed":false,"campfire_upgraded":5,"win_rate":0,"timestamp":1539286573,"path_taken":["M","M","M","?","$","E","M","E","T","?","R","M","R","M","R","BOSS","M","$","?","?","?","R","M","R","T","M","R","M","?","E","R","BOSS","M","?","M","?","$","E","?","E","T","R","?","?","?","M","R","BOSS"],"build_version":"2018-10-04v2","purchased_purges":2,"victory":true,"max_hp_per_floor":[70,70,70,70,70,70,70,70,70,70,70,70,70,70,70,70,70,70,70,70,70,70,70,70,70,70,70,70,70,70,70,70,70,70,70,77,77,77,77,77,77,77,77,77,77,77,77,77,77,77],"card_choices":[{"not_picked":["Acrobatics","Distraction"],"picked":"Backflip","floor":1},{"not_picked":["Setup","Heel Hook"],"picked":"Quick Slash","floor":2},{"not_picked":["Blade Dance","Sucker Punch"],"picked":"Dash","floor":3},{"not_picked":["Quick Slash","Night Terror"],"picked":"Dagger Spray","floor":6},{"not_picked":["Bane","Dagger Throw"],"picked":"Flying Knee","floor":7},{"not_picked":["Deadly Poison","Setup"],"picked":"Finisher","floor":8},{"not_picked":["Eviscerate","Sucker Punch"],"picked":"Blade Dance+1","floor":10},{"not_picked":["Deadly Poison+1","Riddle With Holes"],"picked":"PiercingWail+1","floor":12},{"not_picked":["Venomology+1","Bane"],"picked":"Endless Agony","floor":14},{"not_picked":["Storm of Steel+1","Night Terror+1"],"picked":"Burst+1","floor":16},{"not_picked":["Concentrate+1","Riddle With Holes"],"picked":"Deflect+1","floor":17},{"not_picked":["Quick Slash","Deflect+1"],"picked":"Cloak And Dagger+1","floor":17},{"not_picked":["Deflect+1","Quick Slash"],"picked":"Skewer","floor":17},{"not_picked":["Dodge and Roll+1","Sucker Punch"],"picked":"Slice","floor":17},{"not_picked":["Quick Slash","Sucker Punch"],"picked":"Outmaneuver+1","floor":17},{"not_picked":["Grand Finale","Prepared+1"],"picked":"Accuracy+1","floor":18},{"not_picked":["Setup+1","Deadly Poison+1"],"picked":"Cloak And Dagger+1","floor":20},{"not_picked":["Dodge and Roll+1","Catalyst+1"],"picked":"Cloak And Dagger+1","floor":22},{"not_picked":["Outmaneuver+1","Sucker Punch"],"picked":"Choke","floor":24},{"not_picked":["Backflip+1","PiercingWail+1"],"picked":"Footwork","floor":27},{"not_picked":["Choke","Deadly Poison+1"],"picked":"Outmaneuver+1","floor":29},{"not_picked":["Grand Finale","Deadly Poison+1"],"picked":"Crippling Poison+1","floor":31},{"not_picked":["Corpse Explosion+1","Adrenaline+1"],"picked":"After Image","floor":33},{"not_picked":["Expertise+1","Slice+1"],"picked":"Blade Dance+1","floor":35},{"not_picked":["Footwork+1","Quick Slash"],"picked":"Leg Sweep+1","floor":37},{"not_picked":["Eviscerate","Setup+1"],"picked":"Slice","floor":40},{"not_picked":["Underhanded Strike+1","Prepared+1"],"picked":"Slice","floor":42},{"not_picked":["Panacea+1","Finesse+1","Violence+1"],"picked":"Mind Blast","floor":46},{"not_picked":["Reflex+1","Dash","Deadly Poison+1"],"picked":"Footwork+1","floor":48}],"player_experience":887713,"relics_obtained":[{"floor":6,"key":"Tiny Chest"},{"floor":8,"key":"Toxic Egg 2"},{"floor":9,"key":"Blue Candle"},{"floor":21,"key":"Mummified Hand"},{"floor":26,"key":"Ninja Scroll"},{"floor":31,"key":"PreservedInsect"},{"floor":34,"key":"Shuriken"},{"floor":34,"key":"Juzu Bracelet"},{"floor":34,"key":"Dead Branch"},{"floor":36,"key":"Strawberry"},{"floor":40,"key":"Meat on the Bone"},{"floor":42,"key":"Question Card"},{"floor":43,"key":"Bottled Flame"},{"floor":45,"key":"Boot"},{"floor":47,"key":"Tingsha"}],"event_choices":[{"event_name":"Liars Game","player_choice":"agreed","floor":4,"damage_taken":0},{"event_name":"Addict","player_choice":"Obtained Relic","floor":30,"damage_taken":0},{"event_name":"Transmorgrifier","player_choice":"Transform","floor":38,"damage_taken":0},{"event_name":"MindBloom","player_choice":"Upgrade","floor":41,"damage_taken":0},{"event_name":"SensoryStone","player_choice":"Memory 1","floor":46,"damage_taken":0}],"is_beta":false,"boss_relics":[{"not_picked":["White Beast Statue","Snecko Eye"],"picked":"Orrery"},{"not_picked":["HoveringKite","Ring of the Serpent"],"picked":"Calling Bell"}],"items_purged_floors":[5,39],"is_endless":false,"potions_floor_spawned":[2,6,7,18,24,31,35,48],"ascension_level":1}