{"gold_per_floor":[116,134,150,25,45,45,70,100,112,141,153,196,221,250,262,346,358,383,414,442,96,108,143,143],"floor_reached":24,"playtime":1681,"items_purged":["Strike_B","Strike_B"],"score":456,"play_id":"01c1cd61-5675-4928-b4e8-ea3e4ab23098","local_time":"20190228213513","is_ascension_mode":true,"campfire_choices":[{"data":"Zap","floor":6,"key":"SMITH"},{"data":"Compile Driver","floor":15,"key":"SMITH"}],"neow_cost":"NONE","seed_source_timestamp":1202210025823611,"circlet_count":0,"master_deck":["AscendersBane","Strike_B","Strike_B","Defend_B","Defend_B","Defend_B","Defend_B","Zap+1","Dualcast","Ball Lightning","Gash","Cold Snap","Conserve Battery","Ball Lightning","Electrodynamics","Compile Driver+1","Coolheaded+1","Ball Lightning","Echo Form","BootSequence+1","Self Repair+1","Coolheaded+1","Genetic Algorithm+1","Multi-Cast+1","Blind+1","White Noise+1","Seek+1"],"relics":["Cracked Core","Oddly Smooth Stone","MawBank","Toxic Egg 2","Strawberry","Snecko Eye","Sundial"],"potions_floor_usage":[10,10,22,23],"damage_taken":[{"damage":2,"enemies":"2 Louse","floor":1,"turns":3},{"damage":0,"enemies":"Cultist","floor":2,"turns":2},{"damage":6,"enemies":"Jaw Worm","floor":3,"turns":2},{"damage":10,"enemies":"Exordium Wildlife","floor":5,"turns":4},{"damage":28,"enemies":"Gremlin Nob","floor":7,"turns":4},{"damage":13,"enemies":"Blue Slaver","floor":8,"turns":2},{"damage":3,"enemies":"Red Slaver","floor":10,"turns":3},{"damage":4,"enemies":"3 Sentries","floor":12,"turns":3},{"damage":0,"enemies":"Exordium Wildlife","floor":13,"turns":1},{"damage":7,"enemies":"3 Louse","floor":14,"turns":2},{"damage":58,"enemies":"The Guardian","floor":16,"turns":14},{"damage":18,"enemies":"2 Thieves","floor":18,"turns":3},{"damage":12,"enemies":"Spheric Guardian","floor":19,"turns":4},{"damage":11,"enemies":"Centurion and Healer","floor":20,"turns":4},{"damage":4,"enemies":"3 Cultists","floor":22,"turns":4},{"damage":1,"enemies":"Slavers","floor":23,"turns":3},{"damage":36,"enemies":"Shelled Parasite and Fungi","floor":24,"turns":4}],"seed_played":"-516891721922492313","potions_obtained":[{"floor":2,"key":"GamblersBrew"},{"floor":8,"key":"Regen Potion"},{"floor":10,"key":"PowerPotion"},{"floor":16,"key":"PowerPotion"},{"floor":18,"key":"LiquidBronze"},{"floor":22,"key":"Dexterity Potion"}],"is_trial":false,"path_per_floor":["M","M","M","$","M","R","E","M","T","M","?","E","M","M","R","B",null,"M","M","M","$","M","E","M"],"character_chosen":"DEFECT","items_purchased":["Cold Snap","Genetic Algorithm+1","Multi-Cast+1","Blind+1"],"campfire_rested":0,"item_purchase_floors":[4,21,21,21],"current_hp_per_floor":[62,62,56,56,46,46,18,5,5,11,71,74,74,67,67,9,61,43,31,30,30,36,35,0],"gold":143,"neow_bonus":"RANDOM_COMMON_RELIC","is_prod":false,"is_daily":false,"chose_seed":false,"campfire_upgraded":2,"win_rate":0,"timestamp":1551411313,"path_taken":["M","M","M","$","M","R","E","M","T","M","?","E","M","M","R","BOSS","M","M","M","$","M","E","?"],"build_version":"2019-01-23","purchased_purges":2,"victory":false,"max_hp_per_floor":[71,71,71,71,71,71,71,71,71,71,71,78,78,78,78,78,78,78,78,78,78,78,78,78],"card_choices":[{"not_picked":["Streamline","Coolheaded"],"picked":"Ball Lightning","floor":1},{"not_picked":["Heatsinks","Force Field"],"picked":"Gash","floor":2},{"not_picked":["Barrage","Steam"],"picked":"Rip and Tear","floor":3},{"not_picked":["Coolheaded","Cold Snap"],"picked":"Conserve Battery","floor":5},{"not_picked":["Rip and Tear","Auto Shields"],"picked":"Ball Lightning","floor":7},{"not_picked":["Rebound","Chill"],"picked":"Electrodynamics","floor":8},{"not_picked":["Ball Lightning","Cold Snap"],"picked":"Compile Driver","floor":10},{"not_picked":["Streamline","Conserve Battery+1"],"picked":"Coolheaded+1","floor":12},{"not_picked":["Undo+1","Turbo+1"],"picked":"Ball Lightning","floor":13},{"not_picked":["Aggregate+1","Barrage","Double Energy+1"],"picked":"SKIP","floor":14},{"not_picked":["Amplify+1","Meteor Strike"],"picked":"Echo Form","floor":16},{"not_picked":["Double Energy+1","Steam Power+1"],"picked":"BootSequence+1","floor":18},{"not_picked":["Redo+1","Ball Lightning"],"picked":"Self Repair+1","floor":19},{"not_picked":["Barrage","Heatsinks"],"picked":"Coolheaded+1","floor":20},{"not_picked":["Steam+1","Ball Lightning"],"picked":"White Noise+1","floor":22},{"not_picked":["Ball Lightning+1","Blizzard"],"picked":"Seek+1","floor":23}],"player_experience":542540,"relics_obtained":[{"floor":7,"key":"MawBank"},{"floor":9,"key":"Toxic Egg 2"},{"floor":12,"key":"Strawberry"},{"floor":23,"key":"Sundial"}],"event_choices":[{"cards_removed":["Rip and Tear"],"damage_healed":60,"gold_gain":0,"player_choice":"Offered Uncommon","damage_taken":0,"max_hp_gain":0,"max_hp_loss":0,"event_name":"Bonfire Elementals","floor":11,"gold_loss":0}],"is_beta":false,"boss_relics":[{"not_picked":["Velvet Choker","White Beast Statue"],"picked":"Snecko Eye"}],"items_purged_floors":[4,21],"is_endless":false,"potions_floor_spawned":[2,8,10,16,18,22],"killed_by":"Shelled Parasite and Fungi","ascension_level":19}