{"path_per_floor":["M","?","M","M","?","R","M","E","T","R","M","$","E","M","R","B",null,"M","M","M","M"],"character_chosen":"IRONCLAD","items_purchased":[],"gold_per_floor":[112,287,304,317,267,267,285,319,373,373,392,317,342,359,359,454,454,465,480,497,509],"floor_reached":22,"campfire_rested":0,"playtime":2322,"current_hp_per_floor":[80,80,80,80,80,80,80,51,58,58,59,59,64,69,69,22,87,87,83,43,20],"items_purged":["Strike_R"],"gold":509,"play_id":"71b3c190-d384-452e-87e4-ad43a37d21f6","is_prod":false,"is_daily":false,"campfire_rituals":0,"campfire_upgraded":3,"is_hardmode":false,"path_taken":["M","?","M","M","?","R","M","E","T","R","M","?","E","M","R","BOSS","M","M","M","M","M"],"build_version":"2018-01-11-PROD2","purchased_purges":1,"victory":false,"master_deck":["Strike_R","Strike_R","Strike_R","Strike_R","Defend_R","Defend_R","Defend_R","Defend_R","Bash","Flex","Shrug It Off","Spot Weakness","Pommel Strike","Headbutt","Thunderclap","Heavy Blade","Immolate","Armaments","Seeing Red","Cleave","True Grit"],"max_hp_per_floor":[80,80,80,80,80,80,80,80,87,87,87,87,87,87,87,87,87,87,87,87,87],"relics":["Burning Blood","Matryoshka","Prayer Wheel","Strawberry","Du-Vu Doll","Black Star"],"campfire_meditates":0,"card_choices":[{"not_picked":["Iron Wave","Intimidate"],"picked":"Flex"},{"not_picked":["Double Tap","Headbutt"],"picked":"Shrug It Off"},{"not_picked":["Feel No Pain","Headbutt"],"picked":"Spot Weakness"},{"not_picked":["Anger","Sentinel"],"picked":"Pommel Strike"},{"not_picked":["Warcry","Twin Strike"],"picked":"Headbutt"},{"not_picked":["Brutality","True Grit"],"picked":"Thunderclap"},{"not_picked":["Havoc","Sever Soul"],"picked":"Heavy Blade"},{"not_picked":["Offering","Impervious"],"picked":"Immolate"},{"not_picked":["Whirlwind","True Grit"],"picked":"Armaments"},{"not_picked":["Power Through","Iron Wave"],"picked":"Seeing Red"},{"not_picked":["Twin Strike","Blood for Blood"],"picked":"Cleave"},{"not_picked":["Clothesline","Headbutt"],"picked":"True Grit"}],"player_experience":79741,"potions_floor_usage":[8,13,13,16,19,21],"damage_taken":[{"damage":2,"enemies":"Small Slimes","floor":1,"turns":4},{"damage":1,"enemies":"Cultist","floor":3,"turns":3},{"damage":6,"enemies":"Jaw Worm","floor":4,"turns":4},{"damage":5,"enemies":"Exordium Wildlife","floor":7,"turns":4},{"damage":35,"enemies":"Gremlin Nob","floor":8,"turns":4},{"damage":5,"enemies":"3 Louse","floor":11,"turns":3},{"damage":16,"enemies":"3 Sentries","floor":13,"turns":7},{"damage":1,"enemies":"2 Fungi Beasts","floor":14,"turns":4},{"damage":53,"enemies":"Slime Boss","floor":16,"turns":9},{"damage":2,"enemies":"Chosen","floor":18,"turns":4},{"damage":10,"enemies":"Spheric Guardian","floor":19,"turns":4},{"damage":46,"enemies":"Snake Plant","floor":20,"turns":6},{"damage":29,"enemies":"3 Cultists","floor":21,"turns":6},{"damage":27,"enemies":"Centurion and Healer","floor":22,"turns":5}],"event_choices":[{"event_name":"Liars Game","player_choice":"agreed","floor":2,"damage_taken":0},{"event_name":"The Cleric","player_choice":"Card Removal","floor":5,"damage_taken":0}],"boss_relics":[{"not_picked":["Lizard Tail","Tiny House"],"picked":"Black Star"}],"potions_floor_spawned":[3,4,11,14,16,19],"seed_played":"-7783123576231713335","killed_by":"Centurion and Healer","is_trial":false}