{"path_per_floor":["M","?","M","M","?","M","?","E","T","R","?","?","R","M","R","B",null,"M","M","$"],"character_chosen":"IRONCLAD","items_purchased":["Meat on the Bone","Fruit Juice"],"gold_per_floor":[113,113,125,144,144,157,222,248,273,273,273,348,348,348,348,438,438,451,466,27,27],"floor_reached":21,"campfire_rested":1,"playtime":865,"item_purchase_floors":[20,20],"current_hp_per_floor":[67,67,71,68,68,52,40,32,32,32,32,21,43,49,49,13,59,26,24,24,0],"items_purged":["Strike_R"],"gold":27,"score":337,"play_id":"2a4fc4fb-c3e1-4c8f-af61-99b45bf1c85f","local_time":"20180520005652","is_prod":false,"is_daily":false,"chose_seed":false,"is_ascension_mode":true,"campfire_upgraded":2,"timestamp":1526792212,"campfire_choices":[{"data":"Demon Form","floor":10,"key":"SMITH"},{"floor":13,"key":"REST"},{"data":"Heavy Blade","floor":15,"key":"SMITH"}],"path_taken":["M","?","M","M","?","M","?","E","T","R","?","?","R","M","R","BOSS","M","M","$","M"],"build_version":"2018-05-18","seed_source_timestamp":934639189713307,"purchased_purges":1,"victory":false,"master_deck":["Strike_R","Strike_R","Strike_R","Strike_R","Defend_R","Defend_R","Defend_R","Defend_R","Bash","AscendersBane","Demon Form+1","Uppercut+1","Heavy Blade+1","Thunderclap","Burning Pact","Impervious","Intimidate","Feel No Pain"],"max_hp_per_floor":[80,80,80,80,80,80,80,80,80,80,74,74,74,74,74,74,74,74,74,74,78],"relics":["Burning Blood","Boot","Vajra","Lantern","Golden Idol","Cursed Key","Meat on the Bone"],"card_choices":[{"not_picked":["Perfected Strike","Pummel"],"picked":"Uppercut","floor":1},{"not_picked":["Body Slam","Clothesline","Blood for Blood"],"picked":"SKIP","floor":3},{"not_picked":["Pummel","Anger"],"picked":"Heavy Blade","floor":4},{"not_picked":["Combust","Clothesline"],"picked":"Thunderclap","floor":6},{"not_picked":["Warcry","Entrench"],"picked":"Burning Pact","floor":8},{"not_picked":["Limit Break","Demon Form"],"picked":"Impervious","floor":16},{"not_picked":["Metallicize","Burning Pact"],"picked":"Intimidate","floor":18},{"not_picked":["Sword Boomerang","Flex+1"],"picked":"Feel No Pain","floor":19}],"player_experience":218124,"potions_floor_usage":[7,7,7,7,8,14,19,21],"damage_taken":[{"damage":11,"enemies":"Jaw Worm","floor":1,"turns":4},{"damage":2,"enemies":"Cultist","floor":3,"turns":4},{"damage":9,"enemies":"2 Louse","floor":4,"turns":3},{"damage":22,"enemies":"Large Slime","floor":6,"turns":5},{"damage":18,"enemies":"Gremlin Nob","floor":7,"turns":4},{"damage":14,"enemies":"Gremlin Nob","floor":8,"turns":4},{"damage":0,"enemies":"Red Slaver","floor":14,"turns":1},{"damage":49,"enemies":"Hexaghost","floor":16,"turns":8},{"damage":39,"enemies":"3 Byrds","floor":18,"turns":5},{"damage":8,"enemies":"Chosen","floor":19,"turns":4},{"damage":33,"enemies":"Snake Plant","floor":21,"turns":4}],"relics_obtained":[{"floor":7,"key":"Boot"},{"floor":8,"key":"Vajra"},{"floor":9,"key":"Lantern"}],"event_choices":[{"event_name":"Upgrade Shrine","player_choice":"Upgraded","floor":2,"damage_taken":0},{"event_name":"The Lab","player_choice":"Got Potions","floor":5,"damage_taken":0},{"event_name":"Dead Adventurer","player_choice":"Searched \u00271\u0027 times","floor":7,"damage_taken":0},{"event_name":"Golden Idol","player_choice":"Lose Max HP","floor":11,"damage_taken":0},{"event_name":"World of Goop","player_choice":"Gather Gold","floor":12,"damage_taken":0}],"boss_relics":[{"not_picked":["Philosopher\u0027s Stone","White Beast Statue"],"picked":"Cursed Key"}],"items_purged_floors":[20],"potions_floor_spawned":[4,6,7,14,18],"seed_played":"-2437519434377333338","killed_by":"Snake Plant","ascension_level":13,"potions_obtained":[{"floor":4,"key":"LiquidBronze"},{"floor":5,"key":"LiquidBronze"},{"floor":5,"key":"EntropicBrew"},{"floor":7,"key":"Block Potion"},{"floor":18,"key":"Block Potion"}],"is_trial":false}