{"path_per_floor":["M","?","M","$","M","E","R","E","T","?","?","M","?","$","R","B",null,"M","T","?","$","M","E","R","M","T","M","E","$","T","M","R","B",null,"M","M","$","?","?","R","M","M","T","R","M","$","M","?","R","B"],"character_chosen":"IRONCLAD","items_purchased":["Feel No Pain","Demon Form","True Grit","Sword Boomerang+1","Pen Nib","Meat on the Bone","Bottled Tornado","Shrug It Off+1","Swift Potion"],"gold_per_floor":[111,111,126,15,35,66,66,95,95,95,95,120,195,2,2,132,132,145,145,145,19,42,73,73,93,120,143,177,28,101,122,122,243,243,267,292,52,52,385,385,399,412,481,481,499,104,115,115,115,115],"floor_reached":51,"campfire_rested":4,"playtime":2159,"item_purchase_floors":[4,14,14,21,29,37,46,46,46],"current_hp_per_floor":[65,49,42,42,46,22,46,33,33,33,33,34,23,23,47,52,73,71,71,71,71,67,47,47,49,49,39,33,33,33,16,40,25,66,47,37,37,37,41,41,61,63,63,63,71,71,68,68,92,63],"items_purged":["Pain","Strike_R","Strike_R"],"gold":115,"score":1187,"play_id":"4fcb23c8-7e1d-4c29-a61c-158b79a9626d","local_time":"20180519214916","is_prod":false,"is_daily":false,"chose_seed":false,"is_ascension_mode":true,"campfire_upgraded":3,"timestamp":1526780956,"campfire_choices":[{"floor":7,"key":"REST"},{"floor":15,"key":"REST"},{"data":"Demon Form","floor":24,"key":"SMITH"},{"floor":32,"key":"REST"},{"data":"Rage","floor":40,"key":"SMITH"},{"data":"Offering","floor":44,"key":"SMITH"},{"floor":49,"key":"REST"}],"path_taken":["M","?","M","$","M","E","R","E","T","?","?","?","?","$","R","BOSS","M","?","?","$","M","E","R","?","T","M","E","$","?","M","R","BOSS","M","M","$","?","?","R","?","M","T","R","M","$","?","?","R","BOSS"],"build_version":"2018-05-18","seed_source_timestamp":921938935520815,"purchased_purges":3,"victory":true,"master_deck":["Strike_R+1","Strike_R+1","Defend_R","Defend_R","Defend_R","Defend_R","Bash","AscendersBane","Offering+1","Thunderclap","Rage+1","Feel No Pain","Cleave","Burning Pact","Offering","Injury","Brutality","Twin Strike+1","Demon Form+1","True Grit","Immolate+1","Sword Boomerang+1","Pummel+1","Iron Wave+1","Flame Barrier+1","True Grit+1","Impervious+1","Havoc+1","Fiend Fire+1","Shrug It Off+1","Regret","Shrug It Off+1","Blood for Blood+1"],"max_hp_per_floor":[80,80,80,80,80,80,80,80,80,80,80,80,80,80,80,80,80,80,80,80,80,80,80,80,80,80,80,80,80,80,80,80,80,80,82,82,82,82,86,86,88,90,90,90,92,92,92,92,92,92],"relics":["Black Blood","Molten Egg 2","Du-Vu Doll","Turnip","Mummified Hand","Toxic Egg 2","Singing Bowl","Dodecahedron","Pen Nib","Frozen Egg 2","Cursed Key","Meat on the Bone","Smiling Mask","Bottled Tornado"],"card_choices":[{"not_picked":["Dark Embrace","Brutality"],"picked":"Offering","floor":0},{"not_picked":["Wild Strike","Shockwave"],"picked":"Thunderclap","floor":1},{"not_picked":["Thunderclap","Entrench"],"picked":"Rage","floor":3},{"not_picked":["Flex","Power Through"],"picked":"Cleave","floor":5},{"not_picked":["Thunderclap","Warcry"],"picked":"Burning Pact","floor":6},{"not_picked":["Thunderclap+1","Armaments"],"picked":"Offering","floor":8},{"not_picked":["Thunderclap+1","Sever Soul+1"],"picked":"Twin Strike+1","floor":12},{"not_picked":["Exhume","Brutality"],"picked":"Immolate+1","floor":16},{"not_picked":["Body Slam+1","Clothesline+1","Cleave+1"],"picked":"SKIP","floor":18},{"not_picked":["Intimidate","Feel No Pain"],"picked":"Pummel+1","floor":22},{"not_picked":["Thunderclap+1","Clothesline+1"],"picked":"Iron Wave+1","floor":23},{"not_picked":["Perfected Strike+1","Iron Wave+1"],"picked":"Flame Barrier+1","floor":25},{"not_picked":["Flex+1","Dropkick+1"],"picked":"True Grit+1","floor":27},{"not_picked":["Sword Boomerang+1","Second Wind+1"],"picked":"Impervious+1","floor":28},{"not_picked":["Intimidate+1","Pummel+1"],"picked":"Havoc+1","floor":31},{"not_picked":["Berserk+1","Barricade+1"],"picked":"Fiend Fire+1","floor":33},{"not_picked":["Sever Soul+1","Twin Strike+1","Body Slam+1"],"picked":"Singing Bowl","floor":35},{"not_picked":["Rampage+1","Clash+1"],"picked":"Shrug It Off+1","floor":36},{"not_picked":["Cleave+1","Warcry+1","Anger+1"],"picked":"Singing Bowl","floor":41},{"not_picked":["Perfected Strike+1","Metallicize+1","Sword Boomerang+1"],"picked":"Singing Bowl","floor":42},{"not_picked":["Evolve+1","Pommel Strike+1","Hemokinesis+1"],"picked":"Singing Bowl","floor":45},{"not_picked":["Anger+1","Feel No Pain+1"],"picked":"Blood for Blood+1","floor":47}],"player_experience":215198,"potions_floor_usage":[8,16,18,27,28,35,36,39,50,50,50],"damage_taken":[{"damage":13,"enemies":"2 Louse","floor":1,"turns":2},{"damage":13,"enemies":"Jaw Worm","floor":3,"turns":2},{"damage":2,"enemies":"Cultist","floor":5,"turns":4},{"damage":30,"enemies":"Lagavulin","floor":6,"turns":6},{"damage":19,"enemies":"Gremlin Nob","floor":8,"turns":4},{"damage":5,"enemies":"Looter","floor":12,"turns":2},{"damage":11,"enemies":"Slime Boss","floor":16,"turns":6},{"damage":12,"enemies":"3 Byrds","floor":18,"turns":3},{"damage":14,"enemies":"Shell Parasite","floor":22,"turns":3},{"damage":30,"enemies":"Book of Stabbing","floor":23,"turns":4},{"damage":8,"enemies":"Chosen and Byrds","floor":25,"turns":3},{"damage":20,"enemies":"Snake Plant","floor":27,"turns":2},{"damage":16,"enemies":"Gremlin Leader","floor":28,"turns":4},{"damage":27,"enemies":"Slaver and Parasite","floor":31,"turns":4},{"damage":25,"enemies":"Champ","floor":33,"turns":11},{"damage":31,"enemies":"3 Darklings","floor":35,"turns":4},{"damage":20,"enemies":"Orb Walker","floor":36,"turns":3},{"damage":4,"enemies":"Spire Growth","floor":41,"turns":3},{"damage":22,"enemies":"Maw","floor":42,"turns":7},{"damage":4,"enemies":"3 Darklings","floor":45,"turns":2},{"damage":25,"enemies":"Sphere and 2 Shapes","floor":47,"turns":4},{"damage":51,"enemies":"Awakened One","floor":50,"turns":7}],"relics_obtained":[{"floor":6,"key":"Molten Egg 2"},{"floor":8,"key":"Du-Vu Doll"},{"floor":9,"key":"Turnip"},{"floor":19,"key":"Mummified Hand"},{"floor":23,"key":"Toxic Egg 2"},{"floor":26,"key":"Singing Bowl"},{"floor":28,"key":"Dodecahedron"},{"floor":30,"key":"Frozen Egg 2"},{"floor":43,"key":"Smiling Mask"}],"event_choices":[{"event_name":"Shining Light","player_choice":"Entered Light","floor":2,"damage_taken":0},{"event_name":"Golden Idol","player_choice":"Take Wound","floor":10,"damage_taken":0},{"event_name":"Match and Keep!","player_choice":"1 cards matched","floor":11,"damage_taken":0},{"event_name":"World of Goop","player_choice":"Gather Gold","floor":13,"damage_taken":0},{"event_name":"Back to Basics","player_choice":"Elegance","floor":20,"damage_taken":0},{"event_name":"The Lab","player_choice":"Got Potions","floor":38,"damage_taken":0},{"event_name":"The Moai Head","player_choice":"Gave Idol","floor":39,"damage_taken":0},{"event_name":"SecretPortal","player_choice":"Rejected Portal.","floor":48,"damage_taken":0}],"boss_relics":[{"not_picked":["Runic Cube","Eternal Feather"],"picked":"Black Blood"},{"not_picked":["Mark of Pain","Astrolabe"],"picked":"Cursed Key"}],"items_purged_floors":[4,21,46],"potions_floor_spawned":[1,8,16,23,27,33,35,41,42],"seed_played":"5707699272820116038","ascension_level":12,"potions_obtained":[{"floor":1,"key":"EssenceOfSteel"},{"floor":8,"key":"Regen Potion"},{"floor":16,"key":"Block Potion"},{"floor":23,"key":"Swift Potion"},{"floor":27,"key":"Fire Potion"},{"floor":33,"key":"SneckoOil"},{"floor":35,"key":"Poison Potion"},{"floor":38,"key":"Energy Potion"},{"floor":38,"key":"Fruit Juice"},{"floor":38,"key":"FearPotion"},{"floor":41,"key":"LiquidBronze"}],"is_trial":false}