{"path_per_floor":["M","M","?","$","M","R","M","R","T","E","?","E","M","M","R","B",null,"M","?","$","M","M","R"],"character_chosen":"IRONCLAD","items_purchased":["Cleave","Kunai"],"gold_per_floor":[110,123,73,47,61,61,76,76,100,126,126,157,174,184,184,285,285,295,295,53,72,82,82,82],"floor_reached":24,"campfire_rested":0,"playtime":1383,"current_hp_per_floor":[78,80,80,80,80,80,80,80,80,60,65,70,76,79,79,49,81,72,72,72,40,43,43,0],"items_purged":[],"gold":82,"score":322,"play_id":"7f8c6bb0-f936-4307-9adb-7e810544eaad","local_time":"20180507113059","is_prod":false,"is_daily":false,"chose_seed":false,"is_ascension_mode":true,"campfire_upgraded":4,"timestamp":1525707059,"path_taken":["M","M","?","$","M","R","M","R","T","E","?","E","M","M","R","BOSS","M","?","?","?","M","R","M"],"build_version":"2018-05-03","seed_source_timestamp":478506783448237,"purchased_purges":0,"victory":false,"master_deck":["Strike_R","Strike_R+1","Strike_R","Defend_R","Defend_R","Defend_R","Defend_R","Bash+1","AscendersBane","Impervious","Pommel Strike+1","Cleave+1","Shrug It Off","Shrug It Off","Feed","Evolve","Pommel Strike+1","Flex+1","Reaper","Pain","Injury","Feel No Pain","Rupture+1"],"max_hp_per_floor":[80,80,80,80,80,80,80,80,80,80,85,88,88,91,91,91,91,91,91,91,91,94,94,94],"relics":["Burning Blood","Omamori","Whetstone","Bronze Scales","Calling Bell","Happy Flower","Mummified Hand","Peace Pipe","Kunai"],"card_choices":[{"not_picked":["Intimidate","True Grit"],"picked":"Pommel Strike","floor":1},{"not_picked":["Pommel Strike","Thunderclap"],"picked":"Shrug It Off","floor":5},{"not_picked":["Clash","Thunderclap"],"picked":"Shrug It Off","floor":7},{"not_picked":["Combust","Ghostly Armor"],"picked":"Feed","floor":10},{"not_picked":["Flex","Cleave"],"picked":"Evolve","floor":12},{"not_picked":["Anger","Fire Breathing"],"picked":"Pommel Strike","floor":13},{"not_picked":["Havoc","Shockwave"],"picked":"Flex","floor":14},{"not_picked":["Impervious","Dark Embrace"],"picked":"Reaper","floor":16},{"not_picked":["Bloodletting","Warcry"],"picked":"Feel No Pain","floor":21},{"not_picked":["Carnage","Warcry"],"picked":"Rupture","floor":22}],"player_experience":529151,"potions_floor_usage":[10,12,21],"damage_taken":[{"damage":0,"enemies":"Small Slimes","floor":1,"turns":4},{"damage":2,"enemies":"Jaw Worm","floor":2,"turns":3},{"damage":0,"enemies":"2 Louse","floor":5,"turns":2},{"damage":5,"enemies":"Large Slime","floor":7,"turns":7},{"damage":26,"enemies":"Gremlin Nob","floor":10,"turns":5},{"damage":4,"enemies":"3 Sentries","floor":12,"turns":8},{"damage":0,"enemies":"Exordium Wildlife","floor":13,"turns":2},{"damage":6,"enemies":"Exordium Thugs","floor":14,"turns":3},{"damage":36,"enemies":"The Guardian","floor":16,"turns":12},{"damage":15,"enemies":"Spheric Guardian","floor":18,"turns":5},{"damage":38,"enemies":"Shell Parasite","floor":21,"turns":7},{"damage":26,"enemies":"Centurion and Healer","floor":22,"turns":8},{"damage":52,"enemies":"Snecko","floor":24,"turns":5}],"event_choices":[{"event_name":"The Cleric","player_choice":"Card Removal","floor":3,"damage_taken":0},{"event_name":"Big Fish","player_choice":"Donut","floor":11,"damage_taken":0},{"event_name":"Accursed Blacksmith","player_choice":"Forge","floor":19,"damage_taken":0}],"boss_relics":[{"not_picked":["Velvet Choker","Astrolabe"],"picked":"Calling Bell"}],"potions_floor_spawned":[1,5,10,13,18],"seed_played":"-540414305445298968","killed_by":"Snecko","ascension_level":11,"is_trial":false}