{"path_per_floor":["M","?","M","M","M","R","E","R","T","R","M","?","M","?","R","B",null,"M","$","?","M","?","M","R","M","T","R","E","R","?","M","R","B",null,"M","?","M","M","?","R","E","R","T","E","M","R","T","M","R","B"],"character_chosen":"THE_SILENT","items_purchased":[],"gold_per_floor":[99,99,99,99,99,99,99,99,99,99,99,99,99,99,99,99,99,39,39,39,39,39,39,39,39,39,39,39,39,39,39,39,39,39,39,39,39,39,39,39,39,39,39,39,39,39,39,39,39,39],"floor_reached":51,"campfire_rested":0,"playtime":5931,"current_hp_per_floor":[70,63,63,63,61,61,51,51,51,51,51,51,51,40,40,44,70,69,69,53,65,65,65,65,66,66,66,66,66,66,50,50,39,70,70,70,70,69,60,60,53,53,53,40,45,45,59,68,68,24],"items_purged":[],"gold":39,"score":737,"play_id":"9e1229e8-ccee-4b4a-a549-088f4a148322","local_time":"20180408172939","is_prod":false,"is_daily":false,"is_ascension_mode":true,"campfire_upgraded":10,"timestamp":1523201379,"path_taken":["M","?","?","M","M","R","E","R","T","R","?","?","M","?","R","BOSS","M","$","?","M","?","M","R","?","T","R","E","R","?","M","R","BOSS","M","?","?","M","?","R","E","R","T","E","?","R","?","M","R","BOSS"],"build_version":"2018-04-05v2","purchased_purges":0,"victory":true,"master_deck":["Defend_G+1","Defend_G+1","Defend_G+1","Defend_G+1","Defend_G+1","Strike_G+1","Strike_G+1","Survivor+1","Neutralize+1","Flying Knee+1","Venomology+1","Backflip+1","Bouncing Flask+1","Die Die Die","Well Laid Plans","PiercingWail+1","Envenom+1","Dagger Throw+1","Dash","PiercingWail","Expertise","Infinite Blades+1","Madness","Madness","Envenom+1","Blade Dance","Dash+1"],"max_hp_per_floor":[70,70,70,70,70,70,70,70,70,70,70,70,70,70,70,70,70,70,70,70,70,70,70,70,70,70,70,70,70,70,70,70,70,70,70,70,70,70,70,70,70,70,70,70,70,70,84,84,84,84],"relics":["Ectoplasm","Meat on the Bone","Old Coin","Lizard Tail","Nilry\u0027s Codex","Bottled Tornado","Tough Bandages","Velvet Choker","Tingsha","Peace Pipe","Kunai","Mango"],"card_choices":[{"not_picked":["Deadly Poison","Dodge and Roll"],"picked":"Flying Knee","floor":1},{"not_picked":["PiercingWail","Outmaneuver"],"picked":"Venomology","floor":3},{"not_picked":["Slice","Escape Plan"],"picked":"Backflip","floor":4},{"not_picked":["Finisher","Flying Knee"],"picked":"Bouncing Flask","floor":5},{"not_picked":["Expertise","Backflip"],"picked":"Die Die Die","floor":7},{"not_picked":["Terror","Escape Plan"],"picked":"Well Laid Plans","floor":11},{"not_picked":["Calculated Gamble","Catalyst"],"picked":"PiercingWail","floor":13},{"not_picked":["Doppelganger","A Thousand Cuts"],"picked":"Envenom","floor":16},{"not_picked":["Finisher","PiercingWail"],"picked":"Dagger Throw","floor":18},{"not_picked":["Distraction","Slice"],"picked":"Dash","floor":21},{"not_picked":["Storm of Steel","Crippling Poison"],"picked":"Flying Knee","floor":23},{"not_picked":["Bane","Heel Hook"],"picked":"PiercingWail","floor":28},{"not_picked":["All Out Attack","Predator"],"picked":"Expertise","floor":37},{"not_picked":["Terror","Slice"],"picked":"Infinite Blades","floor":38},{"not_picked":["Concentrate","Deadly Poison"],"picked":"Envenom","floor":41},{"not_picked":["Flechettes","Distraction"],"picked":"Blade Dance","floor":45},{"not_picked":["Concentrate","Deadly Poison"],"picked":"Dash","floor":48}],"player_experience":114278,"potions_floor_usage":[5,7,13,13,13,18,18,21,21,25,25,25,28,28,33,33,38,38,41,41,44,45,48,48,50,50],"damage_taken":[{"damage":0,"enemies":"Small Slimes","floor":1,"turns":4},{"damage":0,"enemies":"Jaw Worm","floor":3,"turns":6},{"damage":0,"enemies":"Cultist","floor":4,"turns":5},{"damage":2,"enemies":"Gremlin Gang","floor":5,"turns":3},{"damage":10,"enemies":"Gremlin Nob","floor":7,"turns":3},{"damage":0,"enemies":"Blue Slaver","floor":11,"turns":3},{"damage":0,"enemies":"Large Slime","floor":13,"turns":5},{"damage":8,"enemies":"The Guardian","floor":16,"turns":9},{"damage":1,"enemies":"2 Thieves","floor":18,"turns":4},{"damage":0,"enemies":"Chosen","floor":21,"turns":4},{"damage":0,"enemies":"Snecko","floor":23,"turns":6},{"damage":11,"enemies":"Centurion and Healer","floor":25,"turns":6},{"damage":0,"enemies":"Book of Stabbing","floor":28,"turns":5},{"damage":16,"enemies":"Slaver and Parasite","floor":31,"turns":7},{"damage":23,"enemies":"Automaton","floor":33,"turns":12},{"damage":0,"enemies":"Orb Walker","floor":35,"turns":4},{"damage":0,"enemies":"3 Shapes","floor":37,"turns":6},{"damage":1,"enemies":"Sphere and 2 Shapes","floor":38,"turns":5},{"damage":7,"enemies":"Nemesis","floor":41,"turns":7},{"damage":25,"enemies":"Giant Head","floor":44,"turns":9},{"damage":7,"enemies":"4 Shapes","floor":45,"turns":5},{"damage":3,"enemies":"Maw","floor":48,"turns":8},{"damage":56,"enemies":"Donu and Deca","floor":50,"turns":12}],"event_choices":[{"event_name":"Golden Wing","player_choice":"Card Removal","floor":2,"damage_taken":0},{"event_name":"Living Wall","player_choice":"Grow","floor":12,"damage_taken":0},{"event_name":"World of Goop","player_choice":"Gather Gold","floor":14,"damage_taken":0},{"event_name":"Cursed Tome","player_choice":"Obtained Book","floor":20,"damage_taken":0},{"event_name":"Back to Basics","player_choice":"Simplicity","floor":22,"damage_taken":0},{"event_name":"Vampires","player_choice":"Ignored","floor":30,"damage_taken":0},{"event_name":"Purifier","player_choice":"One Purge","floor":36,"damage_taken":0},{"event_name":"Winding Halls","player_choice":"Embrace Madness","floor":39,"damage_taken":0}],"boss_relics":[{"not_picked":["Calling Bell","Snecko Eye"],"picked":"Lizard Tail"},{"not_picked":["Runic Dome","Astrolabe"],"picked":"Velvet Choker"}],"potions_floor_spawned":[4,11,13,18,23,28,31,37,44,45],"seed_played":"-8419474077048638383","ascension_level":1,"is_trial":false}