{"gold_per_floor":[111,128,138,63,138,138,473,473,473,535,535,545,545,562,562,562],"floor_reached":16,"playtime":1675,"items_purged":["Strike_G"],"score":105,"play_id":"baf5b524-110e-498a-80fb-9e2552b1fb71","local_time":"20180928235854","is_ascension_mode":true,"campfire_choices":[{"data":"Neutralize","floor":6,"key":"SMITH"},{"floor":11,"key":"REST"},{"data":"Prepared","floor":13,"key":"SMITH"},{"data":"Footwork","floor":15,"key":"SMITH"}],"neow_cost":"","seed_source_timestamp":48338781112849,"circlet_count":0,"master_deck":["Defend_G","Defend_G","Defend_G","Defend_G","Defend_G","Strike_G","Strike_G","Strike_G","Strike_G","Survivor","Neutralize+1","Backflip","Calculated Gamble+1","Prepared+1","Footwork+1"],"relics":["Ring of the Snake","Old Coin","Peace Pipe","Anchor"],"potions_floor_usage":[7,10,16,16],"damage_taken":[{"damage":0,"enemies":"Small Slimes","floor":1,"turns":4},{"damage":8,"enemies":"Jaw Worm","floor":2,"turns":4},{"damage":0,"enemies":"2 Louse","floor":3,"turns":3},{"damage":15,"enemies":"3 Sentries","floor":7,"turns":12},{"damage":29,"enemies":"Gremlin Nob","floor":10,"turns":5},{"damage":4,"enemies":"Red Slaver","floor":12,"turns":4},{"damage":0,"enemies":"2 Fungi Beasts","floor":14,"turns":4},{"damage":26,"enemies":"Hexaghost","floor":16,"turns":20}],"seed_played":"4290762197017369458","potions_obtained":[{"floor":2,"key":"LiquidBronze"},{"floor":7,"key":"PowerPotion"},{"floor":12,"key":"Block Potion"},{"floor":14,"key":"SteroidPotion"}],"is_trial":false,"path_per_floor":["M","M","M","$","?","R","E","?","T","?","R","M","R","M","R"],"character_chosen":"THE_SILENT","items_purchased":[],"campfire_rested":1,"item_purchase_floors":[],"current_hp_per_floor":[70,62,62,62,51,51,36,36,36,7,28,24,24,24,24,0],"gold":562,"neow_bonus":"","is_prod":false,"is_daily":false,"chose_seed":false,"campfire_upgraded":3,"win_rate":0,"timestamp":1538168334,"path_taken":["M","M","M","$","?","R","E","?","T","?","R","?","R","M","R","BOSS"],"build_version":"2018-09-27","purchased_purges":1,"victory":false,"max_hp_per_floor":[70,70,70,70,70,70,70,70,70,70,70,70,70,70,70,70],"card_choices":[{"not_picked":["Sucker Punch","Poisoned Stab"],"picked":"Backflip","floor":1},{"not_picked":["Slice","Quick Slash","All Out Attack"],"picked":"SKIP","floor":2},{"not_picked":["Dagger Throw","Unload","Tactician"],"picked":"SKIP","floor":3},{"not_picked":["Poisoned Stab","Predator"],"picked":"Calculated Gamble","floor":7},{"not_picked":["Finisher","Backstab"],"picked":"Prepared","floor":10},{"not_picked":["Sucker Punch","Infinite Blades","Cloak And Dagger"],"picked":"SKIP","floor":12},{"not_picked":["Dash","Cloak And Dagger"],"picked":"Footwork","floor":14}],"player_experience":149145,"relics_obtained":[{"floor":7,"key":"Old Coin"},{"floor":9,"key":"Peace Pipe"},{"floor":10,"key":"Anchor"}],"event_choices":[{"event_name":"World of Goop","player_choice":"Gather Gold","floor":5,"damage_taken":0},{"event_name":"Accursed Blacksmith","player_choice":"Forge","floor":8,"damage_taken":0},{"event_name":"Dead Adventurer","player_choice":"Searched \u00272\u0027 times","floor":10,"damage_taken":0}],"is_beta":false,"boss_relics":[],"items_purged_floors":[4],"is_endless":false,"potions_floor_spawned":[2,7,12,14],"killed_by":"Hexaghost","ascension_level":1}