{"path_per_floor":["M","?","M","M","$","E","M","?","T","R","E","R","E","M","R","B",null,"M","M","M","M","?","R","E","R","T","R","M","M","$","E","R"],"character_chosen":"THE_SILENT","items_purchased":["Well Laid Plans","Infinite Blades"],"gold_per_floor":[16,16,30,41,5,39,54,54,54,54,94,94,133,151,151,244,244,264,282,298,317,317,317,348,348,375,375,391,407,370,406,406,406],"floor_reached":33,"campfire_rested":3,"playtime":2334,"current_hp_per_floor":[75,75,72,72,72,69,67,67,67,67,25,48,29,30,30,20,64,50,46,25,28,28,51,20,20,20,43,36,38,38,30,30,0],"items_purged":[],"gold":406,"score":507,"play_id":"d9dd8fb5-e45b-48c5-93ea-63ea7616b1ad","local_time":"20180421152254","is_prod":false,"is_daily":false,"chose_seed":false,"is_ascension_mode":true,"campfire_upgraded":4,"timestamp":1524316974,"path_taken":["M","?","M","M","$","E","M","?","T","R","E","R","E","M","R","BOSS","M","M","?","M","?","R","E","R","T","R","?","M","$","E","R","BOSS"],"build_version":"2018-04-19","seed_source_timestamp":333913996452831,"purchased_purges":0,"victory":false,"master_deck":["Defend_G","Defend_G+1","Defend_G","Defend_G","Defend_G","Strike_G","Strike_G","Survivor","Neutralize+1","AscendersBane","Caltrops","Deadly Poison","Cloak And Dagger+1","Well Laid Plans","Dash","Deadly Poison","Noxious Fumes","Flechettes","Leg Sweep+1","Caltrops","Burst+1","Accuracy+1","Infinite Blades+1","Accuracy+1","Malaise","Catalyst","Endless Agony","Malaise+1","Backstab","Infinite Blades+1","Bullet Time"],"max_hp_per_floor":[84,84,84,84,84,84,84,78,78,78,78,78,78,78,78,78,78,78,78,78,78,78,78,78,78,78,78,78,78,78,78,78,78],"relics":["Ring of the Snake","Blood Vial","Golden Idol","Dream Catcher","Mummified Hand","Du-Vu Doll","Astrolabe","Unceasing Top","War Paint","Bag of Preparation"],"card_choices":[{"not_picked":["Slice","Reflex"],"picked":"Masterful Stab","floor":1},{"not_picked":["Cloak And Dagger","Dagger Throw"],"picked":"Deadly Poison","floor":3},{"not_picked":["Dodge and Roll","Heel Hook"],"picked":"Cloak And Dagger","floor":4},{"not_picked":["Distraction","Dagger Throw"],"picked":"Dash","floor":6},{"not_picked":["Flying Knee","Dagger Spray"],"picked":"Deadly Poison","floor":7},{"not_picked":["Backflip","Underhanded Strike"],"picked":"Noxious Fumes","floor":11},{"not_picked":["Dagger Spray","Poisoned Stab"],"picked":"Flechettes","floor":12},{"not_picked":["Blur","Bane"],"picked":"Leg Sweep","floor":13},{"not_picked":["Sucker Punch","Envenom"],"picked":"Caltrops","floor":14},{"not_picked":["Night Terror","Venomology"],"picked":"Burst","floor":16},{"not_picked":["Calculated Gamble","Concentrate"],"picked":"Malaise","floor":18},{"not_picked":["Flechettes","Well Laid Plans"],"picked":"Catalyst","floor":20},{"not_picked":["Quick Slash","Acrobatics"],"picked":"Endless Agony","floor":21},{"not_picked":["Prepared","PiercingWail"],"picked":"Malaise","floor":27},{"not_picked":["Terror","Dagger Spray"],"picked":"Backstab","floor":28},{"not_picked":["Concentrate","Masterful Stab"],"picked":"Bullet Time","floor":31}],"player_experience":392252,"potions_floor_usage":[6,16,21,24,24,31],"damage_taken":[{"damage":2,"enemies":"2 Louse","floor":1,"turns":3},{"damage":3,"enemies":"Jaw Worm","floor":3,"turns":5},{"damage":0,"enemies":"Cultist","floor":4,"turns":4},{"damage":3,"enemies":"3 Sentries","floor":6,"turns":8},{"damage":4,"enemies":"Looter","floor":7,"turns":3},{"damage":44,"enemies":"Gremlin Nob","floor":11,"turns":5},{"damage":21,"enemies":"Lagavulin","floor":13,"turns":7},{"damage":1,"enemies":"Blue Slaver","floor":14,"turns":4},{"damage":12,"enemies":"The Guardian","floor":16,"turns":9},{"damage":16,"enemies":"Shell Parasite","floor":18,"turns":4},{"damage":6,"enemies":"Chosen","floor":19,"turns":5},{"damage":23,"enemies":"Snake Plant","floor":20,"turns":5},{"damage":11,"enemies":"3 Cultists","floor":21,"turns":5},{"damage":33,"enemies":"Slavers","floor":24,"turns":6},{"damage":9,"enemies":"Chosen and Byrds","floor":28,"turns":4},{"damage":0,"enemies":"Centurion and Healer","floor":29,"turns":6},{"damage":10,"enemies":"Gremlin Leader","floor":31,"turns":6},{"damage":39,"enemies":"Collector","floor":33,"turns":7}],"event_choices":[{"event_name":"Living Wall","player_choice":"Change","floor":2,"damage_taken":0},{"event_name":"Golden Idol","player_choice":"Lose Max HP","floor":8,"damage_taken":0},{"event_name":"Beggar","player_choice":"Ignored","floor":22,"damage_taken":0}],"boss_relics":[{"not_picked":["Runic Dome","Pandora\u0027s Box"],"picked":"Astrolabe"}],"potions_floor_spawned":[1,11,14,16,20,21,28],"seed_played":"-6134024326291058639","killed_by":"Collector","ascension_level":13,"is_trial":false}