{"path_per_floor":["M","M","M","?","?","E","R","M","T","R","E","$","R","E","R"],"character_chosen":"THE_SILENT","items_purchased":["Footwork"],"gold_per_floor":[119,131,142,142,142,177,177,191,262,262,294,151,151,183,183,183],"floor_reached":16,"campfire_rested":0,"playtime":833,"current_hp_per_floor":[58,57,55,55,55,42,42,40,40,40,40,40,40,27,27,0],"items_purged":["Strike_G"],"gold":183,"score":195,"play_id":"6e64eae7-b774-43a3-8b9c-3209716d454f","local_time":"20180421073735","is_prod":false,"is_daily":false,"chose_seed":false,"is_ascension_mode":true,"campfire_upgraded":4,"timestamp":1524289055,"path_taken":["M","M","M","?","?","E","R","?","T","R","E","?","R","E","R","BOSS"],"build_version":"2018-04-19","seed_source_timestamp":307489024609189,"purchased_purges":1,"victory":false,"master_deck":["Defend_G","Defend_G","Defend_G+1","Defend_G+1","Defend_G","Strike_G","Strike_G","Strike_G","Survivor","Neutralize+1","AscendersBane","Poisoned Stab","Sucker Punch+1","Deadly Poison","Bane","Leg Sweep","Envenom+1","Footwork+1","Dagger Spray"],"max_hp_per_floor":[70,70,70,70,70,84,84,84,84,84,84,84,84,84,84,84],"relics":["Black Star","Mango","Ginger","Mercury Hourglass","War Paint","Juzu Bracelet","Singing Bowl","Dream Catcher"],"card_choices":[{"not_picked":["Dagger Throw","PiercingWail"],"picked":"Poisoned Stab","floor":1},{"not_picked":["Prepared","Flechettes"],"picked":"Sucker Punch","floor":2},{"not_picked":["Masterful Stab","Choke"],"picked":"Deadly Poison","floor":3},{"not_picked":["Dagger Throw","Heel Hook"],"picked":"Bane","floor":6},{"not_picked":["Dodge and Roll","Slice"],"picked":"Leg Sweep","floor":8},{"not_picked":["Setup","Deadly Poison"],"picked":"Envenom","floor":11},{"not_picked":["Setup","Outmaneuver"],"picked":"Dagger Spray","floor":14}],"player_experience":380627,"potions_floor_usage":[6,11,11,16,16],"damage_taken":[{"damage":5,"enemies":"Small Slimes","floor":1,"turns":5},{"damage":1,"enemies":"Cultist","floor":2,"turns":4},{"damage":2,"enemies":"2 Louse","floor":3,"turns":3},{"damage":27,"enemies":"Lagavulin","floor":6,"turns":8},{"damage":2,"enemies":"Blue Slaver","floor":8,"turns":3},{"damage":12,"enemies":"3 Sentries","floor":11,"turns":5},{"damage":13,"enemies":"Lagavulin","floor":14,"turns":7},{"damage":28,"enemies":"Hexaghost","floor":16,"turns":9}],"event_choices":[{"event_name":"The Lab","player_choice":"Got Potions","floor":4,"damage_taken":0},{"event_name":"Bonfire Elementals","player_choice":"BASIC","floor":5,"damage_taken":0}],"boss_relics":[],"potions_floor_spawned":[1,6,11],"seed_played":"-2623866624176192571","killed_by":"Hexaghost","ascension_level":13,"is_trial":false}