{"gold_per_floor":[119,119,133,145,155,188,218,233,233,159,172,172,187,187,187,187],"floor_reached":16,"playtime":1265,"items_purged":[],"score":104,"play_id":"cce1bdec-dff8-4120-bdc1-65f58099151f","local_time":"20181119220652","is_ascension_mode":false,"campfire_choices":[{"floor":15,"key":"REST"}],"neow_cost":"NONE","seed_source_timestamp":419449343400501,"circlet_count":0,"master_deck":["Defend_G","Defend_G","Defend_G","Defend_G","Strike_G","Strike_G","Strike_G","Strike_G","Strike_G","Survivor","Neutralize+1","Backflip","Crippling Poison","Deadly Poison","Cloak And Dagger","Dagger Spray","Dagger Throw","Escape Plan","Infinite Blades","Dodge and Roll","Cloak And Dagger"],"relics":["Ring of the Snake","Dodecahedron","Odd Mushroom","Frozen Egg 2"],"potions_floor_usage":[6],"damage_taken":[{"damage":0,"enemies":"2 Louse","floor":1,"turns":3},{"damage":1,"enemies":"Cultist","floor":3,"turns":4},{"damage":0,"enemies":"Jaw Worm","floor":4,"turns":5},{"damage":4,"enemies":"Blue Slaver","floor":5,"turns":5},{"damage":32,"enemies":"3 Sentries","floor":6,"turns":18},{"damage":19,"enemies":"The Mushroom Lair","floor":7,"turns":4},{"damage":2,"enemies":"Lots of Slimes","floor":8,"turns":2},{"damage":4,"enemies":"Looter","floor":11,"turns":3},{"damage":3,"enemies":"2 Fungi Beasts","floor":13,"turns":3},{"damage":32,"enemies":"Hexaghost","floor":16,"turns":11}],"seed_played":"-262573916697414399","potions_obtained":[{"floor":3,"key":"LiquidBronze"},{"floor":4,"key":"Fruit Juice"},{"floor":5,"key":"Poison Potion"},{"floor":13,"key":"SpeedPotion"}],"is_trial":false,"path_per_floor":["M","?","M","M","M","E","?","M","T","$","M","?","M","T","R","B"],"character_chosen":"THE_SILENT","items_purchased":["Infinite Blades"],"campfire_rested":1,"item_purchase_floors":[10],"current_hp_per_floor":[70,70,69,69,65,38,19,17,17,17,13,13,10,10,32,0],"gold":187,"neow_bonus":"UPGRADE_CARD","is_prod":false,"is_daily":false,"chose_seed":false,"campfire_upgraded":0,"win_rate":0,"timestamp":1542683212,"path_taken":["M","?","M","M","?","E","?","M","T","$","M","?","M","?","R","BOSS"],"build_version":"2018-11-15","purchased_purges":0,"victory":false,"max_hp_per_floor":[70,70,70,70,70,75,75,75,75,75,75,75,75,75,75,75],"card_choices":[{"not_picked":["Outmaneuver","Terror"],"picked":"Backflip","floor":1},{"not_picked":["Accuracy","Outmaneuver","Tactician"],"picked":"SKIP","floor":3},{"not_picked":["Bouncing Flask","Reflex"],"picked":"Deadly Poison","floor":4},{"not_picked":["Dash","Deadly Poison"],"picked":"Cloak And Dagger","floor":5},{"not_picked":["Catalyst","Flechettes"],"picked":"Dagger Spray","floor":6},{"not_picked":["Prepared","Storm of Steel"],"picked":"Dagger Throw","floor":7},{"not_picked":["All Out Attack","Acrobatics"],"picked":"Escape Plan","floor":8},{"not_picked":["Blade Dance","Sucker Punch"],"picked":"Dodge and Roll","floor":11},{"not_picked":["Crippling Poison","Outmaneuver"],"picked":"Cloak And Dagger","floor":13}],"player_experience":1187844,"relics_obtained":[{"floor":6,"key":"Dodecahedron"},{"floor":7,"key":"Odd Mushroom"},{"floor":14,"key":"Frozen Egg 2"}],"event_choices":[{"damage_healed":0,"gold_gain":0,"cards_transformed":["Defend_G"],"player_choice":"Transformed","damage_taken":0,"max_hp_gain":0,"max_hp_loss":0,"event_name":"Transmorgrifier","floor":2,"gold_loss":0,"cards_obtained":["Crippling Poison"]},{"damage_healed":0,"gold_gain":0,"player_choice":"Fought Mushrooms","damage_taken":0,"max_hp_gain":0,"max_hp_loss":0,"event_name":"Mushrooms","floor":7,"gold_loss":0},{"damage_healed":0,"gold_gain":0,"player_choice":"Ignored","damage_taken":0,"max_hp_gain":0,"max_hp_loss":0,"event_name":"Golden Wing","floor":12,"gold_loss":0}],"is_beta":false,"boss_relics":[],"items_purged_floors":[],"is_endless":false,"potions_floor_spawned":[3,4,5,13],"killed_by":"Hexaghost","ascension_level":0}