{"gold_per_floor":[110,110,122,135,65,65,100,110,410,424,424,84,84,84,84,181,181,195,195,209,223,240,240,271,271,321,351,379,491,518,543,555,668,730,757,13,13,25,25,25,36,63,63,63,92,92,92,72,72,72],"floor_reached":51,"playtime":5849,"items_purged":["Strike_R","Strike_R"],"score":830,"play_id":"82f91897-8514-464a-90b1-695e460237e1","local_time":"20190203223640","is_ascension_mode":true,"campfire_choices":[{"data":"Infernal Blade","floor":6,"key":"SMITH"},{"data":"Flame Barrier","floor":13,"key":"SMITH"},{"floor":15,"key":"REST"},{"floor":23,"key":"REST"},{"floor":25,"key":"REST"},{"floor":32,"key":"REST"},{"floor":40,"key":"RECALL"},{"floor":44,"key":"REST"},{"floor":46,"key":"REST"},{"floor":49,"key":"REST"}],"neow_cost":"NONE","seed_source_timestamp":3741507107933,"circlet_count":0,"master_deck":["Strike_R","Defend_R","Defend_R","Defend_R","Bash","True Grit","Sever Soul","Body Slam","Hemokinesis","Sword Boomerang","Infernal Blade+1","Shrug It Off","Pommel Strike","Carnage+1","Flame Barrier+1","Transmutation+1","Clash","Impervious","Wild Strike","Feed","Power Through+1","Sentinel","Anger","Impervious","Thunderclap","Iron Wave+1","Flex","Anger+1","Flex+1","Brutality","Armaments","Iron Wave+1","Seeing Red","Whirlwind","Warcry","Feel No Pain+1","Writhe"],"relics":["Burning Blood","Letter Opener","Old Coin","Fusion Hammer","Champion Belt","Smiling Mask","MawBank","Mango","Shuriken","Tiny House","Chemical X","Bag of Preparation","Bottled Lightning","Frozen Egg 2","Red Skull"],"potions_floor_usage":[16,16,24,29,33,33,42,45,50,50,50],"damage_taken":[{"damage":7,"enemies":"Small Slimes","floor":1,"turns":5},{"damage":1,"enemies":"Cultist","floor":3,"turns":3},{"damage":0,"enemies":"2 Louse","floor":4,"turns":2},{"damage":61,"enemies":"Lagavulin","floor":7,"turns":9},{"damage":14,"enemies":"Blue Slaver","floor":8,"turns":4},{"damage":0,"enemies":"Large Slime","floor":10,"turns":5},{"damage":64,"enemies":"Slime Boss","floor":16,"turns":18},{"damage":8,"enemies":"Chosen","floor":18,"turns":4},{"damage":13,"enemies":"Shell Parasite","floor":20,"turns":5},{"damage":30,"enemies":"Snake Plant","floor":21,"turns":3},{"damage":3,"enemies":"Chosen and Byrds","floor":22,"turns":3},{"damage":14,"enemies":"Book of Stabbing","floor":24,"turns":5},{"damage":10,"enemies":"Gremlin Leader","floor":27,"turns":7},{"damage":25,"enemies":"Cultist and Chosen","floor":28,"turns":7},{"damage":10,"enemies":"Colosseum Slavers","floor":29,"turns":4},{"damage":5,"enemies":"Colosseum Nobs","floor":29,"turns":5},{"damage":6,"enemies":"Snake Plant","floor":30,"turns":3},{"damage":13,"enemies":"Sentry and Sphere","floor":31,"turns":3},{"damage":71,"enemies":"Automaton","floor":33,"turns":10},{"damage":8,"enemies":"3 Darklings","floor":35,"turns":6},{"damage":1,"enemies":"3 Shapes","floor":38,"turns":2},{"damage":0,"enemies":"3 Darklings","floor":41,"turns":1},{"damage":54,"enemies":"Reptomancer","floor":42,"turns":7},{"damage":78,"enemies":"Nemesis","floor":45,"turns":9},{"damage":102,"enemies":"Awakened One","floor":50,"turns":12}],"seed_played":"-2303586181735853913","potions_obtained":[{"floor":1,"key":"Ancient Potion"},{"floor":7,"key":"SteroidPotion"},{"floor":10,"key":"SpeedPotion"},{"floor":22,"key":"Fire Potion"},{"floor":24,"key":"BloodPotion"},{"floor":28,"key":"Dexterity Potion"},{"floor":29,"key":"Fire Potion"},{"floor":30,"key":"EssenceOfSteel"},{"floor":34,"key":"Poison Potion"},{"floor":38,"key":"Swift Potion"},{"floor":45,"key":"Regen Potion"},{"floor":48,"key":"Swift Potion"}],"is_trial":false,"path_per_floor":["M","?","M","M","$","R","E","M","T","M","?","$","R","?","R","B",null,"M","?","M","M","M","R","E","R","T","E","M","?","M","M","R","B",null,"M","$","?","M","$","R","M","E","T","R","E","R","?","?","R","B",null],"character_chosen":"IRONCLAD","items_purchased":["Infernal Blade","Flame Barrier","Transmutation","Chemical X","Seeing Red","Whirlwind","Bag of Preparation","Bottled Lightning"],"campfire_rested":7,"item_purchase_floors":[5,12,12,36,36,36,36,36],"current_hp_per_floor":[79,79,80,80,80,80,25,17,17,23,49,49,49,49,73,15,80,78,78,71,47,50,74,66,80,80,76,57,74,74,70,100,35,108,106,106,106,111,111,111,111,63,63,96,24,57,85,85,111,41],"gold":72,"neow_bonus":"THREE_CARDS","is_prod":false,"is_daily":false,"chose_seed":false,"campfire_upgraded":2,"win_rate":0,"timestamp":1549229800,"path_taken":["M","?","M","M","?","R","E","?","T","M","?","$","R","?","R","BOSS","M","?","M","?","M","R","E","R","T","E","M","?","M","M","R","BOSS","M","$","?","?","?","R","M","E","T","R","E","R","?","?","R","BOSS"],"build_version":"2019-01-23","purchased_purges":2,"victory":true,"max_hp_per_floor":[80,80,80,80,80,80,80,80,80,80,80,80,80,80,80,80,80,80,80,80,80,80,80,80,80,80,80,80,100,100,103,103,103,108,108,108,108,111,111,111,111,111,111,111,111,111,111,111,111,111],"card_choices":[{"not_picked":["Clothesline","Hemokinesis"],"picked":"True Grit","floor":0},{"not_picked":["Pummel","Wild Strike"],"picked":"Sever Soul","floor":1},{"not_picked":["Carnage","Thunderclap"],"picked":"Hemokinesis","floor":3},{"not_picked":["Body Slam","Dropkick"],"picked":"Sword Boomerang","floor":4},{"not_picked":["Headbutt","Iron Wave"],"picked":"Shrug It Off","floor":7},{"not_picked":["Headbutt","Twin Strike"],"picked":"Pommel Strike","floor":8},{"not_picked":["Heavy Blade","True Grit"],"picked":"Carnage","floor":10},{"not_picked":["Immolate","Limit Break"],"picked":"Impervious","floor":16},{"not_picked":["Heavy Blade","Perfected Strike"],"picked":"Wild Strike","floor":18},{"not_picked":["True Grit","Shrug It Off"],"picked":"Power Through+1","floor":20},{"not_picked":["Clash","Thunderclap"],"picked":"Sentinel","floor":21},{"not_picked":["Inflame","Headbutt"],"picked":"Anger","floor":22},{"not_picked":["Whirlwind","Combust"],"picked":"Impervious","floor":24},{"not_picked":["Searing Blow","Entrench+1"],"picked":"Thunderclap","floor":27},{"not_picked":["Second Wind","Hemokinesis"],"picked":"Iron Wave+1","floor":28},{"not_picked":["Clothesline","Sword Boomerang+1"],"picked":"Flex","floor":29},{"not_picked":["Warcry","Limit Break"],"picked":"Anger+1","floor":30},{"not_picked":["Sword Boomerang+1","Thunderclap"],"picked":"Flex+1","floor":31},{"not_picked":["Dark Embrace","Impervious"],"picked":"Brutality","floor":33},{"not_picked":["Perfected Strike","Iron Wave"],"picked":"Armaments","floor":34},{"not_picked":["Flex","Perfected Strike"],"picked":"Iron Wave+1","floor":35},{"not_picked":["Heavy Blade+1","Fiend Fire"],"picked":"Warcry","floor":38},{"not_picked":["Perfected Strike","Uppercut+1","Second Wind+1"],"picked":"SKIP","floor":41},{"not_picked":["Metallicize","Rampage+1"],"picked":"Feel No Pain+1","floor":42},{"not_picked":["Feel No Pain+1","Feed","Rampage+1"],"picked":"SKIP","floor":45}],"player_experience":193479,"relics_obtained":[{"floor":7,"key":"Letter Opener"},{"floor":9,"key":"Old Coin"},{"floor":24,"key":"Champion Belt"},{"floor":26,"key":"Smiling Mask"},{"floor":27,"key":"MawBank"},{"floor":29,"key":"Mango"},{"floor":29,"key":"Shuriken"},{"floor":42,"key":"Frozen Egg 2"},{"floor":45,"key":"Red Skull"}],"event_choices":[{"damage_healed":0,"gold_gain":0,"cards_transformed":["Strike_R"],"player_choice":"Transformed","damage_taken":0,"max_hp_gain":0,"max_hp_loss":0,"event_name":"Transmorgrifier","floor":2,"gold_loss":0,"cards_obtained":["Body Slam"]},{"damage_healed":26,"gold_gain":0,"player_choice":"Banana","damage_taken":0,"max_hp_gain":0,"max_hp_loss":0,"event_name":"Big Fish","floor":11,"gold_loss":0},{"damage_healed":0,"gold_gain":0,"cards_transformed":["Strike_R"],"player_choice":"Change","damage_taken":0,"max_hp_gain":0,"max_hp_loss":0,"event_name":"Living Wall","floor":14,"gold_loss":0,"cards_obtained":["Clash"]},{"damage_healed":0,"gold_gain":0,"cards_transformed":["Defend_R"],"player_choice":"Transformed","damage_taken":0,"max_hp_gain":0,"max_hp_loss":0,"event_name":"Transmorgrifier","floor":19,"gold_loss":0,"cards_obtained":["Feed"]},{"damage_healed":0,"gold_gain":0,"player_choice":"Fight","damage_taken":0,"max_hp_gain":0,"max_hp_loss":0,"event_name":"Colosseum","floor":29,"gold_loss":0},{"damage_healed":0,"gold_gain":0,"player_choice":"Fought Nobs","damage_taken":0,"max_hp_gain":0,"max_hp_loss":0,"event_name":"Colosseum","floor":29,"gold_loss":0},{"damage_healed":0,"gold_gain":0,"player_choice":"Forge","damage_taken":0,"max_hp_gain":0,"max_hp_loss":0,"event_name":"Accursed Blacksmith","floor":37,"gold_loss":0,"cards_upgraded":["Transmutation"]},{"damage_healed":28,"gold_gain":0,"player_choice":"Writhe","damage_taken":0,"max_hp_gain":0,"max_hp_loss":0,"event_name":"Winding Halls","floor":47,"gold_loss":0,"cards_obtained":["Writhe"]},{"damage_healed":0,"gold_gain":0,"player_choice":"Bought 1 Potion","damage_taken":0,"max_hp_gain":0,"max_hp_loss":0,"event_name":"The Woman in Blue","floor":48,"gold_loss":0}],"is_beta":false,"boss_relics":[{"not_picked":["Runic Cube","Busted Crown"],"picked":"Fusion Hammer"},{"not_picked":["Calling Bell","Black Star"],"picked":"Tiny House"}],"items_purged_floors":[12,36],"is_endless":false,"potions_floor_spawned":[1,7,10,22,24,28,29,30,31,38,45],"ascension_level":1}