{"path_per_floor":["M","?","M","$","M","R","E","R","T","?","M","E","R","?","R","B",null,"M","?","?","M","?","R","E","R","T","$","M","M","?","T","R","B",null,"M","?","?","$","?","R","E","T","T","?","M","?","M","?","R","B"],"character_chosen":"IRONCLAD","items_purchased":["Apotheosis","Juzu Bracelet","Finesse","Omamori","Flash of Steel","Block Potion"],"gold_per_floor":[362,362,373,14,32,32,57,57,57,57,76,105,105,105,105,201,201,216,216,216,236,236,236,271,271,271,104,121,136,136,212,212,314,314,331,331,431,34,34,34,68,68,68,68,79,0,14,14,14,14],"floor_reached":51,"campfire_rested":3,"playtime":5068,"current_hp_per_floor":[72,72,72,72,72,72,51,51,51,51,55,47,47,47,47,39,72,72,72,72,47,31,52,30,51,51,51,55,47,47,47,47,50,50,20,20,20,20,32,32,17,17,17,17,25,25,21,21,36,43],"items_purged":["Strike_R","Pain"],"gold":14,"play_id":"a41ff02e-3cef-487c-bdf2-c0a9a79b0ed5","is_prod":false,"is_daily":false,"campfire_rituals":0,"campfire_upgraded":6,"is_hardmode":false,"path_taken":["M","?","M","$","M","R","E","R","T","?","M","E","R","?","R","BOSS","M","?","?","M","?","R","E","R","T","?","M","M","?","?","R","BOSS","M","?","?","$","?","R","E","?","T","?","M","?","M","?","R","BOSS"],"build_version":"2018-01-11-PROD2","purchased_purges":2,"victory":true,"master_deck":["Defend_R","Defend_R","Defend_R","Defend_R","Bash","Battle Trance","Pommel Strike","Apotheosis","True Grit","Hemokinesis","Pummel","Anger","Barricade","Sentinel","Thunderclap","Headbutt","Necronomicurse","Spot Weakness","Finesse","Warcry","Pummel","Bite_R","Bite_R","Bite_R","Bite_R","Bite_R","Double Tap","Regret","Decay","Flex","Flash of Steel","Shrug It Off","Shrug It Off","Sentinel"],"max_hp_per_floor":[72,72,72,72,72,72,72,72,72,72,72,72,72,72,72,72,72,72,72,72,72,72,72,72,72,72,72,72,72,50,50,50,50,50,50,50,50,50,50,50,50,50,50,50,50,50,50,50,50,50],"relics":["Burning Blood","Juzu Bracelet","Ancient Tea Set","Du-Vu Doll","Pantograph","Mark of Pain","Necronomicon","Gambling Chip","Unceasing Top","Shuriken","Calling Bell","Happy Flower","Orichalcum","Blood Vial","Omamori","Ginger","Pen Nib","Magic Flower","Red Mask"],"campfire_meditates":0,"card_choices":[{"not_picked":["Hemokinesis","Thunderclap"],"picked":"Battle Trance"},{"not_picked":["Dual Wield","Armaments"],"picked":"Pommel Strike"},{"not_picked":["Dropkick","Second Wind"],"picked":"True Grit"},{"not_picked":["Infernal Blade","Wild Strike"],"picked":"Hemokinesis"},{"not_picked":["Dropkick","Clothesline"],"picked":"Pummel"},{"not_picked":["True Grit","Dropkick"],"picked":"Anger"},{"not_picked":["Bludgeon","Berserk"],"picked":"Barricade"},{"not_picked":["Clothesline","Second Wind"],"picked":"Sentinel"},{"not_picked":["Disarm","Twin Strike"],"picked":"Headbutt"},{"not_picked":["Searing Blow","Cleave"],"picked":"Spot Weakness"},{"not_picked":["Dual Wield","Combust"],"picked":"Warcry"},{"not_picked":["Inflame","Dropkick"],"picked":"Pummel"},{"not_picked":["Impervious","Bludgeon"],"picked":"Double Tap"},{"not_picked":["Havoc","Sentinel"],"picked":"Flex"},{"not_picked":["Rampage","Limit Break"],"picked":"Shrug It Off"},{"not_picked":["Sever Soul","Searing Blow"],"picked":"Shrug It Off"},{"not_picked":["Thunderclap","Clash"],"picked":"Sentinel"}],"player_experience":84014,"potions_floor_usage":[12,24,24,29,33,41,41],"damage_taken":[{"damage":6,"enemies":"2 Louse","floor":1,"turns":3},{"damage":5,"enemies":"Cultist","floor":3,"turns":4},{"damage":1,"enemies":"Small Slimes","floor":5,"turns":3},{"damage":27,"enemies":"Lagavulin","floor":7,"turns":4},{"damage":2,"enemies":"Gremlin Gang","floor":11,"turns":4},{"damage":14,"enemies":"Gremlin Nob","floor":12,"turns":3},{"damage":39,"enemies":"The Guardian","floor":16,"turns":6},{"damage":6,"enemies":"3 Byrds","floor":18,"turns":6},{"damage":31,"enemies":"2 Thieves","floor":21,"turns":4},{"damage":28,"enemies":"Book of Stabbing","floor":24,"turns":4},{"damage":2,"enemies":"Centurion and Healer","floor":28,"turns":4},{"damage":14,"enemies":"Slaver and Parasite","floor":29,"turns":3},{"damage":8,"enemies":"Champ","floor":33,"turns":5},{"damage":42,"enemies":"3 Shapes","floor":35,"turns":3},{"damage":47,"enemies":"Nemesis","floor":41,"turns":7},{"damage":16,"enemies":"3 Darklings","floor":45,"turns":3},{"damage":24,"enemies":"4 Shapes","floor":47,"turns":3},{"damage":70,"enemies":"Awakened One","floor":50,"turns":13}],"event_choices":[{"event_name":"Living Wall","player_choice":"Forget","floor":2,"damage_taken":0},{"event_name":"Upgrade Shrine","player_choice":"Upgraded","floor":10,"damage_taken":0},{"event_name":"Match and Keep!","player_choice":"1 cards matched","floor":14,"damage_taken":0},{"event_name":"The Library","player_choice":"Read","floor":19,"damage_taken":0},{"event_name":"The Lab","player_choice":"Got Potions","floor":20,"damage_taken":0},{"event_name":"Cursed Tome","player_choice":"Obtained Book","floor":22,"damage_taken":0},{"event_name":"Vampires","player_choice":"Became a vampire","floor":30,"damage_taken":0},{"event_name":"Mysterious Sphere","player_choice":"Ignore","floor":36,"damage_taken":0},{"event_name":"Golden Shrine","player_choice":"Pray","floor":37,"damage_taken":0},{"event_name":"Winding Halls","player_choice":"Writhe","floor":39,"damage_taken":0},{"event_name":"The Moai Head","player_choice":"Ignored","floor":44,"damage_taken":0},{"event_name":"Tomb of Lord Red Mask","player_choice":"Paid","floor":46,"damage_taken":0}],"boss_relics":[{"not_picked":["Eternal Feather","Tiny House"],"picked":"Mark of Pain"},{"not_picked":["Sozu","Astrolabe"],"picked":"Calling Bell"}],"potions_floor_spawned":[1,5,28,33,35],"seed_played":"-3091570853997550021","is_trial":false}