{"path_per_floor":["M","M","?","M","M","R","E","R","T","R","?","M","?","M","R","B",null,"M","M","?","?","?","R","$","M","T","R","M","R","M","?","R","B",null,"M","$","?","?","?","R","M","R","T","M","R","M","R","M","R","B"],"character_chosen":"THE_SILENT","items_purchased":["Accuracy","Bouncing Flask","Snake Skull","Noxious Fumes","Backflip","Dexterity Potion"],"gold_per_floor":[110,123,123,140,156,156,189,189,271,271,294,308,383,393,393,497,497,508,528,555,555,470,470,285,299,324,324,340,340,356,356,356,460,460,470,67,67,67,67,67,86,86,133,145,145,163,163,180,180,180],"floor_reached":51,"campfire_rested":2,"playtime":3581,"current_hp_per_floor":[69,68,68,68,68,68,50,50,50,50,50,45,34,40,40,32,70,40,42,42,42,49,49,49,50,50,50,48,48,47,47,47,21,77,41,41,41,31,31,31,22,22,22,16,16,25,48,27,50,31],"items_purged":["Strike_G","Strike_G"],"gold":180,"score":622,"play_id":"6d421e55-2034-4656-ab7b-c70d320f386a","local_time":"20180510151633","is_prod":false,"is_daily":false,"chose_seed":false,"is_ascension_mode":false,"campfire_upgraded":11,"timestamp":1525979793,"path_taken":["M","M","?","M","M","R","E","R","T","R","?","M","?","M","R","BOSS","M","M","?","?","?","R","$","M","T","R","M","R","?","?","R","BOSS","M","$","?","?","?","R","?","R","T","?","R","M","R","M","R","BOSS"],"build_version":"2018-05-09","seed_source_timestamp":119474593931617,"purchased_purges":2,"victory":true,"master_deck":["Defend_G","Defend_G","Defend_G","Defend_G","Defend_G","Strike_G","Strike_G","Survivor","Neutralize+1","Terror","Leg Sweep+1","Dagger Spray+1","Blade Dance","Poisoned Stab+1","Venomology","Cloak And Dagger","Footwork+1","Die Die Die","Predator+1","Accuracy+1","Bouncing Flask","Calculated Gamble+1","Dodge and Roll+1","Tactician+1","A Thousand Cuts+1","Noxious Fumes+1","Backflip+1","Master of Strategy","Magnetism","Cloak And Dagger+1","Footwork+1","Footwork+1","PiercingWail+1","Quick Slash+1"],"max_hp_per_floor":[70,70,70,70,70,70,70,70,70,70,70,70,70,70,70,70,70,70,70,70,70,77,77,77,77,77,77,77,77,77,77,77,77,77,77,77,77,77,77,77,77,77,77,77,77,77,77,77,77,77],"relics":["Lizard Tail","Girya","Meat on the Bone","Odd Mushroom","Velvet Choker","Red Mask","Strawberry","Prayer Wheel","Runic Pyramid","Snake Skull","Happy Flower"],"card_choices":[{"not_picked":["Underhanded Strike","Cloak And Dagger"],"picked":"Terror","floor":1},{"not_picked":["Distraction","Backflip"],"picked":"Leg Sweep","floor":2},{"not_picked":["Quick Slash","Dagger Throw"],"picked":"Dagger Spray","floor":4},{"not_picked":["Underhanded Strike","All Out Attack"],"picked":"Blade Dance","floor":5},{"not_picked":["Masterful Stab","Catalyst"],"picked":"Poisoned Stab","floor":7},{"not_picked":["Dagger Spray","Footwork"],"picked":"Venomology","floor":11},{"not_picked":["Sucker Punch","Slice"],"picked":"Cloak And Dagger","floor":12},{"not_picked":["Dagger Throw","Calculated Gamble"],"picked":"Footwork","floor":14},{"not_picked":["Bullet Time","Unload"],"picked":"Die Die Die","floor":16},{"not_picked":["Quick Slash","Dagger Spray"],"picked":"Predator","floor":18},{"not_picked":["Masterful Stab","Terror"],"picked":"Quick Slash","floor":19},{"not_picked":["Eviscerate","Poisoned Stab"],"picked":"Calculated Gamble","floor":25},{"not_picked":["Dagger Spray","Outmaneuver"],"picked":"Dodge and Roll","floor":28},{"not_picked":["Dodge and Roll","Outmaneuver"],"picked":"Tactician","floor":30},{"not_picked":["Corpse Explosion","Wraith Form v2"],"picked":"A Thousand Cuts","floor":33},{"not_picked":["Jack Of All Trades","Flash of Steel"],"picked":"Master of Strategy","floor":38},{"not_picked":["Secret Technique","Madness"],"picked":"Magnetism","floor":38},{"not_picked":["Endless Agony","Poisoned Stab"],"picked":"Cloak And Dagger","floor":41},{"not_picked":["Sucker Punch","Quick Slash"],"picked":"Footwork","floor":43},{"not_picked":["Sucker Punch","Deadly Poison"],"picked":"Footwork","floor":44},{"not_picked":["Prepared","Sucker Punch"],"picked":"PiercingWail","floor":46},{"not_picked":["Masterful Stab","Unload"],"picked":"Quick Slash","floor":48}],"player_experience":76352,"potions_floor_usage":[5,12,16,18,19,20,25,25,28,30,33,33,33,35,35,41,44,46,48,50,50,50,50],"damage_taken":[{"damage":1,"enemies":"Cultist","floor":1,"turns":6},{"damage":1,"enemies":"Jaw Worm","floor":2,"turns":4},{"damage":0,"enemies":"Small Slimes","floor":4,"turns":5},{"damage":0,"enemies":"3 Louse","floor":5,"turns":1},{"damage":18,"enemies":"3 Sentries","floor":7,"turns":14},{"damage":0,"enemies":"The Mushroom Lair","floor":11,"turns":2},{"damage":5,"enemies":"Exordium Thugs","floor":12,"turns":4},{"damage":6,"enemies":"2 Fungi Beasts","floor":14,"turns":4},{"damage":20,"enemies":"The Guardian","floor":16,"turns":16},{"damage":30,"enemies":"Spheric Guardian","floor":18,"turns":6},{"damage":10,"enemies":"2 Thieves","floor":19,"turns":4},{"damage":0,"enemies":"Masked Bandits","floor":20,"turns":2},{"damage":11,"enemies":"3 Cultists","floor":25,"turns":5},{"damage":2,"enemies":"Chosen and Byrds","floor":28,"turns":6},{"damage":13,"enemies":"Snake Plant","floor":30,"turns":5},{"damage":38,"enemies":"Collector","floor":33,"turns":15},{"damage":48,"enemies":"3 Darklings","floor":35,"turns":7},{"damage":21,"enemies":"Orb Walker","floor":41,"turns":5},{"damage":18,"enemies":"4 Shapes","floor":44,"turns":5},{"damage":3,"enemies":"Flame Bruiser 2 Orb","floor":46,"turns":5},{"damage":33,"enemies":"3 Darklings","floor":48,"turns":5},{"damage":31,"enemies":"Awakened One","floor":50,"turns":17}],"event_choices":[{"event_name":"Living Wall","player_choice":"Forget","floor":3,"damage_taken":0},{"event_name":"Mushrooms","player_choice":"Fought Mushrooms","floor":11,"damage_taken":0},{"event_name":"World of Goop","player_choice":"Gather Gold","floor":13,"damage_taken":0},{"event_name":"Masked Bandits","player_choice":"Fought over 528 gold","floor":20,"damage_taken":0},{"event_name":"Drug Dealer","player_choice":"Ignored","floor":21,"damage_taken":0},{"event_name":"Addict","player_choice":"Obtained Relic","floor":22,"damage_taken":0},{"event_name":"The Lab","player_choice":"Got Potions","floor":31,"damage_taken":0},{"event_name":"SensoryStone","player_choice":"Memory 3","floor":38,"damage_taken":0},{"event_name":"The Woman in Blue","player_choice":"Bought 0 Potions","floor":39,"damage_taken":0}],"boss_relics":[{"not_picked":["Eternal Feather","Black Star"],"picked":"Velvet Choker"},{"not_picked":["Snecko Eye","Runic Dome"],"picked":"Runic Pyramid"}],"potions_floor_spawned":[4,7,11,20,33,35,41],"seed_played":"2372261500416045173","ascension_level":0,"is_trial":false}