{"gold_per_floor":[216,226,245,191,266,266,216,250,250,250,250,266,284,384,384,484,484,497,497,511,471,488,513],"floor_reached":23,"playtime":3041,"items_purged":[],"score":211,"play_id":"45eee3df-0d62-4e28-8e02-52350250e368","local_time":"20190221051502","is_ascension_mode":false,"campfire_choices":[{"data":"Clothesline","floor":6,"key":"SMITH"},{"data":"Spot Weakness","floor":10,"key":"SMITH"},{"data":"Bash","floor":15,"key":"SMITH"}],"neow_cost":"NONE","seed_source_timestamp":52245524867457,"circlet_count":0,"master_deck":["Bash+1","Spot Weakness+1","Shrug It Off","Clothesline+1","Headbutt","Iron Wave","Ghostly Armor","Whirlwind+1","Reaper+1","Power Through","Feed+1","Iron Wave+1","Shrug It Off","Bloodletting","Iron Wave+1","Pommel Strike+1","Offering+1","Reaper+1"],"relics":["Burning Blood","Singing Bowl","Dodecahedron","Molten Egg 2","Pandora\u0027s Box","Toxic Egg 2","Ice Cream"],"potions_floor_usage":[16],"damage_taken":[{"damage":0,"enemies":"2 Louse","floor":1,"turns":3},{"damage":6,"enemies":"Small Slimes","floor":2,"turns":4},{"damage":4,"enemies":"Cultist","floor":3,"turns":4},{"damage":29,"enemies":"3 Sentries","floor":8,"turns":7},{"damage":4,"enemies":"Blue Slaver","floor":12,"turns":4},{"damage":10,"enemies":"Red Slaver","floor":13,"turns":6},{"damage":37,"enemies":"The Guardian","floor":16,"turns":10},{"damage":7,"enemies":"Spheric Guardian","floor":18,"turns":4},{"damage":19,"enemies":"Shell Parasite","floor":20,"turns":3},{"damage":9,"enemies":"Snake Plant","floor":22,"turns":5},{"damage":67,"enemies":"Book of Stabbing","floor":23,"turns":8}],"seed_played":"-8798853308981048396","potions_obtained":[{"floor":1,"key":"SteroidPotion"},{"floor":2,"key":"Regen Potion"},{"floor":12,"key":"Explosive Potion"},{"floor":13,"key":"SkillPotion"},{"floor":22,"key":"FearPotion"}],"is_trial":false,"path_per_floor":["M","M","M","$","?","R","?","E","T","R","?","M","M","?","R","B",null,"M","T","M","?","M","E"],"character_chosen":"IRONCLAD","items_purchased":["Headbutt"],"campfire_rested":0,"item_purchase_floors":[4],"current_hp_per_floor":[80,80,80,80,69,69,69,46,46,46,46,48,44,44,44,13,80,82,82,79,79,84,25],"gold":513,"neow_bonus":"HUNDRED_GOLD","is_prod":false,"is_daily":false,"chose_seed":false,"campfire_upgraded":3,"win_rate":0,"timestamp":1550718902,"path_taken":["M","M","M","$","?","R","?","E","T","R","?","?","M","?","R","BOSS","M","?","?","?","M","E"],"build_version":"2019-01-23","purchased_purges":0,"victory":false,"max_hp_per_floor":[80,80,80,80,80,80,80,80,80,80,80,80,80,80,80,80,80,82,82,82,82,84,86],"card_choices":[{"not_picked":["Flame Barrier","Shrug It Off"],"picked":"Spot Weakness","floor":1},{"not_picked":["Pummel","Warcry"],"picked":"Shrug It Off","floor":2},{"not_picked":["Sword Boomerang","Flame Barrier"],"picked":"Clothesline","floor":3},{"not_picked":["Rage","Body Slam"],"picked":"Iron Wave","floor":8},{"not_picked":["Corruption","Sever Soul+1"],"picked":"Ghostly Armor","floor":12},{"not_picked":["Rupture","Metallicize"],"picked":"Whirlwind+1","floor":13},{"not_picked":["Juggernaut","Double Tap"],"picked":"Reaper+1","floor":16},{"not_picked":["Body Slam+1","Anger+1","Twin Strike+1"],"picked":"Singing Bowl","floor":18},{"not_picked":["True Grit+1","Flex+1"],"picked":"Reaper+1","floor":20},{"not_picked":["Armaments+1","Havoc+1","Infernal Blade+1"],"picked":"Singing Bowl","floor":22},{"not_picked":["Heavy Blade+1","Brutality","Entrench+1"],"picked":"Singing Bowl","floor":23}],"player_experience":471691,"relics_obtained":[{"floor":8,"key":"Singing Bowl"},{"floor":9,"key":"Dodecahedron"},{"floor":19,"key":"Toxic Egg 2"},{"floor":23,"key":"Ice Cream"}],"event_choices":[{"damage_healed":0,"gold_gain":75,"player_choice":"Gather Gold","damage_taken":11,"max_hp_gain":0,"max_hp_loss":0,"event_name":"World of Goop","floor":5,"gold_loss":0},{"cards_removed":["Strike_R"],"damage_healed":0,"gold_gain":0,"player_choice":"Card Removal","damage_taken":0,"max_hp_gain":0,"max_hp_loss":0,"event_name":"The Cleric","floor":7,"gold_loss":50},{"damage_healed":0,"gold_gain":0,"player_choice":"Gave Potion","damage_taken":0,"relics_obtained":["Molten Egg 2"],"max_hp_gain":0,"max_hp_loss":0,"event_name":"WeMeetAgain","floor":11,"gold_loss":0},{"damage_healed":0,"gold_gain":100,"player_choice":"Gold","damage_taken":0,"max_hp_gain":0,"max_hp_loss":0,"event_name":"Wheel of Change","floor":14,"gold_loss":0},{"damage_healed":0,"gold_gain":0,"player_choice":"Upgrade","damage_taken":0,"max_hp_gain":0,"max_hp_loss":0,"event_name":"Designer","floor":21,"gold_loss":40,"cards_upgraded":["Offering"]}],"is_beta":false,"boss_relics":[{"not_picked":["Eternal Feather","Lizard Tail"],"picked":"Pandora\u0027s Box"}],"items_purged_floors":[],"is_endless":false,"potions_floor_spawned":[1,2,12,13,22],"killed_by":"Book of Stabbing","ascension_level":0}