{"gold_per_floor":[112,125,125,143,159,187,187,217,295,295,321,335,361,371,371,466,466,481,234,216,216,232,257,257,357,435,466,480,498,531,542,542,638,638,649,409,409,67,86,86,117,129,153,164,164,264,264,282,282,282,282,282,42,75,75],"floor_reached":56,"playtime":6658,"items_purged":["Strike_R"],"score":1635,"play_id":"962d02dc-25d8-4d98-850b-0ab9fcd003df","local_time":"20190212221357","is_ascension_mode":true,"campfire_choices":[{"data":"Iron Wave","floor":7,"key":"SMITH"},{"floor":10,"key":"REST"},{"floor":15,"key":"REST"},{"data":"Corruption","floor":24,"key":"SMITH"},{"floor":32,"key":"DIG"},{"floor":40,"key":"DIG"},{"floor":47,"key":"DIG"},{"floor":49,"key":"RECALL"},{"floor":52,"key":"DIG"}],"neow_cost":"NONE","seed_source_timestamp":1787995376344156,"circlet_count":0,"master_deck":["Strike_R","Strike_R","Strike_R","Strike_R","Defend_R","Defend_R","Defend_R","Defend_R","Bash","Iron Wave+1","True Grit+1","Clothesline","Iron Wave","Fire Breathing","Flame Barrier","Shrug It Off+1","Metallicize","Impervious+1","Spot Weakness+1","Reaper","Corruption+1","Shrug It Off+1","Brutality","Battle Trance+1","Impervious+1","Shockwave+1","Ghostly Armor+1","Dark Shackles+1","Parasite","Offering+1","Flame Barrier+1","Transmutation+1","Disarm+1","Fire Breathing","Metallicize","Fire Breathing"],"relics":["Burning Blood","Anchor","Shovel","Toxic Egg 2","Bag of Marbles","Bronze Scales","Runic Cube","Enchiridion","Dodecahedron","Du-Vu Doll","The Courier","FossilizedHelix","Mummified Hand","Happy Flower","Busted Crown","Oddly Smooth Stone","OrangePellets","PreservedInsect","Bag of Preparation","Smiling Mask","Dream Catcher","StoneCalendar","Potion Belt","Shuriken","Gambling Chip"],"potions_floor_usage":[8,11,19,20,30,31,41,55,55,55,55,55],"damage_taken":[{"damage":5,"enemies":"Small Slimes","floor":1,"turns":4},{"damage":5,"enemies":"Cultist","floor":2,"turns":4},{"damage":6,"enemies":"2 Louse","floor":4,"turns":4},{"damage":9,"enemies":"2 Fungi Beasts","floor":5,"turns":4},{"damage":48,"enemies":"Lagavulin","floor":6,"turns":9},{"damage":38,"enemies":"Gremlin Nob","floor":8,"turns":6},{"damage":20,"enemies":"Lagavulin","floor":11,"turns":10},{"damage":0,"enemies":"Large Slime","floor":12,"turns":5},{"damage":24,"enemies":"3 Sentries","floor":13,"turns":10},{"damage":0,"enemies":"Exordium Wildlife","floor":14,"turns":3},{"damage":26,"enemies":"The Guardian","floor":16,"turns":12},{"damage":2,"enemies":"Shell Parasite","floor":18,"turns":7},{"damage":12,"enemies":"2 Thieves","floor":20,"turns":4},{"damage":3,"enemies":"Snecko","floor":22,"turns":5},{"damage":44,"enemies":"Slavers","floor":23,"turns":7},{"damage":20,"enemies":"Colosseum Slavers","floor":25,"turns":5},{"damage":12,"enemies":"Colosseum Nobs","floor":25,"turns":6},{"damage":3,"enemies":"Book of Stabbing","floor":27,"turns":5},{"damage":0,"enemies":"Snake Plant","floor":28,"turns":4},{"damage":0,"enemies":"Cultist and Chosen","floor":29,"turns":6},{"damage":8,"enemies":"Slavers","floor":30,"turns":5},{"damage":0,"enemies":"Snecko","floor":31,"turns":6},{"damage":81,"enemies":"Collector","floor":33,"turns":11},{"damage":6,"enemies":"3 Shapes","floor":35,"turns":5},{"damage":0,"enemies":"3 Darklings","floor":39,"turns":3},{"damage":1,"enemies":"Reptomancer","floor":41,"turns":5},{"damage":3,"enemies":"Writhing Mass","floor":42,"turns":7},{"damage":7,"enemies":"Transient","floor":44,"turns":5},{"damage":3,"enemies":"Mind Bloom Boss Battle","floor":46,"turns":5},{"damage":0,"enemies":"Spire Growth","floor":48,"turns":5},{"damage":56,"enemies":"Time Eater","floor":50,"turns":14},{"damage":8,"enemies":"Shield and Spear","floor":54,"turns":6},{"damage":25,"enemies":"The Heart","floor":55,"turns":7}],"seed_played":"-5465097247772890901","potions_obtained":[{"floor":2,"key":"BloodPotion"},{"floor":5,"key":"Ancient Potion"},{"floor":8,"key":"SkillPotion"},{"floor":13,"key":"Fire Potion"},{"floor":16,"key":"GamblersBrew"},{"floor":20,"key":"Explosive Potion"},{"floor":27,"key":"AttackPotion"},{"floor":30,"key":"SteroidPotion"},{"floor":31,"key":"Fruit Juice"},{"floor":33,"key":"Explosive Potion"},{"floor":42,"key":"Fire Potion"},{"floor":48,"key":"Strength Potion"},{"floor":54,"key":"Dexterity Potion"}],"is_trial":false,"path_per_floor":["M","M","?","M","M","E","R","E","T","R","E","M","E","M","R","B",null,"M","$","M","?","M","E","R","?","T","E","M","M","E","M","R","B",null,"M","$","?","$","M","R","E","M","T","M","?","?","R","M","R","B",null,"R","$","E","B",null],"character_chosen":"IRONCLAD","items_purchased":["Corruption","Fruit Juice","Oddly Smooth Stone","Shockwave+1","Ghostly Armor+1","OrangePellets","PreservedInsect","Dark Shackles+1","Disarm+1","Fire Breathing","Metallicize","Fire Breathing"],"campfire_rested":2,"item_purchase_floors":[19,19,36,36,36,38,38,38,53,53,53,53],"current_hp_per_floor":[81,82,82,82,79,37,37,13,13,39,25,31,13,19,45,25,72,76,81,91,75,78,64,64,54,54,66,72,78,88,98,98,49,86,92,92,92,92,98,98,98,98,98,97,87,90,90,96,96,67,90,90,90,98,79],"gold":75,"neow_bonus":"TEN_PERCENT_HP_BONUS","is_prod":false,"is_daily":false,"chose_seed":false,"campfire_upgraded":2,"win_rate":0,"timestamp":1550027637,"path_taken":["M","M","?","M","M","E","R","E","T","R","E","M","E","M","R","BOSS","M","$","?","?","M","E","R","?","T","E","M","M","E","M","R","BOSS","M","$","?","$","M","R","E","M","T","M","?","?","R","M","R","BOSS","R","$","E","BOSS"],"build_version":"2019-01-23","purchased_purges":1,"victory":true,"max_hp_per_floor":[88,88,88,88,88,88,88,88,88,88,88,88,88,88,88,88,88,88,93,93,93,93,93,93,93,93,93,93,93,93,98,98,98,98,98,98,98,98,98,98,98,98,98,98,98,98,98,98,98,98,98,98,98,98,98],"card_choices":[{"not_picked":["Heavy Blade","Flex"],"picked":"Iron Wave","floor":1},{"not_picked":["Twin Strike","Fire Breathing"],"picked":"True Grit","floor":2},{"not_picked":["Shockwave","Body Slam"],"picked":"Clothesline","floor":4},{"not_picked":["Clothesline","Headbutt"],"picked":"Iron Wave","floor":5},{"not_picked":["Brutality","Headbutt"],"picked":"Fire Breathing","floor":6},{"not_picked":["Uppercut","Rampage"],"picked":"Flame Barrier","floor":8},{"not_picked":["Heavy Blade","Armaments+1"],"picked":"Shrug It Off+1","floor":11},{"not_picked":["Clothesline","Perfected Strike"],"picked":"Metallicize","floor":12},{"not_picked":["Second Wind+1","Thunderclap"],"picked":"Impervious+1","floor":13},{"not_picked":["Clothesline","Shrug It Off+1"],"picked":"Spot Weakness+1","floor":14},{"not_picked":["Offering+1","Bludgeon"],"picked":"Reaper","floor":16},{"not_picked":["Havoc+1","Warcry+1","Reckless Charge+1"],"picked":"SKIP","floor":18},{"not_picked":["Flame Barrier+1","Sever Soul"],"picked":"Shrug It Off+1","floor":20},{"not_picked":["Power Through+1","Infernal Blade+1","Thunderclap+1"],"picked":"SKIP","floor":22},{"not_picked":["Burning Pact+1","Heavy Blade"],"picked":"Brutality","floor":23},{"not_picked":["Corruption","Anger"],"picked":"Battle Trance+1","floor":25},{"not_picked":["Corruption+1","Twin Strike","Clash"],"picked":"SKIP","floor":27},{"not_picked":["Clash","Power Through+1","Cleave+1"],"picked":"SKIP","floor":28},{"not_picked":["Shrug It Off+1","Corruption"],"picked":"Impervious+1","floor":29},{"not_picked":["Seeing Red+1","Shrug It Off+1","Heavy Blade"],"picked":"SKIP","floor":30},{"not_picked":["Wild Strike","Flex+1","Twin Strike"],"picked":"SKIP","floor":31},{"not_picked":["Twin Strike"],"picked":"SKIP","floor":35},{"not_picked":["Headbutt"],"picked":"SKIP","floor":39},{"not_picked":["Iron Wave+1"],"picked":"SKIP","floor":41},{"not_picked":[],"picked":"Offering+1","floor":42},{"not_picked":[],"picked":"Flame Barrier+1","floor":44},{"not_picked":[],"picked":"Transmutation+1","floor":45},{"not_picked":["Seeing Red+1"],"picked":"SKIP","floor":48},{"not_picked":["Armaments+1"],"picked":"SKIP","floor":54}],"player_experience":1545193,"relics_obtained":[{"floor":6,"key":"Anchor"},{"floor":8,"key":"Shovel"},{"floor":9,"key":"Toxic Egg 2"},{"floor":11,"key":"Bag of Marbles"},{"floor":13,"key":"Bronze Scales"},{"floor":21,"key":"Enchiridion"},{"floor":23,"key":"Dodecahedron"},{"floor":25,"key":"Du-Vu Doll"},{"floor":25,"key":"The Courier"},{"floor":27,"key":"FossilizedHelix"},{"floor":30,"key":"Mummified Hand"},{"floor":32,"key":"Happy Flower"},{"floor":40,"key":"Bag of Preparation"},{"floor":41,"key":"Smiling Mask"},{"floor":43,"key":"Dream Catcher"},{"floor":46,"key":"StoneCalendar"},{"floor":47,"key":"Potion Belt"},{"floor":52,"key":"Shuriken"},{"floor":54,"key":"Gambling Chip"}],"event_choices":[{"damage_healed":0,"gold_gain":0,"player_choice":"Upgraded","damage_taken":0,"max_hp_gain":0,"max_hp_loss":0,"event_name":"Upgrade Shrine","floor":3,"gold_loss":0,"cards_upgraded":["True Grit"]},{"damage_healed":0,"gold_gain":0,"player_choice":"Obtained Book","damage_taken":16,"max_hp_gain":0,"max_hp_loss":0,"event_name":"Cursed Tome","floor":21,"gold_loss":0},{"damage_healed":0,"gold_gain":0,"player_choice":"Fight","damage_taken":0,"max_hp_gain":0,"max_hp_loss":0,"event_name":"Colosseum","floor":25,"gold_loss":0},{"damage_healed":0,"gold_gain":0,"player_choice":"Fought Nobs","damage_taken":0,"max_hp_gain":0,"max_hp_loss":0,"event_name":"Colosseum","floor":25,"gold_loss":0},{"damage_healed":0,"gold_gain":0,"player_choice":"Ignored","damage_taken":0,"max_hp_gain":0,"max_hp_loss":0,"event_name":"Tomb of Lord Red Mask","floor":37,"gold_loss":0},{"damage_healed":0,"gold_gain":0,"player_choice":"Memory 3","damage_taken":10,"max_hp_gain":0,"max_hp_loss":0,"event_name":"SensoryStone","floor":45,"gold_loss":0},{"damage_healed":0,"gold_gain":0,"player_choice":"Fight","damage_taken":0,"max_hp_gain":0,"max_hp_loss":0,"event_name":"MindBloom","floor":46,"gold_loss":0}],"is_beta":false,"boss_relics":[{"not_picked":["Eternal Feather","Calling Bell"],"picked":"Runic Cube"},{"not_picked":["Philosopher\u0027s Stone","Astrolabe"],"picked":"Busted Crown"}],"items_purged_floors":[19],"is_endless":false,"potions_floor_spawned":[2,5,8,13,16,20,25,27,30,31,33,42,44,48,54],"ascension_level":6}