{"path_per_floor":["M","?","?","M","?","R","E","M","T","?","E","R","M","M","R","B",null,"M","?","?","M","M","E","M","R","T","R","$","?","M","M","R","B",null,"M","?","?","?"],"character_chosen":"IRONCLAD","items_purchased":["Tiny Chest"],"gold_per_floor":[117,117,192,204,204,204,234,247,296,296,323,323,337,353,353,453,453,463,463,463,480,494,521,534,534,534,534,340,240,257,277,277,379,379,396,396,450,450],"floor_reached":39,"campfire_rested":2,"playtime":3833,"current_hp_per_floor":[83,83,72,81,81,81,38,48,48,48,30,58,68,73,73,27,102,90,96,78,72,62,26,20,44,44,44,44,44,52,51,51,47,90,73,73,12,12],"items_purged":["Defend_R"],"gold":450,"play_id":"84b8e1ef-f740-402f-9a10-6e96816d842d","is_prod":false,"is_daily":false,"campfire_rituals":0,"campfire_upgraded":4,"is_hardmode":false,"path_taken":["M","?","?","?","?","R","E","M","T","?","E","R","?","M","R","BOSS","M","?","?","M","M","E","M","R","T","R","?","?","?","M","R","BOSS","M","?","?","?","M"],"build_version":"2018-01-11-PROD2","purchased_purges":1,"victory":false,"master_deck":["Bash","Feed","Anger","Battle Trance","Spot Weakness","Battle Trance","Cleave","Shrug It Off","Reaper","Cleave","Writhe","Bite_R","Bite_R","Bite_R","Bite_R","Bite_R","Seeing Red","Offering","Iron Wave","J.A.X.","Heavy Blade","Rampage","Limit Break","Searing Blow","Dropkick","Corruption","Headbutt","Rupture"],"max_hp_per_floor":[83,83,83,86,86,86,86,90,90,90,94,94,98,102,102,102,102,106,112,78,78,78,82,82,82,82,82,82,82,82,86,86,90,90,90,90,94,94],"relics":["Burning Blood","Mercury Hourglass","Darkstone Periapt","Dream Catcher","Molten Egg","Black Star","Pantograph","Vajra","Toxic Egg","Letter Opener","Tiny Chest","Astrolabe","Frozen Eye"],"campfire_meditates":0,"card_choices":[{"not_picked":["Body Slam","Thunderclap"],"picked":"Anger"},{"not_picked":["Blood for Blood","Hemokinesis"],"picked":"Battle Trance"},{"not_picked":["Anger","Blood for Blood"],"picked":"Spot Weakness"},{"not_picked":["Corruption","Bludgeon"],"picked":"Battle Trance"},{"not_picked":["Flex","Anger"],"picked":"Cleave"},{"not_picked":["Perfected Strike","Demon Form"],"picked":"Shrug It Off"},{"not_picked":["Bludgeon","Feed"],"picked":"Reaper"},{"not_picked":["Sever Soul","True Grit"],"picked":"Cleave"},{"not_picked":["Blood for Blood","Combust"],"picked":"Seeing Red"},{"not_picked":["Shrug It Off","Spot Weakness"],"picked":"Offering"},{"not_picked":["Spot Weakness","Heavy Blade"],"picked":"Iron Wave"},{"not_picked":["Clash","Clothesline"],"picked":"Heavy Blade"},{"not_picked":["Body Slam","Combust"],"picked":"Rampage"},{"not_picked":["Bludgeon","Fiend Fire"],"picked":"Limit Break"},{"not_picked":["Perfected Strike","Clash"],"picked":"Headbutt"},{"not_picked":["Clash","Reckless Charge"],"picked":"Rupture"}],"player_experience":31481,"potions_floor_usage":[16,39,39,39],"damage_taken":[{"damage":5,"enemies":"2 Louse","floor":1,"turns":2},{"damage":0,"enemies":"Cultist","floor":4,"turns":2},{"damage":49,"enemies":"Lagavulin","floor":7,"turns":8},{"damage":0,"enemies":"Small Slimes","floor":8,"turns":3},{"damage":28,"enemies":"3 Sentries","floor":11,"turns":6},{"damage":0,"enemies":"Exordium Wildlife","floor":13,"turns":3},{"damage":5,"enemies":"Gremlin Gang","floor":14,"turns":2},{"damage":52,"enemies":"Hexaghost","floor":16,"turns":9},{"damage":34,"enemies":"Shell Parasite","floor":18,"turns":6},{"damage":18,"enemies":"3 Byrds","floor":21,"turns":4},{"damage":28,"enemies":"Centurion and Healer","floor":22,"turns":5},{"damage":76,"enemies":"Slavers","floor":23,"turns":6},{"damage":24,"enemies":"3 Cultists","floor":24,"turns":5},{"damage":12,"enemies":"Chosen and Byrds","floor":30,"turns":4},{"damage":17,"enemies":"Centurion and Healer","floor":31,"turns":4},{"damage":79,"enemies":"Collector","floor":33,"turns":15},{"damage":41,"enemies":"Orb Walker","floor":35,"turns":4},{"damage":83,"enemies":"Mysterious Sphere","floor":37,"turns":4},{"damage":20,"enemies":"3 Darklings","floor":39,"turns":2}],"event_choices":[{"event_name":"Accursed Blacksmith","player_choice":"Rummage","floor":2,"damage_taken":0},{"event_name":"World of Goop","player_choice":"Gather Gold","floor":3,"damage_taken":0},{"event_name":"Liars Game","player_choice":"disagreed","floor":5,"damage_taken":0},{"event_name":"Living Wall","player_choice":"Forget","floor":10,"damage_taken":0},{"event_name":"The Mausoleum","player_choice":"Yes","floor":19,"damage_taken":0},{"event_name":"Vampires","player_choice":"Became a vampire","floor":20,"damage_taken":0},{"event_name":"Drug Dealer","player_choice":"Got JAXXED","floor":29,"damage_taken":0},{"event_name":"The Lab","player_choice":"Got Potions","floor":36,"damage_taken":0},{"event_name":"Mysterious Sphere","player_choice":"Fight","floor":37,"damage_taken":0},{"event_name":"Tomb of Lord Red Mask","player_choice":"Ignored","floor":38,"damage_taken":0}],"boss_relics":[{"not_picked":["Runic Cube","Tiny House"],"picked":"Black Star"},{"not_picked":["Sozu","Eternal Feather"],"picked":"Astrolabe"}],"potions_floor_spawned":[4,11,14,24,30,31,33],"seed_played":"-440702242098030799","killed_by":"3 Darklings","is_trial":false}