{"gold_per_floor":[115,40,60,60,135,135,153,172,172,200,220,47,47],"floor_reached":13,"playtime":592,"items_purged":["Decay"],"score":98,"play_id":"1db030a3-9101-4da8-a736-613e300f11ca","local_time":"20180807012924","is_ascension_mode":true,"campfire_choices":[{"floor":6,"key":"REST"}],"neow_cost":"CURSE","seed_source_timestamp":208125490916619,"circlet_count":0,"master_deck":["Defend_G","Defend_G+1","Defend_G","Defend_G","Defend_G","Strike_G","Strike_G+1","Strike_G","Strike_G","Strike_G","Survivor","Neutralize","Blade Dance","Blade Dance","Skewer","PiercingWail","Accuracy","Bandage Up"],"relics":["Ring of the Snake","Ginger","Sundial","Bird Faced Urn"],"potions_floor_usage":[13],"damage_taken":[{"damage":6,"enemies":"Jaw Worm","floor":1,"turns":6},{"damage":1,"enemies":"Small Slimes","floor":3,"turns":3},{"damage":0,"enemies":"2 Louse","floor":7,"turns":2},{"damage":7,"enemies":"Lots of Slimes","floor":8,"turns":4},{"damage":48,"enemies":"Lagavulin","floor":10,"turns":8},{"damage":3,"enemies":"Exordium Thugs","floor":11,"turns":4},{"damage":25,"enemies":"Gremlin Nob","floor":13,"turns":3}],"seed_played":"1798299214176500805","potions_obtained":[{"floor":7,"key":"Swift Potion"},{"floor":8,"key":"Swift Potion"}],"is_trial":false,"path_per_floor":["M","$","M","?","?","R","M","M","T","E","M","$"],"character_chosen":"THE_SILENT","items_purchased":["Regen Potion","Bandage Up"],"campfire_rested":1,"item_purchase_floors":[12,12],"current_hp_per_floor":[64,64,63,49,38,59,59,52,52,4,1,1,0],"gold":47,"neow_bonus":"ONE_RARE_RELIC","is_prod":false,"is_daily":false,"chose_seed":false,"campfire_upgraded":0,"win_rate":0,"timestamp":1533594564,"path_taken":["M","$","M","?","?","R","?","M","T","E","M","?","E"],"build_version":"2018-08-02","purchased_purges":1,"victory":false,"max_hp_per_floor":[70,70,70,70,70,70,70,70,70,70,70,70,70],"card_choices":[{"not_picked":["Outmaneuver","Bane"],"picked":"Blade Dance","floor":1},{"not_picked":["Crippling Poison","Quick Slash"],"picked":"Blade Dance","floor":3},{"not_picked":["Sucker Punch","Quick Slash","Bullet Time"],"picked":"SKIP","floor":7},{"not_picked":["Dagger Throw","Slice"],"picked":"Skewer","floor":8},{"not_picked":["Underhanded Strike","Calculated Gamble"],"picked":"PiercingWail","floor":10},{"not_picked":["Dagger Spray","Flying Knee"],"picked":"Accuracy","floor":11}],"player_experience":208476,"relics_obtained":[{"floor":9,"key":"Sundial"},{"floor":10,"key":"Bird Faced Urn"}],"event_choices":[{"event_name":"Shining Light","player_choice":"Entered Light","floor":4,"damage_taken":0},{"event_name":"World of Goop","player_choice":"Gather Gold","floor":5,"damage_taken":0}],"is_beta":false,"boss_relics":[],"items_purged_floors":[2],"is_endless":false,"potions_floor_spawned":[7,8],"killed_by":"Gremlin Nob","ascension_level":3}