{"gold_per_floor":[115,126,126,201,220,220,255,255,255,274,274,41,51,70,70,174,224,236,254,254,269,63,94,94,94],"floor_reached":25,"playtime":1012,"items_purged":[],"score":279,"play_id":"21e568b0-b746-45de-a287-842b6b671d3e","local_time":"20190220223300","is_ascension_mode":true,"campfire_choices":[{"data":"Unload","floor":6,"key":"SMITH"},{"floor":8,"key":"REST"},{"data":"Distraction","floor":11,"key":"SMITH"},{"data":"Die Die Die","floor":15,"key":"SMITH"},{"data":"Reflex","floor":24,"key":"SMITH"}],"neow_cost":"NONE","seed_source_timestamp":316933766482900,"circlet_count":0,"master_deck":["Defend_G","Defend_G","Defend_G","Defend_G","Defend_G","Strike_G+1","Strike_G","Strike_G","Strike_G+1","Strike_G","Survivor+1","Neutralize","Poisoned Stab","Distraction+1","Unload+1","PiercingWail","Flying Knee","Well Laid Plans","Die Die Die+1","Backflip","Backstab","Grand Finale","Poisoned Stab","Tactician","Prepared","Dagger Throw","Quick Slash","Reflex+1"],"relics":["Ring of the Snake","NeowsBlessing","Torii","Mercury Hourglass","Tiny House","TwistedFunnel","Sundial"],"potions_floor_usage":[16,19,23],"damage_taken":[{"damage":0,"enemies":"2 Louse","floor":1,"turns":1},{"damage":0,"enemies":"Small Slimes","floor":2,"turns":1},{"damage":0,"enemies":"Jaw Worm","floor":5,"turns":1},{"damage":19,"enemies":"Lagavulin","floor":7,"turns":6},{"damage":0,"enemies":"2 Fungi Beasts","floor":10,"turns":2},{"damage":0,"enemies":"Exordium Wildlife","floor":13,"turns":2},{"damage":0,"enemies":"Looter","floor":14,"turns":2},{"damage":15,"enemies":"Hexaghost","floor":16,"turns":10},{"damage":2,"enemies":"Chosen","floor":18,"turns":4},{"damage":0,"enemies":"Spheric Guardian","floor":19,"turns":3},{"damage":1,"enemies":"3 Cultists","floor":21,"turns":4},{"damage":21,"enemies":"Slavers","floor":23,"turns":4},{"damage":45,"enemies":"Gremlin Leader","floor":25,"turns":4}],"seed_played":"-6453695164133493020","potions_obtained":[{"floor":2,"key":"GamblersBrew"},{"floor":10,"key":"SpeedPotion"},{"floor":13,"key":"AttackPotion"},{"floor":16,"key":"Block Potion"},{"floor":17,"key":"SpeedPotion"}],"is_trial":false,"path_per_floor":["M","M","?","?","M","R","E","R","T","M","R","$","M","M","R","B",null,"M","M","?","M","$","E","R","E"],"character_chosen":"THE_SILENT","items_purchased":["Well Laid Plans","Die Die Die","TwistedFunnel"],"campfire_rested":1,"item_purchase_floors":[12,12,22],"current_hp_per_floor":[70,70,56,45,45,45,26,47,47,47,47,47,47,47,47,32,66,64,64,64,63,63,42,42,0],"gold":94,"neow_bonus":"THREE_ENEMY_KILL","is_prod":false,"is_daily":false,"chose_seed":false,"campfire_upgraded":4,"win_rate":0,"timestamp":1550698380,"path_taken":["M","M","?","?","M","R","E","R","T","M","R","$","M","M","R","BOSS","M","M","?","M","$","E","R","E"],"build_version":"2019-01-23","purchased_purges":0,"victory":false,"max_hp_per_floor":[70,70,70,70,70,70,70,70,70,70,70,70,70,70,70,70,75,75,75,75,75,75,75,75,75],"card_choices":[{"not_picked":["Deadly Poison","Leg Sweep"],"picked":"Poisoned Stab","floor":1},{"not_picked":["Deadly Poison","Poisoned Stab"],"picked":"Distraction","floor":2},{"not_picked":["Poisoned Stab","Bouncing Flask"],"picked":"Unload","floor":5},{"not_picked":["Calculated Gamble","Acrobatics"],"picked":"PiercingWail","floor":7},{"not_picked":["Dagger Spray","Blade Dance"],"picked":"Flying Knee","floor":10},{"not_picked":["Catalyst","Prepared"],"picked":"Backflip","floor":13},{"not_picked":["Underhanded Strike","Dodge and Roll"],"picked":"Backstab","floor":14},{"not_picked":["Doppelganger","Storm of Steel"],"picked":"Grand Finale","floor":16},{"not_picked":["PiercingWail","Cloak And Dagger"],"picked":"Poisoned Stab","floor":17},{"not_picked":["Eviscerate","Riddle With Holes+1"],"picked":"Tactician","floor":18},{"not_picked":["PiercingWail","After Image"],"picked":"Prepared","floor":19},{"not_picked":["Cloak And Dagger","Caltrops"],"picked":"Quick Slash","floor":21},{"not_picked":["Underhanded Strike","Dodge and Roll+1"],"picked":"Reflex","floor":23}],"player_experience":335957,"relics_obtained":[{"floor":7,"key":"Torii"},{"floor":9,"key":"Mercury Hourglass"},{"floor":23,"key":"Sundial"}],"event_choices":[{"damage_healed":0,"gold_gain":0,"player_choice":"Entered Light","damage_taken":14,"max_hp_gain":0,"max_hp_loss":0,"event_name":"Shining Light","floor":3,"gold_loss":0,"cards_upgraded":["Survivor","Strike_G"]},{"damage_healed":0,"gold_gain":75,"player_choice":"Gather Gold","damage_taken":11,"max_hp_gain":0,"max_hp_loss":0,"event_name":"World of Goop","floor":4,"gold_loss":0},{"damage_healed":0,"gold_gain":0,"player_choice":"Read","damage_taken":0,"max_hp_gain":0,"max_hp_loss":0,"event_name":"The Library","floor":20,"gold_loss":0,"cards_obtained":["Dagger Throw"]}],"is_beta":false,"boss_relics":[{"not_picked":["Runic Pyramid","Velvet Choker"],"picked":"Tiny House"}],"items_purged_floors":[],"is_endless":false,"potions_floor_spawned":[2,10,13,16],"killed_by":"Gremlin Leader","ascension_level":5}