{"gold_per_floor":[119,135,153,153,163,163,192,192,192,517,536,565,114,189,189,294,294,313,144,159,169,183,215,215,247,247,23,23,122,154,154,154,249,249,269,269,279,238,338,372,385,385,385,414,414,22,22,52,52,52],"floor_reached":51,"playtime":4470,"items_purged":["Strike_B","Strike_B","Strike_B"],"score":926,"play_id":"33db2502-63e2-46cc-96e7-2f0ed08e0d38","local_time":"20190304000916","is_ascension_mode":true,"campfire_choices":[{"data":"Zap","floor":6,"key":"SMITH"},{"data":"Dualcast","floor":8,"key":"SMITH"},{"data":"Defragment","floor":15,"key":"SMITH"},{"data":"Consume","floor":24,"key":"SMITH"},{"data":"Coolheaded","floor":28,"key":"SMITH"},{"floor":32,"key":"REST"},{"data":"Go for the Eyes","floor":42,"key":"SMITH"},{"floor":47,"key":"REST"},{"floor":49,"key":"REST"}],"neow_cost":"NONE","seed_source_timestamp":4278080277693,"circlet_count":0,"master_deck":["Defend_B","Defend_B","Defend_B","Defend_B","Zap+1","Dualcast+1","FTL","Ball Lightning+1","Conserve Battery","Steam","Ball Lightning+1","Conserve Battery","Tempest","Coolheaded+1","Defragment+1","Electrodynamics","Compile Driver+1","Consume+1","Stack+1","Leap","Auto Shields","Leap","Multi-Cast","Go for the Eyes+1","Reboot","Lockon","Loop","Loop","Glacier+1","Sweeping Beam+1"],"relics":["FrozenCore","Dream Catcher","Shuriken","Old Coin","Calipers","Singing Bowl","Sozu","Anchor","The Courier","Sundial","Blood Vial","Blue Candle","Oddly Smooth Stone","Emotion Chip","Peace Pipe","Bag of Preparation","Ancient Tea Set","Whetstone","Pen Nib","Lantern"],"potions_floor_usage":[7,18,23],"damage_taken":[{"damage":1,"enemies":"Cultist","floor":1,"turns":3},{"damage":0,"enemies":"2 Louse","floor":2,"turns":2},{"damage":0,"enemies":"Small Slimes","floor":3,"turns":2},{"damage":3,"enemies":"Red Slaver","floor":5,"turns":3},{"damage":13,"enemies":"Lagavulin","floor":7,"turns":5},{"damage":4,"enemies":"3 Sentries","floor":10,"turns":6},{"damage":4,"enemies":"Exordium Wildlife","floor":11,"turns":3},{"damage":9,"enemies":"Gremlin Nob","floor":12,"turns":3},{"damage":0,"enemies":"Hexaghost","floor":16,"turns":8},{"damage":5,"enemies":"3 Byrds","floor":18,"turns":2},{"damage":0,"enemies":"Spheric Guardian","floor":20,"turns":3},{"damage":8,"enemies":"Snake Plant","floor":21,"turns":4},{"damage":9,"enemies":"Shelled Parasite and Fungi","floor":22,"turns":5},{"damage":0,"enemies":"Book of Stabbing","floor":23,"turns":4},{"damage":14,"enemies":"Slavers","floor":25,"turns":5},{"damage":21,"enemies":"Gremlin Leader","floor":30,"turns":6},{"damage":47,"enemies":"Automaton","floor":33,"turns":9},{"damage":0,"enemies":"3 Shapes","floor":35,"turns":3},{"damage":0,"enemies":"3 Darklings","floor":37,"turns":5},{"damage":0,"enemies":"Mind Bloom Boss Battle","floor":39,"turns":5},{"damage":80,"enemies":"Reptomancer","floor":40,"turns":5},{"damage":0,"enemies":"Writhing Mass","floor":41,"turns":7},{"damage":13,"enemies":"Nemesis","floor":44,"turns":7},{"damage":14,"enemies":"Reptomancer","floor":48,"turns":8},{"damage":37,"enemies":"Donu and Deca","floor":50,"turns":14}],"seed_played":"9125159661096944123","potions_obtained":[{"floor":3,"key":"LiquidBronze"},{"floor":5,"key":"FearPotion"},{"floor":11,"key":"Regen Potion"}],"is_trial":false,"path_per_floor":["M","M","M","?","M","R","E","R","T","E","M","E","$","?","R","B",null,"M","$","M","M","M","E","R","E","T","$","R","?","E","?","R","B",null,"M","?","M","$","?","E","M","R","T","E","?","$","R","E","R","B",null],"character_chosen":"DEFECT","items_purchased":["Singing Bowl","Defragment","Fire Potion","Consume","Blood Vial","Go for the Eyes","Lockon","Whetstone","Pen Nib","Loop","Loop"],"campfire_rested":3,"item_purchase_floors":[13,13,13,19,27,38,46,46,46,46,46],"current_hp_per_floor":[81,81,81,74,71,71,58,58,58,54,50,41,41,33,33,33,82,77,77,77,69,60,62,62,48,48,48,48,48,31,31,58,13,88,90,90,92,92,94,14,18,18,18,9,9,9,38,28,58,23],"gold":52,"neow_bonus":"TEN_PERCENT_HP_BONUS","is_prod":false,"is_daily":false,"chose_seed":false,"campfire_upgraded":6,"win_rate":0,"timestamp":1551650956,"path_taken":["M","?","M","?","M","R","E","R","T","E","M","E","$","?","R","BOSS","M","$","M","M","M","E","R","E","T","?","R","?","E","?","R","BOSS","M","?","M","$","?","E","M","R","T","E","?","$","R","E","R","BOSS"],"build_version":"2019-01-23","purchased_purges":3,"victory":true,"max_hp_per_floor":[82,82,82,82,82,82,82,82,82,82,82,82,82,82,82,82,82,82,82,82,82,82,84,84,84,84,84,84,84,86,86,88,88,88,90,90,92,92,94,94,96,96,96,98,98,98,98,100,100,100],"card_choices":[{"not_picked":["Redo","Double Energy"],"picked":"FTL","floor":1},{"not_picked":["Auto Shields","Steam"],"picked":"Ball Lightning","floor":2},{"not_picked":["Beam Cell","Redo"],"picked":"Conserve Battery","floor":3},{"not_picked":["Leap","Undo"],"picked":"Steam","floor":5},{"not_picked":["Gash","Go for the Eyes"],"picked":"Ball Lightning","floor":7},{"not_picked":["Gash","Recycle"],"picked":"Conserve Battery","floor":10},{"not_picked":["Steam","Storm"],"picked":"Tempest","floor":11},{"not_picked":["Reprogram","Multi-Cast"],"picked":"Coolheaded","floor":12},{"not_picked":["Biased Cognition","Thunder Strike"],"picked":"Electrodynamics","floor":16},{"not_picked":["Conserve Battery","Doom and Gloom"],"picked":"Compile Driver+1","floor":18},{"not_picked":["Streamline+1","Doom and Gloom+1"],"picked":"Stack+1","floor":20},{"not_picked":["Sweeping Beam+1","Blizzard+1"],"picked":"Leap","floor":21},{"not_picked":["Coolheaded","Leap"],"picked":"Auto Shields","floor":22},{"not_picked":["Gash","Stack","Barrage"],"picked":"Singing Bowl","floor":23},{"not_picked":["Doom and Gloom","Heatsinks+1"],"picked":"Leap","floor":25},{"not_picked":["Amplify","Cold Snap","Leap"],"picked":"Singing Bowl","floor":30},{"not_picked":["Beam Cell","Barrage","Storm"],"picked":"Singing Bowl","floor":32},{"not_picked":["Machine Learning","Fission"],"picked":"Multi-Cast","floor":33},{"not_picked":["Sweeping Beam","Turbo+1","Steam"],"picked":"Singing Bowl","floor":35},{"not_picked":["Heatsinks","Blizzard+1","Recycle+1"],"picked":"Singing Bowl","floor":37},{"not_picked":["Chill","Storm+1","Aggregate+1"],"picked":"Singing Bowl","floor":39},{"not_picked":["Cold Snap","Sweeping Beam+1"],"picked":"Reboot","floor":40},{"not_picked":["Go for the Eyes","Compile Driver","Stack+1"],"picked":"Singing Bowl","floor":41},{"not_picked":["Skim","Rip and Tear","Gash"],"picked":"Singing Bowl","floor":44},{"not_picked":["Tempest+1","Cold Snap+1"],"picked":"Glacier+1","floor":47},{"not_picked":["Self Repair","Reboot","Compile Driver"],"picked":"Singing Bowl","floor":48},{"not_picked":["Beam Cell","Gash"],"picked":"Sweeping Beam+1","floor":49}],"player_experience":604601,"relics_obtained":[{"floor":7,"key":"Dream Catcher"},{"floor":9,"key":"Shuriken"},{"floor":10,"key":"Old Coin"},{"floor":12,"key":"Calipers"},{"floor":23,"key":"Anchor"},{"floor":25,"key":"The Courier"},{"floor":26,"key":"Sundial"},{"floor":30,"key":"Blue Candle"},{"floor":39,"key":"Emotion Chip"},{"floor":40,"key":"Peace Pipe"},{"floor":43,"key":"Bag of Preparation"},{"floor":44,"key":"Ancient Tea Set"},{"floor":48,"key":"Lantern"}],"event_choices":[{"cards_removed":["Strike_B"],"damage_healed":0,"gold_gain":0,"player_choice":"Card Removal","damage_taken":7,"max_hp_gain":0,"max_hp_loss":0,"event_name":"Golden Wing","floor":4,"gold_loss":0},{"damage_healed":0,"gold_gain":75,"player_choice":"Touch","damage_taken":8,"max_hp_gain":0,"max_hp_loss":0,"event_name":"FaceTrader","floor":14,"gold_loss":0},{"damage_healed":0,"gold_gain":99,"player_choice":"Stole From Cult","damage_taken":0,"max_hp_gain":0,"max_hp_loss":0,"event_name":"Nest","floor":29,"gold_loss":0},{"damage_healed":0,"gold_gain":0,"player_choice":"Gave Potion","damage_taken":0,"relics_obtained":["Oddly Smooth Stone"],"max_hp_gain":0,"max_hp_loss":0,"event_name":"WeMeetAgain","floor":31,"gold_loss":0},{"damage_healed":0,"gold_gain":0,"player_choice":"Ignored","damage_taken":0,"max_hp_gain":0,"max_hp_loss":0,"event_name":"Mysterious Sphere","floor":36,"gold_loss":0},{"damage_healed":0,"gold_gain":0,"player_choice":"Fight","damage_taken":0,"max_hp_gain":0,"max_hp_loss":0,"event_name":"MindBloom","floor":39,"gold_loss":0},{"damage_healed":0,"gold_gain":0,"player_choice":"Ignored","damage_taken":0,"max_hp_gain":0,"max_hp_loss":0,"event_name":"Tomb of Lord Red Mask","floor":45,"gold_loss":0}],"is_beta":false,"boss_relics":[{"not_picked":["Nuclear Battery","Eternal Feather"],"picked":"Sozu"},{"not_picked":["White Beast Statue","Velvet Choker"],"picked":"FrozenCore"}],"items_purged_floors":[13,19,27],"is_endless":false,"potions_floor_spawned":[3,5,11,16,20,25,30,35,37,48],"ascension_level":1}