{"gold_per_floor":[113,129,147,222,233,233,198,198,198,198,231,231,251,271,271,366,366],"floor_reached":17,"playtime":1361,"items_purged":[],"score":157,"play_id":"e7d6781f-0c5b-459c-9923-bf0d6979556c","local_time":"20190304112519","is_ascension_mode":false,"campfire_choices":[{"data":"Zap","floor":6,"key":"SMITH"},{"data":"Sweeping Beam","floor":8,"key":"SMITH"},{"floor":12,"key":"DIG"},{"floor":15,"key":"DIG"}],"neow_cost":"NONE","seed_source_timestamp":5286011803321,"circlet_count":0,"master_deck":["Zap+1","Dualcast","Hologram+1","Streamline","Sweeping Beam+1","Compile Driver","Chill","Conserve Battery","Conserve Battery","Seek","Capacitor","Auto Shields","Blizzard","Gash","Seek","Lockon","Defragment","Redo"],"relics":["Cracked Core","Strawberry","Shovel","Thread and Needle","Shuriken","Bronze Scales","Pandora\u0027s Box"],"potions_floor_usage":[5,16],"damage_taken":[{"damage":2,"enemies":"Small Slimes","floor":1,"turns":3},{"damage":1,"enemies":"Jaw Worm","floor":2,"turns":3},{"damage":1,"enemies":"2 Louse","floor":3,"turns":2},{"damage":7,"enemies":"Red Slaver","floor":5,"turns":4},{"damage":22,"enemies":"Lagavulin","floor":11,"turns":6},{"damage":0,"enemies":"Large Slime","floor":13,"turns":4},{"damage":0,"enemies":"Exordium Wildlife","floor":14,"turns":4},{"damage":38,"enemies":"Slime Boss","floor":16,"turns":10}],"seed_played":"4114103397866080380","potions_obtained":[{"floor":1,"key":"SteroidPotion"},{"floor":13,"key":"Energy Potion"},{"floor":16,"key":"AttackPotion"}],"is_trial":false,"path_per_floor":["M","M","M","?","M","R","?","R","T","?","E","R","M","M","R","B",null],"character_chosen":"DEFECT","items_purchased":[],"campfire_rested":0,"item_purchase_floors":[],"current_hp_per_floor":[80,79,78,67,60,60,80,80,80,80,58,58,58,58,58,20,82],"gold":366,"neow_bonus":"RANDOM_COMMON_RELIC","is_prod":false,"is_daily":false,"chose_seed":false,"campfire_upgraded":2,"win_rate":0,"timestamp":1551691519,"path_taken":["M","M","M","?","M","R","?","R","T","?","E","R","M","M","R","BOSS"],"build_version":"2019-01-23","purchased_purges":0,"victory":false,"max_hp_per_floor":[82,82,82,82,82,82,82,82,82,82,82,82,82,82,82,82,82],"card_choices":[{"not_picked":["Rip and Tear","Rebound"],"picked":"Hologram","floor":1},{"not_picked":["Coolheaded","Beam Cell"],"picked":"Streamline","floor":2},{"not_picked":["Turbo","Go for the Eyes"],"picked":"Sweeping Beam","floor":3},{"not_picked":["Sweeping Beam","Turbo"],"picked":"Compile Driver","floor":5},{"not_picked":["Multi-Cast","Lockon"],"picked":"Chill","floor":11},{"not_picked":["Blizzard","Streamline"],"picked":"Conserve Battery","floor":13},{"not_picked":["Sweeping Beam","BootSequence"],"picked":"Conserve Battery","floor":14},{"not_picked":["Multi-Cast","Meteor Strike"],"picked":"Seek","floor":16}],"player_experience":621637,"relics_obtained":[{"floor":9,"key":"Shovel"},{"floor":11,"key":"Thread and Needle"},{"floor":12,"key":"Shuriken"},{"floor":15,"key":"Bronze Scales"}],"event_choices":[{"damage_healed":0,"gold_gain":75,"player_choice":"Gather Gold","damage_taken":11,"max_hp_gain":0,"max_hp_loss":0,"event_name":"World of Goop","floor":4,"gold_loss":0},{"damage_healed":20,"gold_gain":0,"player_choice":"Healed","damage_taken":0,"max_hp_gain":0,"max_hp_loss":0,"event_name":"The Cleric","floor":7,"gold_loss":35},{"damage_healed":0,"gold_gain":0,"player_choice":"Upgraded","damage_taken":0,"max_hp_gain":0,"max_hp_loss":0,"event_name":"Upgrade Shrine","floor":10,"gold_loss":0,"cards_upgraded":["Hologram"]}],"is_beta":false,"boss_relics":[{"not_picked":["Runic Dome","FrozenCore"],"picked":"Pandora\u0027s Box"}],"items_purged_floors":[],"is_endless":false,"potions_floor_spawned":[1,13,16],"ascension_level":0}