{"gold_per_floor":[119,136,136,149,168,168,194,194,242,262,322,322,322,334,334,334],"floor_reached":16,"playtime":892,"items_purged":[],"score":102,"play_id":"fb39bc56-cd2e-483f-bbb0-2bf055868512","local_time":"20180713232424","is_ascension_mode":false,"campfire_choices":[{"data":"Loop","floor":6,"key":"SMITH"},{"data":"Electrodynamics","floor":13,"key":"SMITH"},{"data":"Storm","floor":15,"key":"SMITH"}],"neow_cost":"NONE","seed_source_timestamp":5997413979830,"circlet_count":0,"master_deck":["Strike_B","Strike_B","Strike_B+1","Strike_B+1","Defend_B","Defend_B","Defend_B","Defend_B","Zap","Dualcast","Storm+1","Gash","Loop+1","Rebound","Electrodynamics+1","Heatsinks"],"relics":["Runic Dome","Bag of Preparation","Orichalcum","Juzu Bracelet","Meat on the Bone"],"potions_floor_usage":[7,11,16,16],"damage_taken":[{"damage":0,"enemies":"2 Louse","floor":1,"turns":2},{"damage":0,"enemies":"Small Slimes","floor":2,"turns":3},{"damage":6,"enemies":"Jaw Worm","floor":4,"turns":4},{"damage":0,"enemies":"Exordium Wildlife","floor":5,"turns":4},{"damage":19,"enemies":"Gremlin Nob","floor":7,"turns":5},{"damage":21,"enemies":"Lots of Slimes","floor":10,"turns":4},{"damage":11,"enemies":"3 Sentries","floor":11,"turns":4},{"damage":12,"enemies":"Large Slime","floor":14,"turns":3},{"damage":34,"enemies":"The Guardian","floor":16,"turns":7}],"seed_played":"-1082416971104608461","potions_obtained":[{"floor":1,"key":"Block Potion"},{"floor":7,"key":"Fruit Juice"},{"floor":10,"key":"Fire Potion"},{"floor":11,"key":"Fire Potion"}],"is_trial":false,"path_per_floor":["M","M","?","M","M","R","E","T","T","M","?","?","R","M","R"],"character_chosen":"DEFECT","items_purchased":[],"campfire_rested":0,"item_purchase_floors":[],"current_hp_per_floor":[75,75,60,54,54,54,35,35,35,14,8,34,34,34,34,0],"gold":334,"neow_bonus":"BOSS_RELIC","is_prod":false,"is_daily":false,"chose_seed":false,"campfire_upgraded":3,"win_rate":0,"timestamp":1531538664,"path_taken":["M","M","?","M","M","R","E","?","T","M","?","?","R","M","R","BOSS"],"build_version":"2018-07-12","purchased_purges":0,"victory":false,"max_hp_per_floor":[75,75,75,75,75,75,75,75,75,75,80,80,80,80,80,80],"card_choices":[{"not_picked":["Gash","White Noise"],"picked":"Storm","floor":1},{"not_picked":["Sweeping Beam","Coolheaded","Leap"],"picked":"SKIP","floor":2},{"not_picked":["Steam","Conserve Battery"],"picked":"Gash","floor":4},{"not_picked":["Sweeping Beam","Turbo"],"picked":"Loop","floor":5},{"not_picked":["Go for the Eyes","Steam"],"picked":"Rebound","floor":7},{"not_picked":["Conserve Battery","Ball Lightning"],"picked":"Electrodynamics","floor":10},{"not_picked":["Barrage","Rebound"],"picked":"Heatsinks","floor":14}],"player_experience":671830,"relics_obtained":[{"floor":7,"key":"Bag of Preparation"},{"floor":8,"key":"Orichalcum"},{"floor":9,"key":"Juzu Bracelet"},{"floor":11,"key":"Meat on the Bone"}],"event_choices":[{"event_name":"Shining Light","player_choice":"Entered Light","floor":3,"damage_taken":0},{"event_name":"Dead Adventurer","player_choice":"Searched \u00271\u0027 times","floor":11,"damage_taken":0},{"event_name":"Big Fish","player_choice":"Banana","floor":12,"damage_taken":0}],"boss_relics":[],"items_purged_floors":[],"is_endless":false,"potions_floor_spawned":[1,7,10,11],"killed_by":"The Guardian","ascension_level":0}