{"path_per_floor":["M","M","M","M","M","R","M","E","T","$","R","E","R","M","R","B",null,"M","?","M","M","M","R","M","R","T","$","M","R","T","M","R"],"character_chosen":"IRONCLAD","items_purchased":["Shuriken","Battle Trance","True Grit","Dexterity Potion"],"gold_per_floor":[212,226,241,260,271,271,288,313,313,16,16,50,50,62,62,164,164,174,99,112,132,142,142,153,153,153,15,25,25,51,65,65,65],"floor_reached":33,"campfire_rested":3,"playtime":2830,"current_hp_per_floor":[80,72,67,62,50,50,37,15,15,15,39,39,63,71,71,60,80,80,80,80,80,62,62,55,55,55,55,54,54,54,32,56,0],"items_purged":["Strike_R","Strike_R"],"gold":65,"score":289,"play_id":"a2208483-893f-4a46-bd73-a90b0d1b752c","local_time":"20180501211208","is_prod":false,"is_daily":false,"chose_seed":false,"is_ascension_mode":true,"campfire_upgraded":5,"timestamp":1525223528,"path_taken":["M","M","M","M","M","R","M","E","T","$","R","E","R","M","R","BOSS","M","?","M","M","M","R","M","R","T","?","?","R","?","M","R","BOSS"],"build_version":"2018-04-28v2","seed_source_timestamp":0,"purchased_purges":2,"victory":false,"master_deck":["Strike_R","Strike_R","Defend_R","Defend_R","Defend_R","Defend_R","Bash","Thunderclap","Dropkick","Iron Wave+1","Shrug It Off","Inflame+1","Armaments+1","Flame Barrier","Battle Trance","Whirlwind+1","Limit Break","Clothesline","True Grit+1","Feed"],"max_hp_per_floor":[80,80,80,80,80,80,80,80,80,80,80,80,80,80,80,80,80,80,80,80,80,80,80,80,80,80,80,80,80,80,80,80,80],"relics":["Burning Blood","Omamori","The Courier","Shuriken","Blood Vial","Mark of Pain","Centennial Puzzle","Anchor"],"card_choices":[{"not_picked":["Havoc","Twin Strike"],"picked":"Thunderclap","floor":1.0},{"not_picked":["Anger","Twin Strike"],"picked":"Dropkick","floor":2.0},{"not_picked":["Carnage","Intimidate"],"picked":"Iron Wave","floor":3.0},{"not_picked":["Sever Soul","Blood for Blood"],"picked":"Shrug It Off","floor":4.0},{"not_picked":["Seeing Red","Perfected Strike"],"picked":"Inflame","floor":5.0},{"not_picked":["Flex","Anger"],"picked":"Armaments","floor":7},{"not_picked":["Cleave","Inflame"],"picked":"Flame Barrier","floor":8},{"not_picked":["Hemokinesis","Exhume"],"picked":"Whirlwind","floor":12},{"not_picked":["Berserk","Dark Embrace"],"picked":"Limit Break","floor":16},{"not_picked":["Warcry","Shrug It Off"],"picked":"Clothesline","floor":20},{"not_picked":["Flex","Disarm"],"picked":"Feed","floor":28}],"player_experience":340718,"potions_floor_usage":[18,22,24,28,28,33],"damage_taken":[{"damage":5.0,"enemies":"2 Louse","floor":1.0,"turns":3.0},{"damage":14.0,"enemies":"Jaw Worm","floor":2.0,"turns":4.0},{"damage":11.0,"enemies":"Cultist","floor":3.0,"turns":4.0},{"damage":11.0,"enemies":"Exordium Thugs","floor":4.0,"turns":3.0},{"damage":18.0,"enemies":"Exordium Wildlife","floor":5.0,"turns":4.0},{"damage":19.0,"enemies":"Large Slime","floor":7.0,"turns":6.0},{"damage":28,"enemies":"Gremlin Nob","floor":8,"turns":5},{"damage":6,"enemies":"3 Sentries","floor":12,"turns":6},{"damage":0,"enemies":"2 Fungi Beasts","floor":14,"turns":3},{"damage":19,"enemies":"Slime Boss","floor":16,"turns":5},{"damage":2,"enemies":"Shell Parasite","floor":18,"turns":4},{"damage":0,"enemies":"3 Byrds","floor":20,"turns":5},{"damage":3,"enemies":"Snecko","floor":21,"turns":5},{"damage":24,"enemies":"3 Cultists","floor":22,"turns":6},{"damage":15,"enemies":"Slaver and Parasite","floor":24,"turns":8},{"damage":9,"enemies":"Centurion and Healer","floor":28,"turns":5},{"damage":30,"enemies":"Sentry and Sphere","floor":31,"turns":6},{"damage":72,"enemies":"Collector","floor":33,"turns":7}],"event_choices":[{"event_name":"Beggar","player_choice":"Gave Gold","floor":19,"damage_taken":0}],"boss_relics":[{"not_picked":["Astrolabe","Runic Cube"],"picked":"Mark of Pain"}],"potions_floor_spawned":[2,5,8,14,16,18,20,31],"seed_played":"-8632123827429123060","killed_by":"Collector","ascension_level":2,"is_trial":false}