{"gold_per_floor":[110,123,134,151,161,161,161,161,161,181,209,227,257,268,268,372,372],"floor_reached":17,"playtime":2096,"items_purged":[],"score":171,"play_id":"4d34d00d-f69f-4adc-a0c0-bf1297bc58c6","local_time":"20190219020715","is_ascension_mode":false,"campfire_choices":[{"data":"Body Slam","floor":6,"key":"SMITH"},{"data":"Clothesline","floor":8,"key":"SMITH"},{"data":"Pommel Strike","floor":15,"key":"SMITH"}],"neow_cost":"NONE","seed_source_timestamp":540644190825,"circlet_count":0,"master_deck":["Strike_R","Strike_R","Strike_R","Strike_R","Defend_R","Defend_R","Defend_R","Defend_R","Bash","Body Slam+1","Headbutt","Shrug It Off","Clothesline+1","Pommel Strike+1","Impervious","Thunderclap","Warcry","Second Wind","Reaper"],"relics":["Burning Blood","Ornamental Fan","Regal Pillow","Ice Cream"],"potions_floor_usage":[11,16],"damage_taken":[{"damage":1,"enemies":"Cultist","floor":1,"turns":3},{"damage":0,"enemies":"Small Slimes","floor":2,"turns":3},{"damage":5,"enemies":"Jaw Worm","floor":3,"turns":4},{"damage":12,"enemies":"Looter","floor":4,"turns":3},{"damage":0,"enemies":"2 Fungi Beasts","floor":5,"turns":4},{"damage":3,"enemies":"Blue Slaver","floor":10,"turns":4},{"damage":13,"enemies":"Lagavulin","floor":11,"turns":5},{"damage":4,"enemies":"Exordium Thugs","floor":12,"turns":4},{"damage":16,"enemies":"Gremlin Nob","floor":13,"turns":4},{"damage":0,"enemies":"Lots of Slimes","floor":14,"turns":4},{"damage":69,"enemies":"Hexaghost","floor":16,"turns":15}],"seed_played":"5582130616653804506","potions_obtained":[{"floor":1,"key":"EssenceOfSteel"},{"floor":5,"key":"FearPotion"},{"floor":10,"key":"Poison Potion"},{"floor":12,"key":"SteroidPotion"},{"floor":13,"key":"LiquidBronze"},{"floor":16,"key":"Weak Potion"}],"is_trial":false,"path_per_floor":["M","M","M","M","M","R","?","R","T","M","E","M","E","M","R","B",null],"character_chosen":"IRONCLAD","items_purchased":[],"campfire_rested":0,"item_purchase_floors":[],"current_hp_per_floor":[88,88,88,82,88,88,88,88,88,88,81,83,73,79,79,16,16],"gold":372,"neow_bonus":"TEN_PERCENT_HP_BONUS","is_prod":false,"is_daily":false,"chose_seed":false,"campfire_upgraded":3,"win_rate":0,"timestamp":1550534835,"path_taken":["M","M","M","M","?","R","?","R","T","M","E","M","E","M","R","BOSS"],"build_version":"2019-01-23","purchased_purges":0,"victory":false,"max_hp_per_floor":[88,88,88,88,88,88,88,88,88,88,88,88,88,88,88,88,88],"card_choices":[{"not_picked":["Second Wind","Perfected Strike"],"picked":"Body Slam","floor":1},{"not_picked":["True Grit","Anger"],"picked":"Headbutt","floor":2},{"not_picked":["Pummel","Seeing Red"],"picked":"Shrug It Off","floor":3},{"not_picked":["Iron Wave","Seeing Red"],"picked":"Clothesline","floor":4},{"not_picked":["Burning Pact","Warcry","Evolve"],"picked":"SKIP","floor":5},{"not_picked":["Infernal Blade","Reckless Charge"],"picked":"Pommel Strike","floor":10},{"not_picked":["Rage","Ghostly Armor"],"picked":"Impervious","floor":11},{"not_picked":["Pummel","Sentinel"],"picked":"Thunderclap","floor":12},{"not_picked":["Heavy Blade","Whirlwind"],"picked":"Warcry","floor":13},{"not_picked":["Twin Strike","Flex"],"picked":"Second Wind","floor":14},{"not_picked":["Berserk","Immolate"],"picked":"Reaper","floor":16}],"player_experience":394971,"relics_obtained":[{"floor":9,"key":"Ornamental Fan"},{"floor":11,"key":"Regal Pillow"},{"floor":13,"key":"Ice Cream"}],"event_choices":[{"cards_removed":["Strike_R"],"damage_healed":0,"gold_gain":0,"player_choice":"Forget","damage_taken":0,"max_hp_gain":0,"max_hp_loss":0,"event_name":"Living Wall","floor":7,"gold_loss":0}],"is_beta":false,"boss_relics":[],"items_purged_floors":[],"is_endless":false,"potions_floor_spawned":[1,5,10,12,13,16],"ascension_level":0}