{"gold_per_floor":[211,64,64,84,102,127,145,145,145,179,151,177,191,27,27,101,101,117,127,144,160,60,60,88,88,88,13,32,52,78,91,91,165,165,179,179,191,44,44,44,55,55,55,68,68,80,80,80,80,80],"floor_reached":50,"playtime":2245,"items_purged":["Strike_R"],"score":835,"play_id":"b4edfa42-77a7-4d39-9c38-f181dcda393b","local_time":"20190301151358","is_ascension_mode":true,"campfire_choices":[{"data":"Blood for Blood","floor":15.0,"key":"SMITH"},{"data":"Hemokinesis","floor":23,"key":"SMITH"},{"data":"Metallicize","floor":25,"key":"SMITH"},{"data":"Reckless Charge","floor":32,"key":"SMITH"},{"data":"Shrug It Off","floor":40,"key":"SMITH"},{"data":"Inflame","floor":42,"key":"SMITH"},{"floor":45,"key":"REST"},{"data":"Offering","floor":49,"key":"SMITH"}],"neow_cost":"NONE","seed_source_timestamp":0,"circlet_count":0,"master_deck":["AscendersBane","Strike_R","Strike_R","Strike_R+1","Defend_R","Defend_R","Defend_R","Defend_R","Bash+1","Metallicize+1","Twin Strike","Hemokinesis+1","Reckless Charge+1","Blood for Blood+1","Ghostly Armor","Bandage Up","Impervious","Shrug It Off+1","Offering+1","Inflame+1","Iron Wave+1"],"special_seed":0,"relics":["Burning Blood","Bag of Preparation","WarpedTongs","Self Forming Clay","Mercury Hourglass","Shuriken","Bronze Scales","Busted Crown","Sundial","Pear","Juzu Bracelet","Mark of Pain","Potion Belt","Champion Belt","Singing Bowl"],"potions_floor_usage":[21,24,30,31,33,41,48,50,50,50],"damage_taken":[{"damage":2.0,"enemies":"Small Slimes","floor":1.0,"turns":4.0},{"damage":3.0,"enemies":"Cultist","floor":4.0,"turns":3.0},{"damage":8.0,"enemies":"2 Louse","floor":5.0,"turns":4.0},{"damage":22.0,"enemies":"Lagavulin","floor":6.0,"turns":8.0},{"damage":7.0,"enemies":"Blue Slaver","floor":7.0,"turns":4.0},{"damage":25.0,"enemies":"Gremlin Nob","floor":10.0,"turns":4.0},{"damage":9.0,"enemies":"3 Sentries","floor":12.0,"turns":6.0},{"damage":5.0,"enemies":"Lots of Slimes","floor":13.0,"turns":3.0},{"damage":20.0,"enemies":"Hexaghost","floor":16.0,"turns":7.0},{"damage":1,"enemies":"Chosen","floor":18,"turns":4},{"damage":17,"enemies":"2 Thieves","floor":19,"turns":4},{"damage":15,"enemies":"3 Cultists","floor":20,"turns":5},{"damage":13,"enemies":"Cultist and Chosen","floor":21,"turns":6},{"damage":14,"enemies":"Slavers","floor":24,"turns":4},{"damage":4,"enemies":"Centurion and Healer","floor":28,"turns":5},{"damage":6,"enemies":"Sentry and Sphere","floor":29,"turns":5},{"damage":10,"enemies":"Book of Stabbing","floor":30,"turns":5},{"damage":9,"enemies":"Snecko","floor":31,"turns":3},{"damage":53,"enemies":"Champ","floor":33,"turns":10},{"damage":20,"enemies":"Orb Walker","floor":35,"turns":3},{"damage":9,"enemies":"3 Shapes","floor":37,"turns":6},{"damage":17,"enemies":"Sphere and 2 Shapes","floor":41,"turns":5},{"damage":29,"enemies":"Maw","floor":44,"turns":6},{"damage":8,"enemies":"Jaw Worm Horde","floor":46,"turns":5},{"damage":0,"enemies":"3 Darklings","floor":48,"turns":1},{"damage":87,"enemies":"Donu and Deca","floor":50,"turns":9}],"seed_played":"-6391341914602695956","potions_obtained":[{"floor":1.0,"key":"Poison Potion"},{"floor":4.0,"key":"Weak Potion"},{"floor":6.0,"key":"PowerPotion"},{"floor":19,"key":"Explosive Potion"},{"floor":20,"key":"Dexterity Potion"},{"floor":24,"key":"Strength Potion"},{"floor":30,"key":"Swift Potion"},{"floor":35,"key":"SkillPotion"},{"floor":41,"key":"LiquidBronze"},{"floor":44,"key":"FearPotion"},{"floor":47,"key":"FairyPotion"},{"floor":47,"key":"Block Potion"},{"floor":47,"key":"SmokeBomb"}],"is_trial":false,"path_per_floor":["M","$","?","M","M","E","M","?","T","E","?","E","M","$","R","B",null,"M","M","M","M","$","R","E","R","T","?","M","M","E","M","R","B",null,"M","?","M","$","T","R","M","R","T","M","R","M","?","M","R","B"],"character_chosen":"IRONCLAD","items_purchased":["Bag of Preparation","Bandage Up","Shrug It Off","Fire Potion","Potion Belt"],"campfire_rested":1,"item_purchase_floors":[2,14,22,22,38],"current_hp_per_floor":[76,76,76,79,77,61,60,44,44,25,25,22,23,23,23,15,64,69,62,57,54,54,54,52,52,62,62,70,74,74,77,77,36,77,69,69,70,70,70,70,65,65,65,46,73,77,77,83,83,0],"gold":80,"neow_bonus":"HUNDRED_GOLD","is_prod":false,"is_daily":false,"chose_seed":false,"campfire_upgraded":7,"win_rate":0,"timestamp":1551471238,"path_taken":["M","$","?","?","M","E","?","?","T","E","?","E","M","?","R","BOSS","M","M","?","?","$","R","E","R","T","?","M","M","E","M","R","BOSS","M","?","M","$","?","R","M","R","T","M","R","M","?","M","R","BOSS"],"build_version":"2019-01-23","purchased_purges":1,"victory":false,"max_hp_per_floor":[80,80,80,80,80,80,80,80,80,80,80,80,80,80,80,80,80,80,80,80,80,80,80,80,80,90,90,90,90,90,90,90,90,90,90,90,90,90,90,90,90,90,90,90,90,92,92,92,92,92],"card_choices":[{"not_picked":["Flame Barrier","True Grit"],"picked":"Metallicize","floor":1.0},{"not_picked":["Thunderclap","Havoc"],"picked":"Twin Strike","floor":4.0},{"not_picked":["Power Through","Seeing Red","Ghostly Armor"],"picked":"SKIP","floor":5.0},{"not_picked":["Corruption","Iron Wave","Flex"],"picked":"SKIP","floor":6.0},{"not_picked":["Corruption","Iron Wave","Flex"],"picked":"SKIP","floor":6.0},{"not_picked":["Power Through","Havoc","Hemokinesis"],"picked":"SKIP","floor":7.0},{"not_picked":["Power Through","Havoc"],"picked":"Hemokinesis","floor":7.0},{"not_picked":["Bludgeon","Twin Strike"],"picked":"Reckless Charge","floor":10.0},{"not_picked":["Double Tap","Feel No Pain"],"picked":"Blood for Blood","floor":12.0},{"not_picked":["True Grit","Shockwave"],"picked":"Ghostly Armor","floor":13.0},{"not_picked":["Exhume","Double Tap"],"picked":"Impervious","floor":16.0},{"not_picked":["Heavy Blade"],"picked":"SKIP","floor":18},{"not_picked":["Reckless Charge"],"picked":"SKIP","floor":19},{"not_picked":["Seeing Red"],"picked":"SKIP","floor":20},{"not_picked":["Sentinel"],"picked":"SKIP","floor":21},{"not_picked":["Perfected Strike"],"picked":"SKIP","floor":24},{"not_picked":["Cleave"],"picked":"SKIP","floor":28},{"not_picked":["Cleave"],"picked":"SKIP","floor":29},{"not_picked":["Iron Wave"],"picked":"SKIP","floor":30},{"not_picked":["Clash"],"picked":"SKIP","floor":31},{"not_picked":[],"picked":"Offering","floor":33},{"not_picked":["Rage+1"],"picked":"SKIP","floor":35},{"not_picked":[],"picked":"Inflame","floor":37},{"not_picked":["Heavy Blade+1"],"picked":"SKIP","floor":41},{"not_picked":[],"picked":"Iron Wave+1","floor":44},{"not_picked":["Corruption+1"],"picked":"Singing Bowl","floor":46}],"player_experience":745369,"relics_obtained":[{"floor":6.0,"key":"Self Forming Clay"},{"floor":9.0,"key":"Mercury Hourglass"},{"floor":10.0,"key":"Shuriken"},{"floor":12.0,"key":"Bronze Scales"},{"floor":24,"key":"Sundial"},{"floor":26,"key":"Pear"},{"floor":30,"key":"Juzu Bracelet"},{"floor":39,"key":"Champion Belt"},{"floor":43,"key":"Singing Bowl"}],"event_choices":[{"damage_healed":0.0,"max_hp_gain":0.0,"max_hp_loss":0.0,"gold_gain":0.0,"event_name":"Accursed Blacksmith","player_choice":"Rummage","floor":3.0,"gold_loss":0.0,"damage_taken":0.0,"relics_obtained":["WarpedTongs"],"cards_obtained":["Pain"]},{"damage_healed":0.0,"max_hp_gain":0.0,"max_hp_loss":0.0,"gold_gain":0.0,"event_name":"Shining Light","player_choice":"Entered Light","floor":8.0,"gold_loss":0.0,"damage_taken":16.0,"cards_upgraded":["Bash","Strike_R"]},{"damage_healed":0.0,"max_hp_gain":0.0,"max_hp_loss":0.0,"gold_gain":0.0,"event_name":"World of Goop","player_choice":"Left Gold","floor":11.0,"gold_loss":28.0,"damage_taken":0.0},{"cards_removed":["Strike_R"],"damage_healed":0,"gold_gain":0,"player_choice":"Gave Gold","damage_taken":0,"max_hp_gain":0,"max_hp_loss":0,"event_name":"Beggar","floor":27,"gold_loss":75},{"cards_removed":["Pain"],"damage_healed":0,"gold_gain":0,"player_choice":"Purged","damage_taken":0,"max_hp_gain":0,"max_hp_loss":0,"event_name":"Purifier","floor":36,"gold_loss":0},{"damage_healed":0,"gold_gain":0,"player_choice":"Got Potions","damage_taken":0,"max_hp_gain":0,"max_hp_loss":0,"event_name":"Lab","floor":47,"gold_loss":0}],"is_beta":false,"boss_relics":[{"not_picked":["Lizard Tail","Black Star"],"picked":"Busted Crown"},{"not_picked":["Tiny House","Black Blood"],"picked":"Mark of Pain"}],"items_purged_floors":[14],"is_endless":false,"potions_floor_spawned":[1,4,5,6,19,20,24,28,30,35,41,44],"killed_by":"Donu and Deca","ascension_level":13}