{"gold_per_floor":[114,15,25,38,56,56,83,83,107,120,130,143,169,186,186,186],"floor_reached":16,"playtime":945,"items_purged":[],"score":180,"play_id":"d93637d3-a1c7-4bff-a527-4eccd58784ec","local_time":"20190224144918","is_ascension_mode":true,"campfire_choices":[{"data":"Go for the Eyes","floor":6,"key":"SMITH"},{"data":"Genetic Algorithm","floor":8,"key":"SMITH"},{"floor":15,"key":"REST"}],"neow_cost":"NONE","seed_source_timestamp":320918645297522,"circlet_count":0,"master_deck":["AscendersBane","Strike_B","Strike_B","Strike_B","Strike_B","Defend_B","Defend_B+1","Defend_B+1","Defend_B","Zap","Dualcast","Gash","Cold Snap","Hologram","Go for the Eyes+1","Genetic Algorithm+1","Steam","Gash","Hello World","Echo Form","Reprogram"],"relics":["Cracked Core","War Paint","Vajra","Orichalcum","Happy Flower"],"potions_floor_usage":[5,7,13,16],"damage_taken":[{"damage":0,"enemies":"Cultist","floor":1,"turns":3},{"damage":0,"enemies":"2 Louse","floor":3,"turns":3},{"damage":0,"enemies":"Small Slimes","floor":4,"turns":3},{"damage":9,"enemies":"Red Slaver","floor":5,"turns":3},{"damage":12,"enemies":"3 Sentries","floor":7,"turns":7},{"damage":0,"enemies":"3 Louse","floor":10,"turns":4},{"damage":5,"enemies":"2 Fungi Beasts","floor":11,"turns":4},{"damage":5,"enemies":"Exordium Thugs","floor":12,"turns":4},{"damage":21,"enemies":"Lagavulin","floor":13,"turns":7},{"damage":7,"enemies":"Lots of Slimes","floor":14,"turns":4},{"damage":34,"enemies":"The Guardian","floor":16,"turns":5}],"seed_played":"2750080986120895887","potions_obtained":[{"floor":1,"key":"FocusPotion"},{"floor":10,"key":"SpeedPotion"},{"floor":11,"key":"LiquidBronze"},{"floor":13,"key":"LiquidBronze"}],"is_trial":false,"path_per_floor":["M","$","M","M","M","R","E","R","T","M","M","M","E","M","R","B"],"character_chosen":"DEFECT","items_purchased":["Cold Snap","Poison Potion"],"campfire_rested":1,"item_purchase_floors":[2,2],"current_hp_per_floor":[68,68,68,68,59,59,47,47,47,47,42,37,16,9,31,0],"gold":186,"neow_bonus":"RANDOM_COMMON_RELIC","is_prod":false,"is_daily":false,"chose_seed":false,"campfire_upgraded":2,"win_rate":0,"timestamp":1551037758,"path_taken":["M","?","M","M","M","R","E","R","T","M","M","M","E","M","R","BOSS"],"build_version":"2019-01-23","purchased_purges":0,"victory":false,"max_hp_per_floor":[75,75,75,75,75,75,75,75,75,75,75,75,75,75,75,75],"card_choices":[{"not_picked":["Undo","Storm"],"picked":"Gash","floor":1},{"not_picked":["Barrage","Stack"],"picked":"Hologram","floor":3},{"not_picked":["Redo","Stack"],"picked":"Go for the Eyes","floor":4},{"not_picked":["Creative AI","Tempest"],"picked":"Genetic Algorithm","floor":5},{"not_picked":["Rebound","Tempest"],"picked":"Steam","floor":7},{"not_picked":["Hologram","Redo","Recycle"],"picked":"SKIP","floor":10},{"not_picked":["Go for the Eyes","Streamline"],"picked":"Gash","floor":11},{"not_picked":["Redo","Barrage"],"picked":"Hello World","floor":12},{"not_picked":["Auto Shields","Compile Driver"],"picked":"Echo Form","floor":13},{"not_picked":["Doom and Gloom","Self Repair"],"picked":"Reprogram","floor":14}],"player_experience":710872,"relics_obtained":[{"floor":7,"key":"Vajra"},{"floor":9,"key":"Orichalcum"},{"floor":13,"key":"Happy Flower"}],"event_choices":[],"is_beta":false,"boss_relics":[],"items_purged_floors":[],"is_endless":false,"potions_floor_spawned":[1,4,10,11,13,14],"killed_by":"The Guardian","ascension_level":11}