{"gold_per_floor":[114,114,13,28,42,42,75,89,138,155,186,217,229,241,253,366,378,409,421,532,544,575,612,624,665,677,689,715,70,70,70,70,169,169],"floor_reached":34,"playtime":3023,"items_purged":["Strike_B"],"score":443,"play_id":"484a4c4d-9bd7-4518-8a1b-df6354f0a9d7","local_time":"20190303055610","is_ascension_mode":true,"campfire_choices":[{"data":"Zap","floor":6,"key":"SMITH"},{"data":"Blizzard","floor":13,"key":"SMITH"},{"data":"Self Repair","floor":15,"key":"SMITH"},{"data":"Creative AI","floor":24,"key":"SMITH"},{"data":"Go for the Eyes","floor":27,"key":"SMITH"},{"floor":32,"key":"REST"}],"neow_cost":"NONE","seed_source_timestamp":41915974169204,"circlet_count":0,"master_deck":["Strike_B","Strike_B","Defend_B","Defend_B","Defend_B","Defend_B","Zap+1","Dualcast","Conserve Battery","Cold Snap","Defragment+1","FTL","Steam","Reinforced Body","Chill","Cold Snap","Self Repair+1","Blizzard+1","Creative AI+1","Leap","Go for the Eyes+1","Static Discharge+1","Skim","Skim","Capacitor","Ghostly","Ghostly","Ghostly","Ghostly","Ghostly","Reboot"],"relics":["Cracked Core","NeowsBlessing","Pear","PreservedInsect","MawBank","Philosopher\u0027s Stone","Symbiotic Virus","Ancient Tea Set","Smiling Mask","DollysMirror","Cables","Turnip"],"potions_floor_usage":[],"damage_taken":[{"damage":0,"enemies":"Jaw Worm","floor":1,"turns":1},{"damage":0,"enemies":"Cultist","floor":4,"turns":1},{"damage":0,"enemies":"2 Louse","floor":5,"turns":1},{"damage":16,"enemies":"Lagavulin","floor":7,"turns":7},{"damage":1,"enemies":"Looter","floor":8,"turns":2},{"damage":0,"enemies":"Exordium Thugs","floor":10,"turns":6},{"damage":6,"enemies":"3 Sentries","floor":11,"turns":6},{"damage":0,"enemies":"Blue Slaver","floor":12,"turns":4},{"damage":9,"enemies":"The Guardian","floor":16,"turns":13},{"damage":14,"enemies":"Spheric Guardian","floor":18,"turns":4},{"damage":11,"enemies":"Colosseum Slavers","floor":19,"turns":6},{"damage":19,"enemies":"3 Byrds","floor":22,"turns":6},{"damage":31,"enemies":"Gremlin Leader","floor":23,"turns":11},{"damage":36,"enemies":"Slavers","floor":25,"turns":5},{"damage":18,"enemies":"Snecko","floor":28,"turns":5},{"damage":10,"enemies":"Collector","floor":33,"turns":12}],"seed_played":"3398234761188905280","potions_obtained":[{"floor":1,"key":"Strength Potion"},{"floor":4,"key":"FocusPotion"},{"floor":7,"key":"Poison Potion"},{"floor":16,"key":"SteroidPotion"},{"floor":21,"key":"Swift Potion"}],"is_trial":false,"path_per_floor":["M","?","$","M","M","R","E","M","T","M","E","M","R","?","R","B",null,"M","?","?","?","M","E","R","E","T","R","M","$","?","T","R","B",null],"character_chosen":"DEFECT","items_purchased":["Cold Snap","Defragment","Skim","DollysMirror","Capacitor","PowerPotion","Cables"],"campfire_rested":1,"item_purchase_floors":[3,3,29,29,29,29,29],"current_hp_per_floor":[75,75,75,75,75,75,69,68,68,68,62,69,69,69,69,70,85,81,80,80,80,71,50,50,24,24,24,16,16,16,16,28,28,28],"gold":169,"neow_bonus":"THREE_ENEMY_KILL","is_prod":false,"is_daily":false,"chose_seed":false,"campfire_upgraded":5,"win_rate":0,"timestamp":1551585370,"path_taken":["M","?","$","?","M","R","E","M","T","M","E","M","R","?","R","BOSS","M","?","?","?","M","E","R","E","T","R","?","$","?","?","R","BOSS"],"build_version":"2019-01-23","purchased_purges":1,"victory":false,"max_hp_per_floor":[75,75,75,75,75,75,85,85,85,85,85,85,85,85,85,85,85,85,85,85,85,85,85,85,85,85,85,85,85,42,42,42,42,42],"card_choices":[{"not_picked":["Double Energy","Redo"],"picked":"Conserve Battery","floor":1},{"not_picked":["Coolheaded","Auto Shields"],"picked":"FTL","floor":4},{"not_picked":["Gash","Recycle"],"picked":"Steam","floor":5},{"not_picked":["Heatsinks","Steam"],"picked":"Reinforced Body","floor":7},{"not_picked":["Fusion","Capacitor"],"picked":"Chill","floor":8},{"not_picked":["Reprogram","Stack"],"picked":"Cold Snap","floor":10},{"not_picked":["Biased Cognition","Scrape"],"picked":"Self Repair","floor":11},{"not_picked":["Barrage","Steam Power"],"picked":"Blizzard","floor":12},{"not_picked":["Multi-Cast","Seek"],"picked":"Creative AI","floor":16},{"not_picked":["Rebound","Cold Snap+1"],"picked":"Leap","floor":18},{"not_picked":["Blizzard","Steam"],"picked":"Go for the Eyes","floor":22},{"not_picked":["Cold Snap","Blizzard"],"picked":"Static Discharge+1","floor":23},{"not_picked":["Electrodynamics","Rebound+1","Self Repair"],"picked":"SKIP","floor":25},{"not_picked":["Gash","Double Energy+1","Leap+1"],"picked":"SKIP","floor":28},{"not_picked":["Multi-Cast","Meteor Strike"],"picked":"Reboot","floor":33}],"player_experience":598715,"relics_obtained":[{"floor":7,"key":"Pear"},{"floor":9,"key":"PreservedInsect"},{"floor":11,"key":"MawBank"},{"floor":23,"key":"Symbiotic Virus"},{"floor":25,"key":"Ancient Tea Set"},{"floor":26,"key":"Smiling Mask"},{"floor":31,"key":"Turnip"}],"event_choices":[{"cards_removed":["Strike_B"],"damage_healed":0,"gold_gain":0,"player_choice":"Offered Basic","damage_taken":0,"max_hp_gain":0,"max_hp_loss":0,"event_name":"Bonfire Elementals","floor":2,"gold_loss":0},{"damage_healed":0,"gold_gain":0,"player_choice":"Upgraded","damage_taken":0,"max_hp_gain":0,"max_hp_loss":0,"event_name":"Upgrade Shrine","floor":14,"gold_loss":0,"cards_upgraded":["Defragment"]},{"damage_healed":0,"gold_gain":0,"player_choice":"Fight","damage_taken":0,"max_hp_gain":0,"max_hp_loss":0,"event_name":"Colosseum","floor":19,"gold_loss":0},{"damage_healed":0,"gold_gain":0,"player_choice":"Fled From Nobs","damage_taken":0,"max_hp_gain":0,"max_hp_loss":0,"event_name":"Colosseum","floor":19,"gold_loss":0},{"damage_healed":0,"gold_gain":99,"player_choice":"Stole From Cult","damage_taken":0,"max_hp_gain":0,"max_hp_loss":0,"event_name":"Nest","floor":20,"gold_loss":0},{"damage_healed":0,"gold_gain":0,"player_choice":"Got Potions","damage_taken":0,"max_hp_gain":0,"max_hp_loss":0,"event_name":"Lab","floor":21,"gold_loss":0},{"damage_healed":0,"gold_gain":0,"player_choice":"Became a Ghost","damage_taken":0,"max_hp_gain":0,"max_hp_loss":43,"event_name":"Ghosts","floor":30,"gold_loss":0,"cards_obtained":["Ghostly","Ghostly","Ghostly","Ghostly","Ghostly"]}],"is_beta":false,"boss_relics":[{"not_picked":["Fusion Hammer","Runic Pyramid"],"picked":"Philosopher\u0027s Stone"}],"items_purged_floors":[29],"is_endless":false,"potions_floor_spawned":[1,4,7,16,18,19,22,33],"ascension_level":1}