{"gold_per_floor":[113,288,126,136,146,146,161,123,149,149,174,174,56,76,76,171,171,81],"floor_reached":18,"playtime":1122,"items_purged":["Doubt"],"score":210,"play_id":"19cc5b39-3f4e-45b5-8d22-220d472a68e0","local_time":"20180713080415","is_ascension_mode":false,"campfire_choices":[{"data":"Zap","floor":6,"key":"SMITH"},{"data":"Capacitor","floor":12,"key":"SMITH"},{"data":"Blizzard","floor":15,"key":"SMITH"}],"neow_cost":"","seed_source_timestamp":44687783386073,"circlet_count":0,"master_deck":["Strike_B","Strike_B","Strike_B","Strike_B","Defend_B","Defend_B","Defend_B","Defend_B","Zap+1","Dualcast","Bandage Up","Conserve Battery","Glacier","Cold Snap","Capacitor+1","Melter","Blizzard+1","Leap","Multi-Cast"],"relics":["FrozenCore","Blood Vial","Bag of Marbles"],"potions_floor_usage":[],"damage_taken":[{"damage":1,"enemies":"2 Louse","floor":1,"turns":2},{"damage":2,"enemies":"Small Slimes","floor":4,"turns":3},{"damage":6,"enemies":"Jaw Worm","floor":5,"turns":4},{"damage":2,"enemies":"2 Fungi Beasts","floor":7,"turns":5},{"damage":8,"enemies":"3 Sentries","floor":11,"turns":9},{"damage":5,"enemies":"Gremlin Gang","floor":14,"turns":5},{"damage":0,"enemies":"The Guardian","floor":16,"turns":14},{"damage":13,"enemies":"2 Thieves","floor":18,"turns":4}],"seed_played":"1491065481196147305","potions_obtained":[{"floor":4,"key":"Ancient Potion"},{"floor":5,"key":"GamblersBrew"},{"floor":10,"key":"AttackPotion"},{"floor":10,"key":"Dexterity Potion"},{"floor":14,"key":"Poison Potion"},{"floor":16,"key":"EssenceOfSteel"}],"is_trial":false,"path_per_floor":["M","?","$","M","M","R","M","$","T","?","E","R","$","M","R","B",null],"character_chosen":"DEFECT","items_purchased":["Bandage Up","Capacitor","Melter","Blizzard"],"campfire_rested":0,"item_purchase_floors":[3,8,13,13],"current_hp_per_floor":[74,74,74,75,73,73,75,75,75,75,71,71,71,72,72,74,75,66],"gold":81,"neow_bonus":"","is_prod":false,"is_daily":false,"chose_seed":false,"campfire_upgraded":3,"win_rate":0,"timestamp":1531458255,"path_taken":["M","?","$","M","M","R","M","?","T","?","E","R","$","?","R","BOSS","M"],"build_version":"2018-07-12","purchased_purges":1,"victory":false,"max_hp_per_floor":[75,75,75,75,75,75,75,75,75,75,75,75,75,75,75,75,75,75],"card_choices":[{"not_picked":["Hologram","Sweeping Beam","BootSequence"],"picked":"SKIP","floor":1},{"not_picked":["Doom and Gloom","Sunder"],"picked":"Conserve Battery","floor":4},{"not_picked":["Chaos","Reinforced Body"],"picked":"Glacier","floor":5},{"not_picked":["Stack","Hologram"],"picked":"Cold Snap","floor":7},{"not_picked":["Sunder","Machine Learning","Consume"],"picked":"SKIP","floor":11},{"not_picked":["Go for the Eyes","Hologram"],"picked":"Leap","floor":14},{"not_picked":["Meteor Strike","Reboot"],"picked":"Multi-Cast","floor":16}],"player_experience":93366,"relics_obtained":[{"floor":9,"key":"Blood Vial"},{"floor":11,"key":"Bag of Marbles"}],"event_choices":[{"event_name":"Liars Game","player_choice":"agreed","floor":2,"damage_taken":0},{"event_name":"The Lab","player_choice":"Got Potions","floor":10,"damage_taken":0}],"boss_relics":[{"not_picked":["Calling Bell","Coffee Dripper"],"picked":"FrozenCore"}],"items_purged_floors":[3],"is_endless":false,"potions_floor_spawned":[4,5,14,16],"killed_by":"2 Thieves","ascension_level":0}