{"gold_per_floor":[112,112,287,7,19,19,19,34,34,46,62,62,62,78,78,182,182,202,202,202,202,150,168,180,210,210,210,210,210,224,237,237,237],"floor_reached":33,"playtime":896,"items_purged":["Regret"],"score":282,"play_id":"01add4c8-f747-4613-b3b0-7f58ef619c4a","local_time":"20190302023011","is_ascension_mode":false,"campfire_choices":[{"data":"Go for the Eyes","floor":6.0,"key":"SMITH"},{"data":"Hologram","floor":12.0,"key":"SMITH"},{"data":"Defragment","floor":15.0,"key":"SMITH"},{"data":"Dualcast","floor":27,"key":"SMITH"},{"data":"Coolheaded","floor":29,"key":"SMITH"},{"data":"Tempest","floor":32,"key":"SMITH"}],"neow_cost":"NONE","seed_source_timestamp":170179915551,"circlet_count":0,"master_deck":["Strike_B","Strike_B","Strike_B","Strike_B+1","Defend_B","Defend_B+1","Defend_B","Defend_B","Zap+1","Dualcast+1","Doubt","Go for the Eyes+1","Leap","Coolheaded+1","Hologram+1","Defragment+1","Electrodynamics","Fusion+1","Writhe","Coolheaded","Leap+1","Hologram+1","Go for the Eyes+1","Ghostly","Ghostly","Ghostly","Ghostly","Ghostly","Tempest+1","Capacitor+1"],"special_seed":0,"relics":["Cracked Core","Bronze Scales","Runic Capacitor","Du-Vu Doll","Sozu","Molten Egg 2","FossilizedHelix","Matryoshka"],"potions_floor_usage":[23,33],"damage_taken":[{"damage":0.0,"enemies":"2 Louse","floor":1.0,"turns":2.0},{"damage":2.0,"enemies":"Small Slimes","floor":5.0,"turns":3.0},{"damage":3.0,"enemies":"Jaw Worm","floor":8.0,"turns":2.0},{"damage":3.0,"enemies":"Red Slaver","floor":10.0,"turns":3.0},{"damage":2.0,"enemies":"Exordium Wildlife","floor":11.0,"turns":3.0},{"damage":0.0,"enemies":"3 Louse","floor":14.0,"turns":2.0},{"damage":5.0,"enemies":"Hexaghost","floor":16.0,"turns":9.0},{"damage":5.0,"enemies":"Spheric Guardian","floor":18.0,"turns":3.0},{"damage":4,"enemies":"3 Byrds","floor":23,"turns":3},{"damage":10,"enemies":"Snake Plant","floor":24,"turns":4},{"damage":4,"enemies":"Gremlin Leader","floor":25,"turns":7},{"damage":0,"enemies":"Snecko","floor":30,"turns":6},{"damage":0,"enemies":"Sentry and Sphere","floor":31,"turns":4},{"damage":41,"enemies":"Champ","floor":33,"turns":11}],"seed_played":"-7823707401104230462","potions_obtained":[{"floor":5.0,"key":"FocusPotion"},{"floor":8.0,"key":"EntropicBrew"},{"floor":11.0,"key":"Weak Potion"},{"floor":16.0,"key":"Block Potion"}],"is_trial":false,"path_per_floor":["M","?","?","$","M","R","?","M","T","M","M","R","$","M","R","B",null,"M","?","?","?","$","M","M","E","T","R","?","R","M","M","R","B"],"character_chosen":"DEFECT","items_purchased":["Runic Capacitor","Coolheaded"],"campfire_rested":0,"item_purchase_floors":[4,22],"current_hp_per_floor":[75,75,75,75,73,73,58,55,55,52,50,50,50,50,50,45,75,70,70,56,56,56,52,42,38,38,38,38,38,38,38,38,0],"gold":237,"neow_bonus":"UPGRADE_CARD","is_prod":false,"is_daily":false,"chose_seed":false,"campfire_upgraded":6,"win_rate":0,"timestamp":1551515411,"path_taken":["M","?","?","$","M","R","?","M","T","M","M","R","?","M","R","BOSS","M","?","?","?","$","M","M","E","T","R","?","R","?","M","R","BOSS"],"build_version":"2019-01-23","purchased_purges":1,"victory":false,"max_hp_per_floor":[75,75,75,75,75,75,75,75,75,75,75,75,75,75,75,75,75,75,75,80,80,80,80,80,80,80,80,40,40,40,40,40,40],"card_choices":[{"not_picked":["Streamline","Force Field","Redo"],"picked":"SKIP","floor":1.0},{"not_picked":["Rip and Tear","Steam Power"],"picked":"Go for the Eyes","floor":5.0},{"not_picked":["Stack","Go for the Eyes"],"picked":"Leap","floor":8.0},{"not_picked":["Go for the Eyes","Sweeping Beam"],"picked":"Coolheaded","floor":10.0},{"not_picked":["Steam","Gash"],"picked":"Hologram","floor":11.0},{"not_picked":["Coolheaded","Go for the Eyes"],"picked":"Defragment","floor":14.0},{"not_picked":["Rainbow","Meteor Strike"],"picked":"Electrodynamics","floor":16.0},{"not_picked":["BootSequence","Hologram"],"picked":"Fusion+1","floor":18.0},{"not_picked":["Sweeping Beam+1","Hologram"],"picked":"Leap+1","floor":23},{"not_picked":["Compile Driver+1","Conserve Battery"],"picked":"Hologram+1","floor":24},{"not_picked":["Sweeping Beam+1","Turbo+1"],"picked":"Go for the Eyes+1","floor":25},{"not_picked":["Hologram","Stack"],"picked":"Tempest","floor":30},{"not_picked":["Rebound+1","Blizzard+1"],"picked":"Capacitor+1","floor":31}],"player_experience":965934,"relics_obtained":[{"floor":9.0,"key":"Du-Vu Doll"},{"floor":25,"key":"FossilizedHelix"},{"floor":26,"key":"Matryoshka"}],"event_choices":[{"damage_healed":0.0,"max_hp_gain":0.0,"max_hp_loss":0.0,"gold_gain":0.0,"event_name":"Big Fish","player_choice":"Box","floor":2.0,"gold_loss":0.0,"damage_taken":0.0,"relics_obtained":["Bronze Scales"],"cards_obtained":["Regret"]},{"damage_healed":0.0,"max_hp_gain":0.0,"max_hp_loss":0.0,"gold_gain":175.0,"event_name":"Liars Game","player_choice":"AGREE","floor":3.0,"gold_loss":0.0,"damage_taken":0.0,"cards_obtained":["Doubt"]},{"damage_healed":0.0,"max_hp_gain":0.0,"max_hp_loss":0.0,"gold_gain":0.0,"event_name":"Shining Light","player_choice":"Entered Light","floor":7.0,"gold_loss":0.0,"damage_taken":15.0,"cards_upgraded":["Strike_B","Defend_B"]},{"damage_healed":0.0,"max_hp_gain":0.0,"max_hp_loss":0.0,"gold_gain":0.0,"event_name":"The Mausoleum","player_choice":"Opened","floor":19.0,"gold_loss":0.0,"damage_taken":0.0,"relics_obtained":["Molten Egg 2"],"cards_obtained":["Writhe"]},{"damage_healed":0.0,"max_hp_gain":5.0,"max_hp_loss":0.0,"gold_gain":0.0,"event_name":"Forgotten Altar","player_choice":"Shed Blood","floor":20.0,"gold_loss":0.0,"damage_taken":19.0},{"damage_healed":0,"gold_gain":0,"player_choice":"Ignored","damage_taken":0,"max_hp_gain":0,"max_hp_loss":0,"event_name":"Vampires","floor":21,"gold_loss":0},{"damage_healed":0,"gold_gain":0,"player_choice":"Became a Ghost","damage_taken":0,"max_hp_gain":0,"max_hp_loss":40,"event_name":"Ghosts","floor":28,"gold_loss":0,"cards_obtained":["Ghostly","Ghostly","Ghostly","Ghostly","Ghostly"]}],"is_beta":false,"boss_relics":[{"not_picked":["Busted Crown","Ectoplasm"],"picked":"Sozu"}],"items_purged_floors":[4],"is_endless":false,"potions_floor_spawned":[5,8,11,14,16,24,25,30,31],"killed_by":"Champ","ascension_level":0}