{"gold_per_floor":[11,11,11,22,22,22,22,22,22,22,53,73,73,106,106,206,206,217,252,252,28,40,40,50,50,98,13,36,61,61,160,160,255,255,266,283,233,247,247,247,47,47,95,95,126,126,126,136,136,136],"floor_reached":51,"playtime":2906,"items_purged":["Strike_B"],"score":1033,"play_id":"f0462767-fe02-4a87-9f16-6eea4647f323","local_time":"20190309055636","is_ascension_mode":true,"campfire_choices":[{"floor":6,"key":"DIG"},{"floor":8,"key":"DIG"},{"floor":10,"key":"REST"},{"floor":13,"key":"REST"},{"data":"Rainbow","floor":15,"key":"SMITH"},{"data":"Echo Form","floor":23,"key":"SMITH"},{"data":"Hologram","floor":25,"key":"SMITH"},{"data":"Seek","floor":30,"key":"SMITH"},{"floor":32,"key":"DIG"},{"data":"Buffer","floor":40,"key":"SMITH"},{"floor":42,"key":"DIG"},{"floor":44,"key":"DIG"},{"floor":49,"key":"DIG"}],"neow_cost":"NO_GOLD","seed_source_timestamp":136891316544295,"circlet_count":0,"master_deck":["AscendersBane","Strike_B","Strike_B","Defend_B","Zap+1","Dualcast+1","Glacier+1","Seek+1","Rainbow+1","Echo Form+1","Sweeping Beam+1","Reboot+1","BootSequence+1","Hologram+1","Flash of Steel+1","Ball Lightning+1","Buffer+1","Cold Snap+1","Ball Lightning+1"],"relics":["Cracked Core","Shovel","The Courier","Strawberry","Mercury Hourglass","Meat on the Bone","Darkstone Periapt","Astrolabe","Red Mask","Molten Egg 2","Medical Kit","Bag of Marbles","Gremlin Horn","Smiling Mask","Anchor","Blood Vial","Inserter","Mummified Hand","Boot","Bag of Preparation","Lantern","Shuriken","Cables"],"potions_floor_usage":[11,16,19,47,50,50],"damage_taken":[{"damage":15,"enemies":"Small Slimes","floor":1,"turns":4},{"damage":8,"enemies":"2 Louse","floor":4,"turns":4},{"damage":57,"enemies":"Gremlin Nob","floor":11,"turns":7},{"damage":0,"enemies":"Cultist","floor":12,"turns":3},{"damage":11,"enemies":"Lagavulin","floor":14,"turns":7},{"damage":34,"enemies":"Hexaghost","floor":16,"turns":11},{"damage":0,"enemies":"3 Byrds","floor":18,"turns":4},{"damage":8,"enemies":"Masked Bandits","floor":19,"turns":4},{"damage":0,"enemies":"Chosen","floor":22,"turns":3},{"damage":3,"enemies":"Snake Plant","floor":24,"turns":3},{"damage":8,"enemies":"Gremlin Leader","floor":29,"turns":6},{"damage":37,"enemies":"Collector","floor":33,"turns":11},{"damage":0,"enemies":"3 Darklings","floor":35,"turns":4},{"damage":0,"enemies":"Orb Walker","floor":36,"turns":3},{"damage":6,"enemies":"4 Shapes","floor":38,"turns":3},{"damage":0,"enemies":"Reptomancer","floor":45,"turns":5},{"damage":0,"enemies":"Jaw Worm Horde","floor":47,"turns":1},{"damage":0,"enemies":"Sphere and 2 Shapes","floor":48,"turns":3},{"damage":59,"enemies":"Donu and Deca","floor":50,"turns":10}],"seed_played":"1625054060229747683","potions_obtained":[{"floor":4,"key":"Block Potion"},{"floor":14,"key":"Energy Potion"},{"floor":18,"key":"Swift Potion"},{"floor":19,"key":"FearPotion"},{"floor":24,"key":"SmokeBomb"},{"floor":36,"key":"Energy Potion"},{"floor":38,"key":"Poison Potion"},{"floor":48,"key":"GamblersBrew"}],"is_trial":false,"path_per_floor":["M","$","?","M","?","R","?","R","T","R","E","M","R","E","R","B",null,"M","?","?","$","M","R","M","R","T","?","T","E","R","?","R","B",null,"M","M","$","M","?","R","$","R","T","R","E","?","M","M","R","B",null],"character_chosen":"DEFECT","items_purchased":["Medical Kit","Flash of Steel+1","Mummified Hand"],"campfire_rested":2,"item_purchase_floors":[21,21,41],"current_hp_per_floor":[53,53,53,45,30,30,30,37,37,61,4,16,40,41,41,19,66,66,58,58,58,58,58,55,55,55,55,55,47,47,47,47,24,68,70,72,72,68,68,68,68,68,68,68,70,70,72,74,74,29],"gold":136,"neow_bonus":"ONE_RARE_RELIC","is_prod":false,"is_daily":false,"chose_seed":false,"campfire_upgraded":5,"win_rate":0,"timestamp":1552132596,"path_taken":["M","$","?","M","?","R","?","R","T","R","E","M","R","E","R","BOSS","M","?","?","$","M","R","?","R","T","?","?","E","R","?","R","BOSS","M","M","$","M","?","R","$","R","T","R","E","?","?","M","R","BOSS"],"build_version":"2019-01-23","purchased_purges":1,"victory":true,"max_hp_per_floor":[75,75,75,75,75,75,75,82,82,82,82,82,82,82,82,82,82,82,82,82,82,82,82,82,82,82,82,82,82,82,82,82,82,82,82,82,82,82,82,82,82,82,82,82,82,82,82,82,82,82],"card_choices":[{"not_picked":["Barrage","Undo","Auto Shields"],"picked":"SKIP","floor":1},{"not_picked":["BootSequence","Steam"],"picked":"Glacier","floor":4},{"not_picked":["Rebound","Hologram"],"picked":"Seek","floor":11},{"not_picked":["Go for the Eyes","Beam Cell","Loop"],"picked":"SKIP","floor":12},{"not_picked":["Aggregate","Rebound"],"picked":"Rainbow","floor":14},{"not_picked":["Fission","Amplify"],"picked":"Echo Form","floor":16},{"not_picked":["Rip and Tear","Gash","Turbo"],"picked":"SKIP","floor":18},{"not_picked":["Scrape+1","Barrage"],"picked":"Hologram","floor":19},{"not_picked":["Scrape+1","Streamline+1"],"picked":"Ball Lightning+1","floor":22},{"not_picked":["Rebound+1","Double Energy","Leap"],"picked":"SKIP","floor":24},{"not_picked":["Reinforced Body","Beam Cell+1","Turbo"],"picked":"SKIP","floor":29},{"not_picked":["All For One+1","Thunder Strike+1"],"picked":"Buffer","floor":33},{"not_picked":["Gash+1","Rebound+1"],"picked":"Cold Snap+1","floor":35},{"not_picked":["Beam Cell+1","Scrape+1"],"picked":"Ball Lightning+1","floor":36},{"not_picked":["Streamline+1","Barrage+1","Stack+1"],"picked":"SKIP","floor":38},{"not_picked":["Beam Cell+1","Chill","Stack"],"picked":"SKIP","floor":45},{"not_picked":["Echo Form","Steam+1","Skim+1"],"picked":"SKIP","floor":48}],"player_experience":319535,"relics_obtained":[{"floor":6,"key":"The Courier"},{"floor":8,"key":"Strawberry"},{"floor":9,"key":"Mercury Hourglass"},{"floor":11,"key":"Meat on the Bone"},{"floor":14,"key":"Darkstone Periapt"},{"floor":19,"key":"Red Mask"},{"floor":26,"key":"Bag of Marbles"},{"floor":28,"key":"Smiling Mask"},{"floor":29,"key":"Anchor"},{"floor":32,"key":"Blood Vial"},{"floor":42,"key":"Boot"},{"floor":43,"key":"Bag of Preparation"},{"floor":44,"key":"Lantern"},{"floor":45,"key":"Shuriken"},{"floor":49,"key":"Cables"}],"event_choices":[{"damage_healed":0,"gold_gain":0,"player_choice":"Leave","damage_taken":0,"max_hp_gain":0,"max_hp_loss":0,"event_name":"The Cleric","floor":3,"gold_loss":0},{"damage_healed":0,"gold_gain":0,"player_choice":"Entered Light","damage_taken":15,"max_hp_gain":0,"max_hp_loss":0,"event_name":"Shining Light","floor":5,"gold_loss":0,"cards_upgraded":["Glacier","Dualcast"]},{"damage_healed":0,"gold_gain":0,"player_choice":"Forge","damage_taken":0,"max_hp_gain":0,"max_hp_loss":0,"event_name":"Accursed Blacksmith","floor":7,"gold_loss":0,"cards_upgraded":["Zap"]},{"damage_healed":0,"gold_gain":0,"player_choice":"Fought Bandits","damage_taken":0,"max_hp_gain":0,"max_hp_loss":0,"event_name":"Masked Bandits","floor":19,"gold_loss":0},{"damage_healed":0,"gold_gain":0,"player_choice":"Gave Potion","damage_taken":0,"relics_obtained":["Molten Egg 2"],"max_hp_gain":0,"max_hp_loss":0,"event_name":"WeMeetAgain","floor":20,"gold_loss":0},{"damage_healed":0,"gold_gain":0,"player_choice":"Obtained Relic","damage_taken":0,"relics_obtained":["Gremlin Horn"],"max_hp_gain":0,"max_hp_loss":0,"event_name":"Addict","floor":27,"gold_loss":85},{"damage_healed":0,"gold_gain":99,"player_choice":"Stole From Cult","damage_taken":0,"max_hp_gain":0,"max_hp_loss":0,"event_name":"Nest","floor":31,"gold_loss":0},{"cards_removed":["Strike_B"],"damage_healed":0,"gold_gain":0,"player_choice":"Removed Attack","damage_taken":0,"max_hp_gain":0,"max_hp_loss":0,"event_name":"Falling","floor":39,"gold_loss":0},{"damage_healed":0,"gold_gain":0,"player_choice":"Ignored","damage_taken":0,"max_hp_gain":0,"max_hp_loss":0,"event_name":"SecretPortal","floor":46,"gold_loss":0}],"is_beta":false,"boss_relics":[{"not_picked":["Lizard Tail","Runic Dome"],"picked":"Astrolabe"},{"not_picked":["Philosopher\u0027s Stone","Tiny House"],"picked":"Inserter"}],"items_purged_floors":[37],"is_endless":false,"potions_floor_spawned":[4,14,18,19,24,36,38,47,48],"ascension_level":10}