{"gold_per_floor":[115,135,52,52,64,93,109,109,109,109,109,136,146,159,159,234,234,247,262,187,30,30,30,44,44,44,44,44,44],"floor_reached":29,"playtime":1026,"items_purged":[],"score":396,"play_id":"efda4e84-f87e-4746-bad2-07fc9023b17f","local_time":"20190222194253","is_ascension_mode":true,"campfire_choices":[{"data":"Clothesline","floor":8.0,"key":"SMITH"},{"data":"True Grit","floor":10.0,"key":"SMITH"},{"floor":15.0,"key":"REST"},{"floor":23,"key":"REST"},{"data":"Metallicize","floor":25,"key":"SMITH"},{"data":"Rampage","floor":27,"key":"SMITH"}],"neow_cost":"NONE","seed_source_timestamp":0,"circlet_count":0,"master_deck":["AscendersBane","Strike_R","Strike_R","Strike_R+1","Strike_R","Defend_R","Defend_R","Defend_R","Defend_R+1","Bash","Immolate","True Grit+1","Rampage+1","Clothesline+1","Juggernaut","Metallicize+1","Reaper","Shrug It Off","Impervious","Decay"],"special_seed":0,"relics":["Burning Blood","Unceasing Top","Letter Opener","Shuriken","Mark of Pain","Bottled Tornado"],"potions_floor_usage":[],"damage_taken":[{"damage":1.0,"enemies":"Cultist","floor":1.0,"turns":3.0},{"damage":4.0,"enemies":"Jaw Worm","floor":2.0,"turns":4.0},{"damage":7.0,"enemies":"2 Louse","floor":5.0,"turns":2.0},{"damage":15.0,"enemies":"3 Sentries","floor":6.0,"turns":5.0},{"damage":23.0,"enemies":"Large Slime","floor":7.0,"turns":6.0},{"damage":14.0,"enemies":"Lagavulin","floor":12.0,"turns":9.0},{"damage":2.0,"enemies":"3 Louse","floor":13.0,"turns":3.0},{"damage":8.0,"enemies":"Looter","floor":14.0,"turns":3.0},{"damage":25.0,"enemies":"Slime Boss","floor":16.0,"turns":6.0},{"damage":33,"enemies":"3 Byrds","floor":18,"turns":5},{"damage":32,"enemies":"2 Thieves","floor":19,"turns":4},{"damage":8,"enemies":"Snecko","floor":24,"turns":5},{"damage":43,"enemies":"Colosseum Slavers","floor":29,"turns":3}],"seed_played":"-860464372517795074","potions_obtained":[{"floor":5.0,"key":"Fire Potion"},{"floor":7.0,"key":"SpeedPotion"},{"floor":12.0,"key":"PowerPotion"},{"floor":14.0,"key":"Ancient Potion"},{"floor":24,"key":"Energy Potion"}],"is_trial":false,"path_per_floor":["M","M","$","?","M","E","M","R","T","R","?","E","M","M","R","B",null,"M","M","?","$","?","R","M","R","T","R","$","?"],"character_chosen":"IRONCLAD","items_purchased":["Rampage","Clothesline","Impervious"],"campfire_rested":2,"item_purchase_floors":[3,3,21],"current_hp_per_floor":[73,75,75,60,59,50,33,33,33,33,38,30,34,32,54,35,65,38,16,16,16,16,38,36,36,36,36,36,0],"gold":44,"neow_bonus":"ONE_RANDOM_RARE_CARD","is_prod":false,"is_daily":false,"chose_seed":false,"campfire_upgraded":4,"win_rate":0,"timestamp":1550886173,"path_taken":["M","M","$","?","M","E","M","R","T","R","?","E","M","?","R","BOSS","M","M","?","$","?","R","M","R","T","R","$","?"],"build_version":"2019-01-23","purchased_purges":0,"victory":false,"max_hp_per_floor":[75,75,75,75,75,75,75,75,75,75,75,75,75,75,75,75,75,75,75,75,75,75,75,75,75,75,75,75,75],"card_choices":[{"not_picked":["Havoc","Flex","Rupture"],"picked":"SKIP","floor":1.0},{"not_picked":["Armaments","Pommel Strike"],"picked":"True Grit","floor":2.0},{"not_picked":["Iron Wave","Thunderclap"],"picked":"Juggernaut","floor":5.0},{"not_picked":["Pommel Strike","Power Through","Thunderclap"],"picked":"SKIP","floor":6.0},{"not_picked":["Thunderclap","Hemokinesis"],"picked":"Anger","floor":7.0},{"not_picked":["Clothesline","Havoc"],"picked":"Metallicize","floor":12.0},{"not_picked":["Clothesline","Twin Strike","Blood for Blood"],"picked":"SKIP","floor":13.0},{"not_picked":["Rampage","Hemokinesis","Dropkick"],"picked":"SKIP","floor":14.0},{"not_picked":["Immolate","Juggernaut"],"picked":"Reaper","floor":16.0},{"not_picked":["Uppercut","Body Slam"],"picked":"Shrug It Off","floor":18},{"not_picked":["Pommel Strike","Wild Strike","Sword Boomerang"],"picked":"SKIP","floor":19},{"not_picked":["Pommel Strike","Havoc","Combust"],"picked":"SKIP","floor":24}],"player_experience":518930,"relics_obtained":[{"floor":6.0,"key":"Unceasing Top"},{"floor":9.0,"key":"Letter Opener"},{"floor":12.0,"key":"Shuriken"},{"floor":26,"key":"Bottled Tornado"}],"event_choices":[{"damage_healed":0.0,"max_hp_gain":0.0,"max_hp_loss":0.0,"gold_gain":0.0,"event_name":"Shining Light","player_choice":"Entered Light","floor":4.0,"gold_loss":0.0,"damage_taken":15.0,"cards_upgraded":["Strike_R","Defend_R"]},{"cards_removed":["Anger"],"damage_healed":5.0,"max_hp_gain":0.0,"max_hp_loss":0.0,"gold_gain":0.0,"event_name":"Bonfire Elementals","player_choice":"Offered Common","floor":11.0,"gold_loss":0.0,"damage_taken":0.0},{"cards_removed":["Anger"],"damage_healed":5.0,"max_hp_gain":0.0,"max_hp_loss":0.0,"gold_gain":0.0,"event_name":"Bonfire Elementals","player_choice":"Offered Special","floor":11.0,"gold_loss":0.0,"damage_taken":0.0},{"cards_removed":["Strike_R"],"damage_healed":0,"gold_gain":0,"player_choice":"Gave Gold","damage_taken":0,"max_hp_gain":0,"max_hp_loss":0,"event_name":"Beggar","floor":20,"gold_loss":75},{"damage_healed":0,"gold_gain":0,"player_choice":"Smashed Altar","damage_taken":0,"max_hp_gain":0,"max_hp_loss":0,"event_name":"Forgotten Altar","floor":22,"gold_loss":0,"cards_obtained":["Decay"]},{"damage_healed":0,"gold_gain":0,"player_choice":"Fight","damage_taken":0,"max_hp_gain":0,"max_hp_loss":0,"event_name":"Colosseum","floor":29,"gold_loss":0}],"is_beta":false,"boss_relics":[{"not_picked":["Calling Bell","Black Star"],"picked":"Mark of Pain"}],"items_purged_floors":[],"is_endless":false,"potions_floor_spawned":[5,7,12,14,24],"killed_by":"Colosseum Slavers","ascension_level":14}