{"gold_per_floor":[114,134,153,228,228,260,260,241,295,295,295],"floor_reached":11,"playtime":531,"items_purged":[],"score":84,"play_id":"7db7e0a4-aa88-434e-857f-d0bbb31502f5","local_time":"20190308063247","is_ascension_mode":true,"campfire_choices":[{"floor":7,"key":"REST"},{"data":"Static Discharge","floor":10,"key":"SMITH"}],"neow_cost":"NONE","seed_source_timestamp":76103643701121,"circlet_count":0,"master_deck":["Strike_B","Strike_B","Strike_B","Strike_B","Defend_B","Defend_B","Defend_B","Defend_B","Zap","Dualcast","Compile Driver","Static Discharge+1","Leap","Ball Lightning","Ball Lightning"],"relics":["Cracked Core","Centennial Puzzle","Question Card","Ancient Tea Set"],"potions_floor_usage":[],"damage_taken":[{"damage":7,"enemies":"Jaw Worm","floor":1,"turns":2},{"damage":7,"enemies":"Small Slimes","floor":2,"turns":2},{"damage":8,"enemies":"2 Louse","floor":3,"turns":2},{"damage":35,"enemies":"Gremlin Nob","floor":6,"turns":5},{"damage":14,"enemies":"Exordium Thugs","floor":8,"turns":5},{"damage":20,"enemies":"Lagavulin","floor":11,"turns":5}],"seed_played":"8896857793533975114","potions_obtained":[{"floor":2,"key":"AttackPotion"},{"floor":6,"key":"Poison Potion"}],"is_trial":false,"path_per_floor":["M","M","M","?","?","E","R","M","T","R","E"],"character_chosen":"DEFECT","items_purchased":[],"campfire_rested":1,"item_purchase_floors":[],"current_hp_per_floor":[68,61,53,42,42,7,29,15,15,15,0],"gold":295,"neow_bonus":"RANDOM_COMMON_RELIC","is_prod":false,"is_daily":false,"chose_seed":false,"campfire_upgraded":1,"win_rate":0,"timestamp":1552019567,"path_taken":["M","M","M","?","?","E","R","M","T","R","E"],"build_version":"2019-01-23","purchased_purges":0,"victory":false,"max_hp_per_floor":[75,75,75,75,75,75,75,75,75,75,75],"card_choices":[{"not_picked":["Conserve Battery","Redo"],"picked":"Compile Driver","floor":1},{"not_picked":["Steam","Turbo"],"picked":"Static Discharge","floor":2},{"not_picked":["Sweeping Beam","Rebound"],"picked":"Leap","floor":3},{"not_picked":["Redo","Undo"],"picked":"Ball Lightning","floor":6},{"not_picked":["Redo","Darkness","Chaos"],"picked":"Ball Lightning","floor":8}],"player_experience":706644,"relics_obtained":[{"floor":6,"key":"Question Card"},{"floor":9,"key":"Ancient Tea Set"}],"event_choices":[{"damage_healed":0,"gold_gain":75,"player_choice":"Gather Gold","damage_taken":11,"max_hp_gain":0,"max_hp_loss":0,"event_name":"World of Goop","floor":4,"gold_loss":0},{"damage_healed":0,"gold_gain":0,"player_choice":"Ignored","damage_taken":0,"max_hp_gain":0,"max_hp_loss":0,"event_name":"Liars Game","floor":5,"gold_loss":0}],"is_beta":false,"boss_relics":[],"items_purged_floors":[],"is_endless":false,"potions_floor_spawned":[2,6],"killed_by":"Lagavulin","ascension_level":3}