{"path_per_floor":["M","$","?","$","M","R","?","R","T","M","E","M","R","E","R","B",null,"M","M","M","$","M","$","R","M","T","?","?","M","E","M","R"],"character_chosen":"THE_SILENT","items_purchased":["Well Laid Plans","Escape Plan","Accuracy","Kunai"],"gold_per_floor":[212,31,31,31,47,47,47,47,47,72,103,121,121,155,155,274,274,288,308,324,1,20,20,20,35,60,60,60,71,97,115,115,115],"floor_reached":33,"campfire_rested":2,"playtime":2648,"current_hp_per_floor":[63,63,46,46,44,44,44,44,44,44,40,23,44,24,24,23,58,54,52,32,32,32,32,53,52,52,52,70,67,33,30,30,0],"items_purged":["Strike_G"],"gold":115,"score":388,"play_id":"10bfe98a-1c9a-41d8-8841-de67db35c3c9","local_time":"20180504175125","is_prod":false,"is_daily":false,"chose_seed":false,"is_ascension_mode":true,"campfire_upgraded":4,"timestamp":1525470685,"path_taken":["M","$","?","$","M","R","?","R","T","?","E","M","R","E","R","BOSS","M","M","M","$","M","$","R","M","T","?","?","?","E","M","R","BOSS"],"build_version":"2018-05-03","seed_source_timestamp":240871954810810,"purchased_purges":1,"victory":false,"master_deck":["Defend_G","Defend_G+1","Defend_G","Defend_G","Defend_G","Strike_G","Strike_G","Strike_G","Strike_G","Survivor","Neutralize","Cloak And Dagger+1","Well Laid Plans+1","Escape Plan","Distraction+1","Dagger Spray","Blade Dance+1","Calculated Gamble","After Image","Glass Knife","Tools of the Trade","Accuracy+1","Underhanded Strike","Dagger Spray+1","Choke+1","Acrobatics+1"],"max_hp_per_floor":[70,70,70,70,70,70,70,70,70,70,70,70,70,70,70,70,70,70,70,70,70,70,70,70,70,70,70,70,70,70,70,70,70],"relics":["Ring of the Snake","Bloody Idol","Question Card","Bag of Preparation","Ornamental Fan","Runic Dome","Kunai","Regal Pillow","War Paint"],"card_choices":[{"not_picked":["Slice","Outmaneuver"],"picked":"Cloak And Dagger","floor":1},{"not_picked":["Quick Slash","Catalyst","Cloak And Dagger"],"picked":"Dagger Spray","floor":10},{"not_picked":["Sucker Punch","Endless Agony","Dagger Spray"],"picked":"Blade Dance","floor":11},{"not_picked":["Deflect","Grand Finale","Cloak And Dagger"],"picked":"Calculated Gamble","floor":12},{"not_picked":["Sucker Punch","Bane","Slice"],"picked":"After Image","floor":14},{"not_picked":["Burst","Wraith Form v2","Tactician"],"picked":"Glass Knife","floor":16},{"not_picked":["Terror","Slice","Dagger Throw"],"picked":"Tools of the Trade","floor":20},{"not_picked":["Slice","Eviscerate","Setup"],"picked":"Underhanded Strike","floor":22},{"not_picked":["Corpse Explosion","Quick Slash","Slice"],"picked":"Dagger Spray","floor":25},{"not_picked":["Deflect","Flying Knee","Deadly Poison"],"picked":"Choke","floor":29},{"not_picked":["Dagger Spray","Setup","Endless Agony"],"picked":"Acrobatics","floor":31}],"player_experience":465068,"potions_floor_usage":[12,14,16,18,25,33,33,33],"damage_taken":[{"damage":0,"enemies":"Jaw Worm","floor":1,"turns":5},{"damage":2,"enemies":"Small Slimes","floor":5,"turns":6},{"damage":0,"enemies":"2 Louse","floor":10,"turns":3},{"damage":4,"enemies":"3 Sentries","floor":11,"turns":8},{"damage":17,"enemies":"Gremlin Gang","floor":12,"turns":6},{"damage":20,"enemies":"Gremlin Nob","floor":14,"turns":4},{"damage":1,"enemies":"The Guardian","floor":16,"turns":9},{"damage":4,"enemies":"Chosen","floor":18,"turns":5},{"damage":2,"enemies":"Spheric Guardian","floor":19,"turns":3},{"damage":20,"enemies":"Slaver and Parasite","floor":20,"turns":9},{"damage":0,"enemies":"Centurion and Healer","floor":22,"turns":7},{"damage":1,"enemies":"Sentry and Sphere","floor":25,"turns":5},{"damage":8,"enemies":"Snake Plant","floor":29,"turns":6},{"damage":39,"enemies":"Gremlin Leader","floor":30,"turns":6},{"damage":8,"enemies":"Slaver and Parasite","floor":31,"turns":5},{"damage":36,"enemies":"Collector","floor":33,"turns":6}],"event_choices":[{"event_name":"Golden Idol","player_choice":"Take Damage","floor":3,"damage_taken":0},{"event_name":"Match and Keep!","player_choice":"1 cards matched","floor":7,"damage_taken":0},{"event_name":"Forgotten Altar","player_choice":"Gave Idol","floor":27,"damage_taken":0},{"event_name":"Wheel of Change","player_choice":"Full Heal","floor":28,"damage_taken":0}],"boss_relics":[{"not_picked":["Pandora\u0027s Box","Runic Pyramid"],"picked":"Runic Dome"}],"potions_floor_spawned":[5,10,12,14,18,22,25,30],"seed_played":"-4302393598774285871","killed_by":"Collector","ascension_level":8,"is_trial":false}