{"path_per_floor":["M","?","M","M","$","R","M","M","T","E","M","R","$","M","R"],"character_chosen":"THE_SILENT","items_purchased":["Ice Cream"],"gold_per_floor":[113,288,301,321,9,9,25,45,70,104,115,115,40,59,59,59],"floor_reached":16,"campfire_rested":0,"playtime":1198,"current_hp_per_floor":[59,59,59,59,59,59,50,49,49,34,34,34,34,34,34,0],"items_purged":["Strike_G"],"gold":59,"score":130,"play_id":"252d095c-1b76-442c-a3e2-cd435a4da731","local_time":"20180504024139","is_prod":false,"is_daily":false,"chose_seed":false,"is_ascension_mode":true,"campfire_upgraded":3,"timestamp":1525416099,"path_taken":["M","?","M","M","$","R","M","M","T","E","M","R","$","M","R","BOSS"],"build_version":"2018-05-03","seed_source_timestamp":187732257646922,"purchased_purges":1,"victory":false,"master_deck":["Defend_G","Defend_G","Defend_G","Defend_G","Defend_G","Strike_G","Strike_G","Strike_G+1","Strike_G","Survivor","Neutralize+1","After Image","Doubt","Escape Plan","Accuracy","Quick Slash+1","Well Laid Plans+1","Backflip+1","Concentrate"],"max_hp_per_floor":[63,63,63,63,63,63,63,63,63,63,63,63,63,63,63,63],"relics":["Ring of the Snake","Ice Cream","Whetstone","Happy Flower"],"card_choices":[{"not_picked":["Night Terror","A Thousand Cuts"],"picked":"After Image","floor":0},{"not_picked":["Poisoned Stab","Cloak And Dagger"],"picked":"Escape Plan","floor":3},{"not_picked":["Slice","Finisher"],"picked":"Accuracy","floor":4},{"not_picked":["Prepared","Caltrops"],"picked":"Quick Slash","floor":7},{"not_picked":["Riddle With Holes","Caltrops"],"picked":"Well Laid Plans","floor":10},{"not_picked":["Well Laid Plans","Deflect"],"picked":"Backflip","floor":11},{"not_picked":["Grand Finale","Flying Knee"],"picked":"Concentrate","floor":14}],"player_experience":427868,"potions_floor_usage":[8,16],"damage_taken":[{"damage":4,"enemies":"Small Slimes","floor":1,"turns":5},{"damage":0,"enemies":"2 Louse","floor":3,"turns":5},{"damage":0,"enemies":"Cultist","floor":4,"turns":4},{"damage":9,"enemies":"Large Slime","floor":7,"turns":11},{"damage":1,"enemies":"Looter","floor":8,"turns":5},{"damage":15,"enemies":"Lagavulin","floor":10,"turns":11},{"damage":0,"enemies":"2 Fungi Beasts","floor":11,"turns":4},{"damage":0,"enemies":"Blue Slaver","floor":14,"turns":4},{"damage":36,"enemies":"Hexaghost","floor":16,"turns":16}],"event_choices":[{"event_name":"Liars Game","player_choice":"agreed","floor":2,"damage_taken":0}],"boss_relics":[],"potions_floor_spawned":[1,10,11],"seed_played":"1790599493951879144","killed_by":"Hexaghost","ascension_level":5,"is_trial":false}