{"gold_per_floor":[111,111,129,146,146,172,192,212,212,56,84,84,84,97,97,198,198,211,221,241,166,266,266,280,295,295,295,295],"floor_reached":28,"playtime":5172,"items_purged":["Normality"],"score":244,"play_id":"14c1ba82-df8d-4fc4-a971-15fc0ba080d3","local_time":"20190201205857","is_ascension_mode":true,"campfire_choices":[{"data":"Impervious","floor":13,"key":"SMITH"},{"floor":15,"key":"REST"},{"floor":23,"key":"REST"},{"data":"Juggernaut","floor":27,"key":"SMITH"}],"neow_cost":"CURSE","seed_source_timestamp":1297661798614209,"circlet_count":0,"master_deck":["Strike_R","Strike_R","Strike_R","Strike_R","Defend_R","Defend_R","Defend_R","Defend_R","Bash","Metallicize+1","Combust","Impervious+1","Bash","Armaments","Clash","Iron Wave","Combust","Anger","Carnage","Rupture","Brutality","Shrug It Off","Hemokinesis","Clash+1","Juggernaut+1","Iron Wave","Uppercut"],"relics":["Burning Blood","Torii","Bottled Lightning","Meat on the Bone","Blue Candle","Letter Opener","Black Star","Ginger","Paper Frog","Sundial"],"potions_floor_usage":[6,11,16,19,24,25,28,28],"damage_taken":[{"damage":1,"enemies":"Cultist","floor":1,"turns":4},{"damage":3,"enemies":"Jaw Worm","floor":3,"turns":5},{"damage":7,"enemies":"Small Slimes","floor":4,"turns":4},{"damage":27,"enemies":"Lagavulin","floor":6,"turns":6},{"damage":1,"enemies":"Blue Slaver","floor":7,"turns":6},{"damage":11,"enemies":"Exordium Wildlife","floor":8,"turns":5},{"damage":7,"enemies":"3 Sentries","floor":11,"turns":6},{"damage":4,"enemies":"Gremlin Gang","floor":14,"turns":4},{"damage":15,"enemies":"Slime Boss","floor":16,"turns":7},{"damage":17,"enemies":"Chosen","floor":18,"turns":5},{"damage":32,"enemies":"Shell Parasite","floor":19,"turns":7},{"damage":28,"enemies":"Chosen and Byrds","floor":20,"turns":6},{"damage":17,"enemies":"Colosseum Slavers","floor":22,"turns":5},{"damage":28,"enemies":"Colosseum Nobs","floor":22,"turns":5},{"damage":29,"enemies":"Centurion and Healer","floor":24,"turns":5},{"damage":29,"enemies":"Cultist and Chosen","floor":25,"turns":6},{"damage":58,"enemies":"Gremlin Leader","floor":28,"turns":6}],"seed_played":"4450654689635081852","potions_obtained":[{"floor":3,"key":"Strength Potion"},{"floor":4,"key":"Ancient Potion"},{"floor":6,"key":"GamblersBrew"},{"floor":11,"key":"SkillPotion"},{"floor":16,"key":"FearPotion"},{"floor":18,"key":"LiquidBronze"},{"floor":22,"key":"SteroidPotion"},{"floor":24,"key":"Regen Potion"}],"is_trial":false,"path_per_floor":["M","?","M","M","?","E","M","M","T","$","E","T","R","M","R","B",null,"M","M","M","?","?","R","M","M","T","R","E"],"character_chosen":"IRONCLAD","items_purchased":["Combust","Anger"],"campfire_rested":2,"item_purchase_floors":[10,10],"current_hp_per_floor":[80,80,80,79,79,58,63,58,58,58,57,57,57,59,80,71,80,69,55,45,45,36,60,49,52,52,52,0],"gold":295,"neow_bonus":"ONE_RARE_RELIC","is_prod":false,"is_daily":false,"chose_seed":false,"campfire_upgraded":2,"win_rate":0,"timestamp":1549083537,"path_taken":["M","?","M","?","?","E","?","M","T","$","E","?","R","?","R","BOSS","M","M","M","?","?","R","M","?","T","R","E"],"build_version":"2019-01-23","purchased_purges":1,"victory":false,"max_hp_per_floor":[80,80,80,80,80,80,80,80,80,80,80,80,80,80,80,80,80,80,80,80,80,80,80,80,80,80,80,80],"card_choices":[{"not_picked":["Perfected Strike","Sword Boomerang"],"picked":"Metallicize","floor":1},{"not_picked":["Perfected Strike","Clash"],"picked":"Combust","floor":3},{"not_picked":["Sword Boomerang","Iron Wave"],"picked":"Impervious","floor":4},{"not_picked":["Perfected Strike","Combust"],"picked":"Armaments","floor":6},{"not_picked":["Shrug It Off","Havoc"],"picked":"Clash","floor":7},{"not_picked":["Armaments","Sword Boomerang"],"picked":"Iron Wave","floor":8},{"not_picked":["Sever Soul","Perfected Strike"],"picked":"Carnage","floor":11},{"not_picked":["Iron Wave","Evolve"],"picked":"Rupture","floor":14},{"not_picked":["Offering","Berserk"],"picked":"Brutality","floor":16},{"not_picked":["Warcry","Sword Boomerang"],"picked":"Shrug It Off","floor":18},{"not_picked":["True Grit","Iron Wave"],"picked":"Hemokinesis","floor":19},{"not_picked":["Clothesline+1","Ghostly Armor"],"picked":"Clash+1","floor":20},{"not_picked":["Thunderclap+1","Flex+1"],"picked":"Juggernaut","floor":22},{"not_picked":["Twin Strike","Disarm"],"picked":"Iron Wave","floor":24},{"not_picked":["Sword Boomerang","Clothesline+1"],"picked":"Uppercut","floor":25}],"player_experience":104614,"relics_obtained":[{"floor":6,"key":"Bottled Lightning"},{"floor":9,"key":"Meat on the Bone"},{"floor":11,"key":"Blue Candle"},{"floor":12,"key":"Letter Opener"},{"floor":22,"key":"Ginger"},{"floor":22,"key":"Paper Frog"},{"floor":26,"key":"Sundial"}],"event_choices":[{"damage_healed":0,"gold_gain":0,"player_choice":"Upgraded","damage_taken":0,"max_hp_gain":0,"max_hp_loss":0,"event_name":"Upgrade Shrine","floor":2,"gold_loss":0,"cards_upgraded":["Metallicize"]},{"damage_healed":0,"gold_gain":0,"player_choice":"1 cards matched","damage_taken":0,"max_hp_gain":0,"max_hp_loss":0,"event_name":"Match and Keep!","floor":5,"gold_loss":0,"cards_obtained":["Bash"]},{"cards_removed":["Strike_R"],"damage_healed":0,"gold_gain":0,"player_choice":"Gave Gold","damage_taken":0,"max_hp_gain":0,"max_hp_loss":0,"event_name":"Beggar","floor":21,"gold_loss":75},{"damage_healed":0,"gold_gain":0,"player_choice":"Fight","damage_taken":0,"max_hp_gain":0,"max_hp_loss":0,"event_name":"Colosseum","floor":22,"gold_loss":0},{"damage_healed":0,"gold_gain":0,"player_choice":"Fought Nobs","damage_taken":0,"max_hp_gain":0,"max_hp_loss":0,"event_name":"Colosseum","floor":22,"gold_loss":0}],"is_beta":false,"boss_relics":[{"not_picked":["Snecko Eye","Astrolabe"],"picked":"Black Star"}],"items_purged_floors":[10],"is_endless":false,"potions_floor_spawned":[3,4,6,11,16,18,22,22,24],"killed_by":"Gremlin Leader","ascension_level":1}