{"gold_per_floor":[111,123,23,123,123,149,161,184,196,208,233,273,107,107,107,107],"floor_reached":16,"playtime":3254,"items_purged":["Defend_G","Defend_G"],"score":108,"play_id":"544aa987-0735-47f8-8c41-ffccd3d0d258","local_time":"20180926030824","is_ascension_mode":false,"campfire_choices":[{"floor":7,"key":"REST"},{"data":"Acrobatics","floor":10,"key":"SMITH"},{"floor":15,"key":"REST"}],"neow_cost":"NONE","seed_source_timestamp":58653343085579,"circlet_count":0,"master_deck":["Defend_G","Defend_G","Defend_G","Strike_G","Strike_G","Strike_G","Survivor","Neutralize","Outmaneuver","Blur","Deflect","Acrobatics+1","Flying Knee","Calculated Gamble+1","Infinite Blades","Footwork"],"relics":["Ring of the Snake","MawBank","Mummified Hand","Peace Pipe"],"potions_floor_usage":[6,12,12],"damage_taken":[{"damage":0,"enemies":"2 Louse","floor":1,"turns":5},{"damage":2,"enemies":"Cultist","floor":2,"turns":5},{"damage":35,"enemies":"3 Sentries","floor":6,"turns":15},{"damage":0,"enemies":"Small Slimes","floor":8,"turns":5},{"damage":14,"enemies":"Gremlin Gang","floor":11,"turns":13},{"damage":31,"enemies":"Gremlin Nob","floor":12,"turns":6},{"damage":31,"enemies":"The Guardian","floor":16,"turns":14}],"seed_played":"1329595930365926302","potions_obtained":[{"floor":2,"key":"LiquidBronze"},{"floor":6,"key":"Block Potion"},{"floor":8,"key":"Explosive Potion"},{"floor":12,"key":"SmokeBomb"}],"is_trial":false,"path_per_floor":["M","M","$","?","?","E","R","M","T","R","M","E","$","?","R"],"character_chosen":"THE_SILENT","items_purchased":["Deflect","Footwork"],"campfire_rested":2,"item_purchase_floors":[3,13],"current_hp_per_floor":[70,68,68,68,68,33,54,54,54,54,40,9,9,9,30,0],"gold":107,"neow_bonus":"REMOVE_CARD","is_prod":false,"is_daily":false,"chose_seed":false,"campfire_upgraded":1,"win_rate":0.0,"timestamp":1537920504,"path_taken":["M","M","$","?","?","E","R","M","T","R","M","E","$","?","R","BOSS"],"build_version":"2018-09-20","purchased_purges":2,"victory":false,"max_hp_per_floor":[70,70,70,70,70,70,70,70,70,70,70,70,70,70,70,70],"card_choices":[{"not_picked":["Flying Knee","Blade Dance"],"picked":"Outmaneuver","floor":1},{"not_picked":["Quick Slash","Poisoned Stab"],"picked":"Blur","floor":2},{"not_picked":["Slice","Underhanded Strike"],"picked":"Flying Knee","floor":6},{"not_picked":["Tactician","Flechettes"],"picked":"Calculated Gamble","floor":8},{"not_picked":["Crippling Poison","Dagger Spray"],"picked":"Infinite Blades","floor":11},{"not_picked":["Heel Hook","Underhanded Strike","Dagger Throw"],"picked":"SKIP","floor":12}],"player_experience":96231,"relics_obtained":[{"floor":6,"key":"MawBank"},{"floor":9,"key":"Mummified Hand"},{"floor":12,"key":"Peace Pipe"}],"event_choices":[{"event_name":"Golden Shrine","player_choice":"Pray","floor":4,"damage_taken":0},{"event_name":"Transmorgrifier","player_choice":"Transform","floor":5,"damage_taken":0},{"event_name":"Upgrade Shrine","player_choice":"Upgraded","floor":14,"damage_taken":0}],"is_beta":false,"boss_relics":[],"items_purged_floors":[3,13],"is_endless":false,"potions_floor_spawned":[2,6,8,12],"killed_by":"The Guardian","ascension_level":0}