{"gold_per_floor":[109,129,149,149,35,35,49,76,99,99,118,134],"floor_reached":12,"playtime":1209,"items_purged":["Strike_G"],"score":82,"play_id":"2f5d77c8-ec00-4a09-9b1e-85523d4ff18c","local_time":"20180924215626","is_ascension_mode":false,"campfire_choices":[{"data":"Footwork","floor":6,"key":"SMITH"}],"neow_cost":"","seed_source_timestamp":43137289321249,"circlet_count":0,"master_deck":["Defend_G","Defend_G","Defend_G","Defend_G","Defend_G","Strike_G","Strike_G","Strike_G","Survivor","Neutralize","Choke","Prepared","Terror","Footwork+1","Skewer","Deflect"],"relics":["Ring of the Snake","Snake Skull","Bag of Preparation"],"potions_floor_usage":[7,8],"damage_taken":[{"damage":2,"enemies":"Jaw Worm","floor":1,"turns":5},{"damage":0,"enemies":"Cultist","floor":2,"turns":4},{"damage":0,"enemies":"2 Louse","floor":3,"turns":4},{"damage":5,"enemies":"Exordium Thugs","floor":7,"turns":6},{"damage":14,"enemies":"Gremlin Nob","floor":8,"turns":3},{"damage":3,"enemies":"Exordium Wildlife","floor":11,"turns":3},{"damage":2,"enemies":"Red Slaver","floor":12,"turns":3}],"seed_played":"-2042854479987421753","potions_obtained":[{"floor":1,"key":"Ancient Potion"},{"floor":4,"key":"SteroidPotion"},{"floor":4,"key":"Block Potion"},{"floor":4,"key":"Explosive Potion"},{"floor":12,"key":"Energy Potion"}],"is_trial":false,"path_per_floor":["M","M","M","?","$","R","M","E","T","?","M"],"character_chosen":"THE_SILENT","items_purchased":["Footwork"],"campfire_rested":0,"item_purchase_floors":[5],"current_hp_per_floor":[68,68,68,68,68,68,63,49,49,49,46,44],"gold":134,"neow_bonus":"","is_prod":false,"is_daily":false,"chose_seed":false,"campfire_upgraded":1,"win_rate":0.0,"timestamp":1537815386,"path_taken":["M","M","M","?","$","R","M","E","T","?","?","M"],"build_version":"2018-09-20","purchased_purges":1,"victory":false,"max_hp_per_floor":[70,70,70,70,70,70,70,70,70,70,70,70],"card_choices":[{"not_picked":["Eviscerate","Slice"],"picked":"Choke","floor":1},{"not_picked":["Sucker Punch","Acrobatics"],"picked":"Prepared","floor":2},{"not_picked":["Slice","Backflip"],"picked":"Terror","floor":3},{"not_picked":["Outmaneuver","Sucker Punch"],"picked":"Skewer","floor":7},{"not_picked":["Slice","Distraction"],"picked":"Deflect","floor":8},{"not_picked":["Flechettes","Dagger Throw","Leg Sweep"],"picked":"SKIP","floor":11}],"player_experience":60431,"relics_obtained":[{"floor":8,"key":"Snake Skull"},{"floor":9,"key":"Bag of Preparation"}],"event_choices":[{"event_name":"The Lab","player_choice":"Got Potions","floor":4,"damage_taken":0},{"event_name":"Living Wall","player_choice":"Forget","floor":10,"damage_taken":0}],"is_beta":false,"boss_relics":[],"items_purged_floors":[5],"is_endless":false,"potions_floor_spawned":[1,12],"killed_by":"Red Slaver","ascension_level":0}