{"gold_per_floor":[112,37,47,64,14,39,39,53,53,53,68,93,93,113,113,216,216,235,253,253,253,253,253,31,41,41,41,88,88,88,105,105,105],"floor_reached":33,"playtime":1714,"items_purged":["Decay"],"score":395,"play_id":"1c70cd41-96dd-4d1a-8078-613b6034c8cc","local_time":"20181126211341","is_ascension_mode":true,"campfire_choices":[{"floor":7,"key":"REST"},{"floor":13,"key":"REST"},{"floor":15,"key":"REST"},{"floor":23,"key":"RECALL"},{"floor":27,"key":"REST"},{"floor":30,"key":"REST"},{"data":"Defragment","floor":32,"key":"SMITH"}],"neow_cost":"NONE","seed_source_timestamp":13286083030014,"circlet_count":0,"master_deck":["AscendersBane","Defend_B","Defend_B","Defend_B","Zap","Dualcast","Blizzard","Gash","Sunder","Hologram","Sweeping Beam","Ball Lightning","Self Repair","Defragment+1","Coolheaded","Core Surge","Glacier+1","Hyperbeam+1","Turbo+1","Defragment","Coolheaded+1"],"relics":["Cracked Core","Gremlin Horn","FossilizedHelix","Astrolabe","MutagenicStrength","Blood Vial","Bottled Tornado","Juzu Bracelet"],"potions_floor_usage":[11,12,31,33,33],"damage_taken":[{"damage":2,"enemies":"Jaw Worm","floor":1,"turns":3},{"damage":4,"enemies":"2 Louse","floor":3,"turns":3},{"damage":8,"enemies":"Small Slimes","floor":4,"turns":3},{"damage":30,"enemies":"3 Sentries","floor":6,"turns":7},{"damage":1,"enemies":"2 Fungi Beasts","floor":8,"turns":3},{"damage":11,"enemies":"Exordium Thugs","floor":11,"turns":4},{"damage":35,"enemies":"Gremlin Nob","floor":12,"turns":5},{"damage":10,"enemies":"Exordium Wildlife","floor":14,"turns":3},{"damage":17,"enemies":"The Guardian","floor":16,"turns":14},{"damage":6,"enemies":"Chosen","floor":18,"turns":4},{"damage":43,"enemies":"3 Byrds","floor":19,"turns":4},{"damage":16,"enemies":"Centurion and Healer","floor":25,"turns":9},{"damage":17,"enemies":"Cultist and Chosen","floor":31,"turns":4},{"damage":103,"enemies":"Automaton","floor":33,"turns":12}],"seed_played":"-1664269455838453890","potions_obtained":[{"floor":4,"key":"EssenceOfSteel"},{"floor":6,"key":"EssenceOfSteel"},{"floor":12,"key":"Fire Potion"},{"floor":25,"key":"Regen Potion"},{"floor":31,"key":"EssenceOfSteel"}],"is_trial":false,"path_per_floor":["M","$","M","M","?","E","R","M","T","?","M","E","R","M","R","B",null,"M","M","?","?","?","R","$","M","T","R","T","?","R","M","R","B"],"character_chosen":"DEFECT","items_purchased":["Sunder","Blood Vial"],"campfire_rested":5,"item_purchase_floors":[2,24],"current_hp_per_floor":[66,66,62,54,54,24,46,45,45,45,41,13,35,32,54,44,67,68,32,32,32,32,32,32,25,25,47,47,47,69,61,61,0],"gold":105,"neow_bonus":"TRANSFORM_CARD","is_prod":false,"is_daily":false,"chose_seed":false,"campfire_upgraded":1,"win_rate":0,"timestamp":1543288421,"path_taken":["M","$","M","M","?","E","R","M","T","?","M","E","R","M","R","BOSS","M","M","?","?","?","R","$","?","T","R","?","?","R","M","R","BOSS"],"build_version":"2018-11-15","purchased_purges":1,"victory":false,"max_hp_per_floor":[75,75,75,75,75,75,75,75,75,75,75,75,75,75,75,75,75,75,75,75,75,75,75,75,75,75,75,75,75,75,75,75,75],"card_choices":[{"not_picked":["Capacitor","Scrape"],"picked":"Gash","floor":1},{"not_picked":["Undo","Chaos"],"picked":"Hologram","floor":3},{"not_picked":["Rebound","Beam Cell"],"picked":"Sweeping Beam","floor":4},{"not_picked":["Redo","Scrape"],"picked":"Ball Lightning","floor":6},{"not_picked":["Chaos","Hello World"],"picked":"Self Repair","floor":8},{"not_picked":["Barrage","Stack"],"picked":"Defragment","floor":11},{"not_picked":["Stack","Redo"],"picked":"Coolheaded","floor":12},{"not_picked":["White Noise","Rebound","Recycle"],"picked":"SKIP","floor":14},{"not_picked":["Thunder Strike","Seek"],"picked":"Core Surge","floor":16},{"not_picked":["Aggregate+1","Turbo"],"picked":"Defragment","floor":18},{"not_picked":["Streamline","Rebound","Hello World+1"],"picked":"SKIP","floor":19},{"not_picked":["Streamline","Genetic Algorithm+1","Barrage"],"picked":"SKIP","floor":25},{"not_picked":["Beam Cell","Go for the Eyes"],"picked":"Coolheaded+1","floor":31}],"player_experience":236642,"relics_obtained":[{"floor":6,"key":"Gremlin Horn"},{"floor":12,"key":"FossilizedHelix"},{"floor":26,"key":"Bottled Tornado"},{"floor":28,"key":"Juzu Bracelet"}],"event_choices":[{"cards_removed":["Strike_B"],"damage_healed":0,"gold_gain":0,"player_choice":"Card Removal","damage_taken":0,"max_hp_gain":0,"max_hp_loss":0,"event_name":"The Cleric","floor":5,"gold_loss":50},{"damage_healed":0,"gold_gain":0,"player_choice":"Ignored","damage_taken":0,"max_hp_gain":0,"max_hp_loss":0,"event_name":"Liars Game","floor":10,"gold_loss":0},{"damage_healed":0,"gold_gain":0,"player_choice":"Ignored","damage_taken":0,"max_hp_gain":0,"max_hp_loss":0,"event_name":"Vampires","floor":20,"gold_loss":0},{"damage_healed":0,"gold_gain":0,"player_choice":"Inject Mutagens","damage_taken":0,"relics_obtained":["MutagenicStrength"],"max_hp_gain":0,"max_hp_loss":0,"event_name":"Drug Dealer","floor":21,"gold_loss":0},{"damage_healed":0,"gold_gain":0,"player_choice":"Smashed Altar","damage_taken":0,"max_hp_gain":0,"max_hp_loss":0,"event_name":"Forgotten Altar","floor":22,"gold_loss":0,"cards_obtained":["Decay"]},{"damage_healed":0,"gold_gain":0,"player_choice":"Ignored","damage_taken":0,"max_hp_gain":0,"max_hp_loss":0,"event_name":"Ghosts","floor":29,"gold_loss":0}],"is_beta":false,"boss_relics":[{"not_picked":["Inserter","Philosopher\u0027s Stone"],"picked":"Astrolabe"}],"items_purged_floors":[24],"is_endless":false,"potions_floor_spawned":[4,6,12,25,31],"killed_by":"Automaton","ascension_level":11}