{"gold_per_floor":[114,128,144,155,166,166,182,182,182,182,210,227,177,209,209,314,314,331,348,348,367,466,466],"floor_reached":23,"playtime":1177,"items_purged":[],"score":256,"play_id":"d03fee0f-ff12-4b3a-a7f4-e5eafa7f1194","local_time":"20180805182215","is_ascension_mode":true,"campfire_choices":[{"data":"Rampage","floor":6,"key":"SMITH"},{"data":"Cleave","floor":8,"key":"SMITH"},{"data":"Heavy Blade","floor":10,"key":"SMITH"},{"data":"Limit Break","floor":15,"key":"SMITH"}],"neow_cost":"","seed_source_timestamp":95505957675360,"circlet_count":0,"master_deck":["Strike_R+1","Strike_R","Strike_R","Defend_R","Defend_R","Defend_R","Defend_R","Bash+1","Heavy Blade+1","Rampage+1","Limit Break+1","Cleave+1","Flame Barrier+1","Offering+1","Double Tap+1","Disarm+1","Spot Weakness+1"],"relics":["Burning Blood","Toxic Egg 2","Whetstone","Bag of Marbles","Eternal Feather"],"potions_floor_usage":[11,12,12,16,21,23],"damage_taken":[{"damage":6,"enemies":"Cultist","floor":1,"turns":3},{"damage":2,"enemies":"Jaw Worm","floor":2,"turns":3},{"damage":12,"enemies":"Small Slimes","floor":3,"turns":3},{"damage":11,"enemies":"2 Fungi Beasts","floor":4,"turns":4},{"damage":0,"enemies":"Large Slime","floor":5,"turns":5},{"damage":6,"enemies":"Exordium Wildlife","floor":7,"turns":5},{"damage":24,"enemies":"Gremlin Nob","floor":11,"turns":4},{"damage":0,"enemies":"Lots of Slimes","floor":12,"turns":1},{"damage":30,"enemies":"3 Sentries","floor":14,"turns":8},{"damage":43,"enemies":"Hexaghost","floor":16,"turns":8},{"damage":24,"enemies":"Spheric Guardian","floor":18,"turns":4},{"damage":5,"enemies":"3 Byrds","floor":19,"turns":4},{"damage":22,"enemies":"Snecko","floor":21,"turns":5},{"damage":35,"enemies":"Gremlin Leader","floor":23,"turns":5}],"seed_played":"-1180733513251992606","potions_obtained":[{"floor":2,"key":"Regen Potion"},{"floor":3,"key":"Swift Potion"},{"floor":11,"key":"Explosive Potion"},{"floor":14,"key":"Regen Potion"},{"floor":18,"key":"SkillPotion"},{"floor":21,"key":"GamblersBrew"}],"is_trial":false,"path_per_floor":["M","M","M","M","M","R","M","R","T","R","E","M","?","E","R","B",null,"M","M","?","M","?"],"character_chosen":"IRONCLAD","items_purchased":[],"campfire_rested":0,"item_purchase_floors":[],"current_hp_per_floor":[80,80,74,69,75,75,75,75,75,75,65,71,71,47,47,25,66,48,49,49,33,33,0],"gold":466,"neow_bonus":"","is_prod":false,"is_daily":false,"chose_seed":false,"campfire_upgraded":4,"win_rate":0,"timestamp":1533482535,"path_taken":["M","M","M","M","M","R","?","R","T","R","E","M","?","E","R","BOSS","M","M","?","M","?","E"],"build_version":"2018-08-02","purchased_purges":0,"victory":false,"max_hp_per_floor":[80,80,80,80,80,80,80,80,80,80,80,80,80,80,80,80,80,80,80,80,80,80,80],"card_choices":[{"not_picked":["Anger","Warcry","Evolve"],"picked":"SKIP","floor":1},{"not_picked":["Clash","Clothesline"],"picked":"Heavy Blade","floor":2},{"not_picked":["Havoc","Iron Wave"],"picked":"Rampage","floor":3},{"not_picked":["Sword Boomerang","Dual Wield","Twin Strike"],"picked":"SKIP","floor":4},{"not_picked":["Feel No Pain","Shrug It Off"],"picked":"Limit Break","floor":5},{"not_picked":["Armaments","Corruption"],"picked":"Cleave","floor":7},{"not_picked":["Clash","Berserk","Combust"],"picked":"SKIP","floor":11},{"not_picked":["Evolve","Clothesline"],"picked":"Flame Barrier+1","floor":12},{"not_picked":["Flex+1","Combust"],"picked":"Offering+1","floor":14},{"not_picked":["Barricade","Exhume+1"],"picked":"Double Tap+1","floor":16},{"not_picked":["Clash","Pommel Strike"],"picked":"Disarm+1","floor":18},{"not_picked":["True Grit+1","Reckless Charge+1","Anger"],"picked":"SKIP","floor":19},{"not_picked":["Thunderclap","Iron Wave+1"],"picked":"Spot Weakness+1","floor":21}],"player_experience":192161,"relics_obtained":[{"floor":9,"key":"Toxic Egg 2"},{"floor":11,"key":"Whetstone"},{"floor":14,"key":"Bag of Marbles"}],"event_choices":[{"event_name":"The Cleric","player_choice":"Card Removal","floor":13,"damage_taken":0},{"event_name":"Back to Basics","player_choice":"Elegance","floor":20,"damage_taken":0},{"event_name":"Nest","player_choice":"Stole From Cult","floor":22,"damage_taken":0}],"is_beta":false,"boss_relics":[{"not_picked":["White Beast Statue","Snecko Eye"],"picked":"Eternal Feather"}],"items_purged_floors":[],"is_endless":false,"potions_floor_spawned":[2,3,11,14,18,21],"killed_by":"Gremlin Leader","ascension_level":5}