{"gold_per_floor":[111,89,109,123,123,123,139,139,139,153,153,172,172,195,195,315,315],"floor_reached":17,"playtime":1399,"items_purged":[],"score":149,"play_id":"a26a4e0f-b181-4cc9-a098-4c4e11450dbd","local_time":"20190219033013","is_ascension_mode":false,"campfire_choices":[{"data":"True Grit","floor":6,"key":"SMITH"},{"data":"Havoc","floor":8,"key":"SMITH"},{"data":"True Grit","floor":11,"key":"SMITH"},{"data":"Body Slam","floor":15,"key":"SMITH"}],"neow_cost":"NONE","seed_source_timestamp":6216423107535,"circlet_count":0,"master_deck":["Strike_R","Strike_R","Strike_R","Strike_R","Defend_R","Defend_R","Defend_R","Bash","Perfected Strike","Thunderclap","True Grit+1","Twin Strike","Rampage","Havoc+1","True Grit+1","Shockwave","Armaments","Ghostly Armor","Warcry","Body Slam+1","Barricade"],"relics":["Burning Blood","Golden Idol","Prayer Wheel","Sozu"],"potions_floor_usage":[],"damage_taken":[{"damage":1,"enemies":"Cultist","floor":1,"turns":3},{"damage":2,"enemies":"2 Louse","floor":3,"turns":3},{"damage":0,"enemies":"Small Slimes","floor":4,"turns":3},{"damage":14,"enemies":"Blue Slaver","floor":7,"turns":4},{"damage":10,"enemies":"2 Fungi Beasts","floor":10,"turns":4},{"damage":9,"enemies":"Exordium Wildlife","floor":12,"turns":5},{"damage":5,"enemies":"Large Slime","floor":14,"turns":4},{"damage":34,"enemies":"The Guardian","floor":16,"turns":13}],"seed_played":"-3503289491175053598","potions_obtained":[{"floor":1,"key":"Regen Potion"},{"floor":3,"key":"EntropicBrew"},{"floor":12,"key":"Strength Potion"},{"floor":16,"key":"EntropicBrew"}],"is_trial":false,"path_per_floor":["M","$","M","M","?","R","M","R","T","M","R","M","?","M","R","B",null],"character_chosen":"IRONCLAD","items_purchased":["True Grit"],"campfire_rested":0,"item_purchase_floors":[2],"current_hp_per_floor":[80,80,80,80,74,74,66,66,66,62,62,59,59,60,60,32,74],"gold":315,"neow_bonus":"TRANSFORM_CARD","is_prod":false,"is_daily":false,"chose_seed":false,"campfire_upgraded":4,"win_rate":0,"timestamp":1550539813,"path_taken":["M","$","M","M","?","R","M","R","T","M","R","M","?","?","R","BOSS"],"build_version":"2019-01-23","purchased_purges":0,"victory":false,"max_hp_per_floor":[80,80,80,80,74,74,74,74,74,74,74,74,74,74,74,74,74],"card_choices":[{"not_picked":["Feel No Pain","Perfected Strike"],"picked":"Thunderclap","floor":1},{"not_picked":["Heavy Blade","Rage"],"picked":"Twin Strike","floor":3},{"not_picked":["Warcry","Headbutt"],"picked":"Rampage","floor":4},{"not_picked":["Headbutt","Berserk"],"picked":"Havoc","floor":7},{"not_picked":["Perfected Strike","Flex"],"picked":"True Grit","floor":10},{"not_picked":["Wild Strike","Headbutt"],"picked":"Shockwave","floor":10},{"not_picked":["Fire Breathing","Perfected Strike"],"picked":"Armaments","floor":12},{"not_picked":["Heavy Blade","Corruption"],"picked":"Ghostly Armor","floor":12},{"not_picked":["Twin Strike","Sword Boomerang"],"picked":"Warcry","floor":14},{"not_picked":["Blood for Blood","Intimidate"],"picked":"Body Slam","floor":14},{"not_picked":["Bludgeon","Impervious"],"picked":"Barricade","floor":16}],"player_experience":399971,"relics_obtained":[{"floor":9,"key":"Prayer Wheel"}],"event_choices":[{"damage_healed":0,"gold_gain":0,"player_choice":"Lose Max HP","damage_taken":0,"relics_obtained":["Golden Idol"],"max_hp_gain":0,"max_hp_loss":6,"event_name":"Golden Idol","floor":5,"gold_loss":0},{"cards_removed":["Defend_R"],"damage_healed":0,"gold_gain":0,"player_choice":"Offered Basic","damage_taken":0,"max_hp_gain":0,"max_hp_loss":0,"event_name":"Bonfire Elementals","floor":13,"gold_loss":0}],"is_beta":false,"boss_relics":[{"not_picked":["Snecko Eye","Eternal Feather"],"picked":"Sozu"}],"items_purged_floors":[],"is_endless":false,"potions_floor_spawned":[1,3,12,16],"ascension_level":0}