{"gold_per_floor":[110,124,299,299,318,318,333,363,363,375,394,394,359,393,393,493,493,509,434,434,434,449,449,449,465,465,465,564,584,135,147,147,147],"floor_reached":33,"playtime":968,"items_purged":[],"score":247,"play_id":"652a7c0e-4c47-4e35-8232-b216bb2ba906","local_time":"20180716080315","is_ascension_mode":false,"campfire_choices":[{"data":"Survivor","floor":6,"key":"SMITH"},{"data":"Bouncing Flask","floor":12,"key":"SMITH"},{"data":"Dash","floor":15,"key":"SMITH"},{"floor":23,"key":"REST"},{"floor":32,"key":"REST"}],"neow_cost":"NONE","seed_source_timestamp":303988453018524,"circlet_count":0,"master_deck":["Defend_G+1","Defend_G+1","Defend_G+1","Defend_G+1","Defend_G+1","Strike_G+1","Strike_G+1","Survivor+1","Neutralize","PiercingWail","Quick Slash","Bouncing Flask+1","Dash+1","Flying Knee","Venomology","Bane+1","Poisoned Stab+1","Quick Slash+1","Deadly Poison+1","Dash+1","Dodge and Roll+1","Poisoned Stab+1"],"relics":["Ring of the Snake","NeowsBlessing","Ornamental Fan","Molten Egg 2","Empty Cage","Kunai","Toxic Egg 2","Oddly Smooth Stone","Omamori"],"potions_floor_usage":[14,14,14,25,29,33,33,33,33],"damage_taken":[{"damage":0,"enemies":"2 Louse","floor":1,"turns":1},{"damage":0,"enemies":"Small Slimes","floor":2,"turns":1},{"damage":0,"enemies":"Jaw Worm","floor":5,"turns":1},{"damage":5,"enemies":"Large Slime","floor":7,"turns":6},{"damage":4,"enemies":"Exordium Wildlife","floor":10,"turns":5},{"damage":2,"enemies":"Lots of Slimes","floor":11,"turns":5},{"damage":9,"enemies":"3 Sentries","floor":14,"turns":7},{"damage":26,"enemies":"The Guardian","floor":16,"turns":10},{"damage":14,"enemies":"Chosen","floor":18,"turns":4},{"damage":22,"enemies":"3 Byrds","floor":22,"turns":7},{"damage":29,"enemies":"Snake Plant","floor":25,"turns":3},{"damage":4,"enemies":"Snecko","floor":29,"turns":4},{"damage":10,"enemies":"Slaver and Parasite","floor":31,"turns":7},{"damage":59,"enemies":"Automaton","floor":33,"turns":6}],"seed_played":"-2444987188422297979","potions_obtained":[{"floor":5,"key":"Weak Potion"},{"floor":10,"key":"SkillPotion"},{"floor":11,"key":"Explosive Potion"},{"floor":22,"key":"Strength Potion"},{"floor":29,"key":"AttackPotion"}],"is_trial":false,"path_per_floor":["M","M","?","?","M","R","M","?","T","M","M","R","?","E","R","B",null,"M","?","?","?","M","R","?","M","T","?","?","M","$","M","R"],"character_chosen":"THE_SILENT","items_purchased":["Deadly Poison+1","Oddly Smooth Stone","Omamori","Dash+1","Dodge and Roll+1"],"campfire_rested":2,"item_purchase_floors":[30,30,30,30,30],"current_hp_per_floor":[70,70,70,63,63,63,58,58,58,54,52,52,69,60,60,34,70,56,56,56,56,34,55,55,26,26,26,26,22,22,12,33,0],"gold":147,"neow_bonus":"THREE_ENEMY_KILL","is_prod":false,"is_daily":false,"chose_seed":false,"campfire_upgraded":3,"win_rate":0,"timestamp":1531717395,"path_taken":["M","M","?","?","M","R","M","?","T","M","M","R","?","E","R","BOSS","M","?","?","?","M","R","?","M","T","?","?","M","?","M","R","BOSS"],"build_version":"2018-07-12","purchased_purges":0,"victory":false,"max_hp_per_floor":[70,70,70,70,70,70,70,70,70,70,70,70,70,70,70,70,70,70,70,70,70,70,70,70,70,70,70,70,70,70,70,70,70],"card_choices":[{"not_picked":["Quick Slash","Predator","Dagger Spray"],"picked":"SKIP","floor":1},{"not_picked":["Finisher","Sucker Punch"],"picked":"PiercingWail","floor":2},{"not_picked":["Cloak And Dagger","Bane"],"picked":"Quick Slash","floor":5},{"not_picked":["Poisoned Stab","Flying Knee"],"picked":"Bouncing Flask","floor":7},{"not_picked":["Footwork","Expertise"],"picked":"Dash","floor":10},{"not_picked":["Storm of Steel","Eviscerate"],"picked":"Flying Knee","floor":11},{"not_picked":["Backflip","Underhanded Strike","Escape Plan"],"picked":"SKIP","floor":14},{"not_picked":["Unload+1","Tactician"],"picked":"Venomology","floor":16},{"not_picked":["Flechettes+1","Deflect"],"picked":"Bane+1","floor":18},{"not_picked":["Eviscerate+1","Backflip"],"picked":"Poisoned Stab+1","floor":22},{"not_picked":["Choke+1","Acrobatics+1","Malaise+1"],"picked":"SKIP","floor":25},{"not_picked":["Terror+1","Acrobatics+1"],"picked":"Quick Slash+1","floor":29},{"not_picked":["Finisher+1","Malaise+1"],"picked":"Poisoned Stab+1","floor":31}],"player_experience":109594,"relics_obtained":[{"floor":9,"key":"Ornamental Fan"},{"floor":14,"key":"Molten Egg 2"},{"floor":26,"key":"Toxic Egg 2"}],"event_choices":[{"event_name":"Liars Game","player_choice":"agreed","floor":3,"damage_taken":0},{"event_name":"Golden Wing","player_choice":"Card Removal","floor":4,"damage_taken":0},{"event_name":"Dead Adventurer","player_choice":"Searched \u00272\u0027 times","floor":8,"damage_taken":0},{"event_name":"The Cleric","player_choice":"Healed","floor":13,"damage_taken":0},{"event_name":"Beggar","player_choice":"Gave Gold","floor":19,"damage_taken":0},{"event_name":"Cursed Tome","player_choice":"Ignored","floor":20,"damage_taken":0},{"event_name":"The Mausoleum","player_choice":"Yes","floor":21,"damage_taken":0},{"event_name":"Back to Basics","player_choice":"Simplicity","floor":24,"damage_taken":0},{"event_name":"Vampires","player_choice":"Ignored","floor":27,"damage_taken":0},{"event_name":"Nest","player_choice":"Stole From Cult","floor":28,"damage_taken":0}],"boss_relics":[{"not_picked":["Snecko Eye","Runic Pyramid"],"picked":"Empty Cage"}],"items_purged_floors":[],"is_endless":false,"potions_floor_spawned":[5,10,11,22,29,31],"killed_by":"Automaton","ascension_level":0}