{"gold_per_floor":[119,139,156,156,167,167,178,178,202,202,202,127,163,163,163,253,253,268,268,268,77,97,97,111,147,147,147,0,0,19,19,19,113,113,128,128,152,152,177,177,177],"floor_reached":41,"playtime":1929,"items_purged":["Shame"],"score":818,"play_id":"b357e505-dd0b-4b2c-a9e6-a2f4ea4be7be","local_time":"20190308100007","is_ascension_mode":true,"campfire_choices":[{"data":"Neutralize","floor":6,"key":"SMITH"},{"floor":8,"key":"REST"},{"floor":10,"key":"REST"},{"floor":15,"key":"REST"},{"floor":23,"key":"REST"},{"floor":27,"key":"REST"},{"floor":32,"key":"REST"},{"data":"Night Terror","floor":40,"key":"SMITH"}],"neow_cost":"NONE","seed_source_timestamp":103583950161438,"circlet_count":0,"master_deck":["AscendersBane","Defend_G","Defend_G","Defend_G","Defend_G","Defend_G","Strike_G","Strike_G","Strike_G","Strike_G","Survivor","Neutralize+1","Quick Slash","Caltrops+1","PiercingWail","Blur","Footwork","Burst","Noxious Fumes","Backflip","Leg Sweep","Backflip","Bouncing Flask","Dagger Throw+1","Caltrops+1","Dagger Spray","Night Terror+1","Backflip"],"relics":["Ring of the Snake","Snake Skull","Strawberry","Golden Idol","Lantern","Sozu","Anchor","Enchiridion","Bag of Marbles","Bottled Flame","FaceOfCleric","Velvet Choker"],"potions_floor_usage":[7,13,18],"damage_taken":[{"damage":3,"enemies":"Cultist","floor":1,"turns":4},{"damage":8,"enemies":"2 Louse","floor":2,"turns":3},{"damage":12,"enemies":"Small Slimes","floor":3,"turns":4},{"damage":6,"enemies":"Looter","floor":5,"turns":5},{"damage":20,"enemies":"Exordium Thugs","floor":7,"turns":9},{"damage":46,"enemies":"Lagavulin","floor":13,"turns":12},{"damage":28,"enemies":"The Guardian","floor":16,"turns":16},{"damage":0,"enemies":"3 Byrds","floor":18,"turns":2},{"damage":1,"enemies":"Spheric Guardian","floor":22,"turns":7},{"damage":0,"enemies":"Chosen and Byrds","floor":24,"turns":6},{"damage":46,"enemies":"Slavers","floor":25,"turns":6},{"damage":14,"enemies":"Sentry and Sphere","floor":30,"turns":5},{"damage":11,"enemies":"Champ","floor":33,"turns":16},{"damage":7,"enemies":"Orb Walker","floor":35,"turns":5},{"damage":0,"enemies":"3 Shapes","floor":37,"turns":6},{"damage":2,"enemies":"Maw","floor":39,"turns":8},{"damage":55,"enemies":"Giant Head","floor":41,"turns":8}],"seed_played":"-3564236878919877517","potions_obtained":[{"floor":1,"key":"GamblersBrew"},{"floor":3,"key":"SkillPotion"},{"floor":7,"key":"EssenceOfSteel"}],"is_trial":false,"path_per_floor":["M","M","M","?","M","R","M","R","T","R","?","?","E","?","R","B",null,"M","?","?","$","M","R","M","E","T","R","?","?","M","$","R","B",null,"M","?","M","?","M","R","E"],"character_chosen":"THE_SILENT","items_purchased":["Backflip","Leg Sweep"],"campfire_rested":6,"item_purchase_floors":[21,21],"current_hp_per_floor":[56,48,36,36,30,30,10,29,36,57,57,57,11,11,30,2,50,50,50,29,29,28,47,47,1,1,20,20,20,7,7,27,17,55,49,49,50,50,49,49,0],"gold":177,"neow_bonus":"RANDOM_COMMON_RELIC","is_prod":false,"is_daily":false,"chose_seed":false,"campfire_upgraded":2,"win_rate":0,"timestamp":1552006807,"path_taken":["M","M","?","?","M","R","M","R","T","R","?","?","E","?","R","BOSS","M","?","?","$","?","R","M","E","T","R","?","?","M","$","R","BOSS","M","?","M","?","M","R","E"],"build_version":"2019-01-23","purchased_purges":1,"victory":false,"max_hp_per_floor":[66,66,66,66,66,66,66,66,73,73,66,66,66,66,66,66,66,66,66,66,66,66,66,66,66,66,66,66,66,67,67,67,68,68,69,69,70,70,71,71,71],"card_choices":[{"not_picked":["Acrobatics","Sucker Punch"],"picked":"Quick Slash","floor":1},{"not_picked":["Cloak And Dagger","Crippling Poison"],"picked":"Caltrops","floor":2},{"not_picked":["Poisoned Stab","Well Laid Plans"],"picked":"PiercingWail","floor":3},{"not_picked":["Flying Knee","Masterful Stab"],"picked":"Blur","floor":5},{"not_picked":["Slice","Bane"],"picked":"Footwork","floor":7},{"not_picked":["Heel Hook","Endless Agony","Slice"],"picked":"SKIP","floor":13},{"not_picked":["Night Terror","Storm of Steel"],"picked":"Burst","floor":16},{"not_picked":["Underhanded Strike","Calculated Gamble"],"picked":"Noxious Fumes","floor":18},{"not_picked":["Poisoned Stab","Outmaneuver+1"],"picked":"Backflip","floor":22},{"not_picked":["Acrobatics","Phantasmal Killer"],"picked":"Bouncing Flask","floor":24},{"not_picked":["Flying Knee","Finisher","Sucker Punch"],"picked":"SKIP","floor":25},{"not_picked":["Skewer","Expertise"],"picked":"Dagger Throw+1","floor":30},{"not_picked":["Quick Slash","Dodge and Roll"],"picked":"Caltrops+1","floor":35},{"not_picked":["Reflex","Cloak And Dagger"],"picked":"Dagger Spray","floor":37},{"not_picked":["Slice","Dodge and Roll"],"picked":"Backflip","floor":39}],"player_experience":645151,"relics_obtained":[{"floor":9,"key":"Strawberry"},{"floor":13,"key":"Lantern"},{"floor":20,"key":"Enchiridion"},{"floor":25,"key":"Bag of Marbles"},{"floor":26,"key":"Bottled Flame"}],"event_choices":[{"damage_healed":0,"gold_gain":0,"player_choice":"Grow","damage_taken":0,"max_hp_gain":0,"max_hp_loss":0,"event_name":"Living Wall","floor":4,"gold_loss":0,"cards_upgraded":["Caltrops"]},{"damage_healed":0,"gold_gain":0,"player_choice":"Lose Max HP","damage_taken":0,"relics_obtained":["Golden Idol"],"max_hp_gain":0,"max_hp_loss":7,"event_name":"Golden Idol","floor":11,"gold_loss":0},{"cards_removed":["Strike_G"],"damage_healed":0,"gold_gain":0,"player_choice":"Card Removal","damage_taken":0,"max_hp_gain":0,"max_hp_loss":0,"event_name":"The Cleric","floor":12,"gold_loss":75},{"damage_healed":0,"gold_gain":0,"player_choice":"Ignored","damage_taken":0,"max_hp_gain":0,"max_hp_loss":0,"event_name":"Liars Game","floor":14,"gold_loss":0},{"damage_healed":0,"gold_gain":0,"player_choice":"Stole Relic","damage_taken":0,"relics_obtained":["Anchor"],"max_hp_gain":0,"max_hp_loss":0,"event_name":"Addict","floor":19,"gold_loss":0,"cards_obtained":["Shame"]},{"damage_healed":0,"gold_gain":0,"player_choice":"Obtained Book","damage_taken":21,"max_hp_gain":0,"max_hp_loss":0,"event_name":"Cursed Tome","floor":20,"gold_loss":0},{"damage_healed":0,"gold_gain":0,"player_choice":"Paid Fearfully","damage_taken":0,"max_hp_gain":0,"max_hp_loss":0,"event_name":"Masked Bandits","floor":28,"gold_loss":147},{"damage_healed":0,"gold_gain":0,"player_choice":"Trade","damage_taken":0,"relics_obtained":["FaceOfCleric"],"max_hp_gain":0,"max_hp_loss":0,"event_name":"FaceTrader","floor":29,"gold_loss":0},{"damage_healed":0,"gold_gain":0,"player_choice":"Ignored","damage_taken":0,"max_hp_gain":0,"max_hp_loss":0,"event_name":"Mysterious Sphere","floor":36,"gold_loss":0},{"damage_healed":0,"gold_gain":0,"player_choice":"1 cards matched","damage_taken":0,"max_hp_gain":0,"max_hp_loss":0,"event_name":"Match and Keep!","floor":38,"gold_loss":0,"cards_obtained":["Night Terror"]}],"is_beta":false,"boss_relics":[{"not_picked":["HoveringKite","Orrery"],"picked":"Sozu"},{"not_picked":["Tiny House","Black Star"],"picked":"Velvet Choker"}],"items_purged_floors":[21],"is_endless":false,"potions_floor_spawned":[1,3,5,7,22,30,33],"killed_by":"Giant Head","ascension_level":20}