{"gold_per_floor":[118,43,8,20,35,67,87,262,262,295,295,295,314,349,349,349],"floor_reached":16,"playtime":958,"items_purged":["Strike_B"],"score":145,"play_id":"9504e449-2fba-4e52-b046-4e59254fd1ec","local_time":"20181206194823","is_ascension_mode":false,"campfire_choices":[{"data":"Glacier","floor":11,"key":"SMITH"},{"floor":15,"key":"REST"}],"neow_cost":"NONE","seed_source_timestamp":872928772013283,"circlet_count":0,"master_deck":["Strike_B","Strike_B","Strike_B","Defend_B","Defend_B","Defend_B","Defend_B","Zap","Dualcast","Glacier+1","Leap","Coolheaded","Ball Lightning","Cold Snap","Doubt","Biased Cognition","Coolheaded","Defragment"],"relics":["Cracked Core","Orichalcum","Shuriken","Matryoshka","Symbiotic Virus"],"potions_floor_usage":[6,14,16,16],"damage_taken":[{"damage":0,"enemies":"Small Slimes","floor":1,"turns":2},{"damage":1,"enemies":"Jaw Worm","floor":4,"turns":5},{"damage":0,"enemies":"2 Louse","floor":5,"turns":4},{"damage":10,"enemies":"Lagavulin","floor":6,"turns":10},{"damage":1,"enemies":"2 Fungi Beasts","floor":7,"turns":3},{"damage":25,"enemies":"Gremlin Nob","floor":10,"turns":6},{"damage":6,"enemies":"Lots of Slimes","floor":13,"turns":5},{"damage":0,"enemies":"Lagavulin","floor":14,"turns":6},{"damage":39,"enemies":"The Guardian","floor":16,"turns":14}],"seed_played":"6685236442209664922","potions_obtained":[{"floor":1,"key":"SteroidPotion"},{"floor":5,"key":"PowerPotion"},{"floor":7,"key":"PowerPotion"},{"floor":14,"key":"Poison Potion"}],"is_trial":false,"path_per_floor":["M","$","?","M","M","E","M","?","T","E","R","?","M","E","R","B"],"character_chosen":"DEFECT","items_purchased":[],"campfire_rested":1,"item_purchase_floors":[],"current_hp_per_floor":[82,82,82,81,81,71,70,70,70,45,45,20,14,14,38,0],"gold":349,"neow_bonus":"TEN_PERCENT_HP_BONUS","is_prod":false,"is_daily":false,"chose_seed":false,"campfire_upgraded":1,"win_rate":0,"timestamp":1544147303,"path_taken":["M","$","?","M","M","E","M","?","T","E","R","?","M","E","R","BOSS"],"build_version":"2018-12-06","purchased_purges":1,"victory":false,"max_hp_per_floor":[82,82,82,82,82,82,82,82,82,82,82,82,82,82,82,82],"card_choices":[{"not_picked":["Fusion","Cold Snap"],"picked":"Glacier","floor":1},{"not_picked":["Sweeping Beam","Beam Cell"],"picked":"Leap","floor":4},{"not_picked":["Double Energy","Scrape"],"picked":"Coolheaded","floor":5},{"not_picked":["Storm","FTL"],"picked":"Ball Lightning","floor":6},{"not_picked":["Go for the Eyes","Turbo"],"picked":"Cold Snap","floor":7},{"not_picked":["Sweeping Beam","Reinforced Body"],"picked":"Biased Cognition","floor":10},{"not_picked":["Go for the Eyes","White Noise"],"picked":"Coolheaded","floor":13},{"not_picked":["Steam","Streamline"],"picked":"Defragment","floor":14}],"player_experience":250956,"relics_obtained":[{"floor":6,"key":"Orichalcum"},{"floor":10,"key":"Shuriken"},{"floor":14,"key":"Symbiotic Virus"}],"event_choices":[{"damage_healed":20,"gold_gain":0,"player_choice":"Healed","damage_taken":0,"max_hp_gain":0,"max_hp_loss":0,"event_name":"The Cleric","floor":3,"gold_loss":35},{"damage_healed":0,"gold_gain":175,"player_choice":"AGREE","damage_taken":0,"max_hp_gain":0,"max_hp_loss":0,"event_name":"Liars Game","floor":8,"gold_loss":0,"cards_obtained":["Doubt"]},{"damage_healed":0,"gold_gain":0,"player_choice":"Success","damage_taken":25,"relics_obtained":["Matryoshka"],"max_hp_gain":0,"max_hp_loss":0,"event_name":"Scrap Ooze","floor":12,"gold_loss":0}],"is_beta":false,"boss_relics":[],"items_purged_floors":[2],"is_endless":false,"potions_floor_spawned":[1,5,7,14],"killed_by":"The Guardian","ascension_level":0}