{"path_per_floor":["M","M","$","M","M","R","M","R","T","M","?","?","R","?","R","B",null,"M","M","$","?","?","R","E","M","T","M","$","M","R","M","R","B",null,"M","M","?","M","M","R"],"character_chosen":"THE_SILENT","items_purchased":["Footwork","Omamori","Dash"],"gold_per_floor":[115,130,16,36,51,51,67,67,67,87,116,116,116,66,66,162,162,178,190,42,42,42,42,67,78,78,91,57,73,73,84,84,186,186,200,218,218,237,251,251],"floor_reached":41,"campfire_rested":2,"playtime":5847,"current_hp_per_floor":[70,69,69,69,47,47,47,47,47,47,41,27,27,27,27,9,70,59,59,59,52,52,52,27,20,20,20,20,22,22,6,27,16,72,67,52,42,44,26,48],"items_purged":["Strike_G"],"gold":251,"play_id":"aca93aaa-68a6-4acb-9a25-780950b1f775","is_prod":false,"is_daily":false,"campfire_rituals":0,"campfire_upgraded":6,"is_hardmode":false,"path_taken":["M","M","?","M","M","R","M","R","T","M","?","?","R","?","R","BOSS","M","M","$","?","?","R","E","M","T","M","$","M","R","?","R","BOSS","M","M","?","M","M","R","E"],"build_version":"2018-01-18-PROD4","purchased_purges":1,"victory":false,"master_deck":["Survivor","Neutralize","Acrobatics","Cloak And Dagger","Footwork","PiercingWail","Choke","After Image","Quick Slash","Bullet Time","Prepared","Cloak And Dagger","Dodge and Roll","Catalyst","Blur","Prepared","Setup","PiercingWail","Escape Plan","Concentrate","Flying Knee","Dagger Throw","Dash","Leg Sweep","Wraith Form","Heel Hook","Flying Knee","Madness","Madness","Wraith Form"],"max_hp_per_floor":[70,70,70,70,70,70,70,70,70,70,70,70,70,70,70,70,70,70,70,70,70,70,70,70,70,70,70,70,72,72,72,72,72,72,72,72,72,74,74,74],"relics":["Ring of the Snake","Ancient Tea Set","Ice Cream","Odd Mushroom","Pandora\u0027s Box","Omamori","Molten Egg","Singing Bowl","Cursed Key"],"campfire_meditates":0,"card_choices":[{"not_picked":["Backstab","Cloak And Dagger"],"picked":"Acrobatics"},{"not_picked":["Outmaneuver","All Out Attack"],"picked":"Cloak And Dagger"},{"not_picked":["Underhanded Strike","Caltrops"],"picked":"PiercingWail"},{"not_picked":["Outmaneuver","Deflect"],"picked":"Choke"},{"not_picked":["Outmaneuver","Bane"],"picked":"After Image"},{"not_picked":["Blade Dance","Deflect"],"picked":"Quick Slash"},{"not_picked":["After Image","Night Terror"],"picked":"Bullet Time"},{"not_picked":["Quick Slash","Deflect"],"picked":"Escape Plan"},{"not_picked":["Outmaneuver","Dagger Throw"],"picked":"Concentrate"},{"not_picked":["Backstab","Prepared"],"picked":"Flying Knee"},{"not_picked":["All Out Attack","Cloak And Dagger"],"picked":"Dagger Throw"},{"not_picked":["Venomology","Poisoned Stab"],"picked":"Leg Sweep"},{"not_picked":["Adrenaline","After Image"],"picked":"Wraith Form"},{"not_picked":["Flying Knee","Setup"],"picked":"Heel Hook"},{"not_picked":["Slice","Bane"],"picked":"Flying Knee"},{"not_picked":["Setup","Slice"],"picked":"Wraith Form"}],"player_experience":377016,"potions_floor_usage":[11,16,16,24,31,39,41,41,41],"damage_taken":[{"damage":0,"enemies":"Blue Slaver","floor":1,"turns":8},{"damage":1,"enemies":"Cultist","floor":2,"turns":5},{"damage":0,"enemies":"2 Louse","floor":4,"turns":3},{"damage":22,"enemies":"Exordium Thugs","floor":5,"turns":10},{"damage":0,"enemies":"Lots of Slimes","floor":7,"turns":6},{"damage":0,"enemies":"3 Louse","floor":10,"turns":4},{"damage":6,"enemies":"The Mushroom Lair","floor":11,"turns":9},{"damage":18,"enemies":"Slime Boss","floor":16,"turns":13},{"damage":11,"enemies":"Chosen","floor":18,"turns":8},{"damage":0,"enemies":"Shell Parasite","floor":19,"turns":8},{"damage":25,"enemies":"Gremlin Leader","floor":24,"turns":9},{"damage":7,"enemies":"3 Cultists","floor":25,"turns":9},{"damage":0,"enemies":"Centurion and Healer","floor":27,"turns":8},{"damage":0,"enemies":"Slaver and Parasite","floor":29,"turns":7},{"damage":16,"enemies":"Chosen and Byrds","floor":31,"turns":6},{"damage":11,"enemies":"Collector","floor":33,"turns":24},{"damage":5,"enemies":"Orb Walker","floor":35,"turns":6},{"damage":15,"enemies":"3 Shapes","floor":36,"turns":7},{"damage":0,"enemies":"3 Darklings","floor":38,"turns":7},{"damage":24,"enemies":"4 Shapes","floor":39,"turns":9},{"damage":62,"enemies":"2 Orb Walkers","floor":41,"turns":8}],"event_choices":[{"event_name":"Mushrooms","player_choice":"Fought Mushrooms","floor":11,"damage_taken":0},{"event_name":"Shining Light","player_choice":"Entered Light","floor":12,"damage_taken":0},{"event_name":"The Cleric","player_choice":"Card Removal","floor":14,"damage_taken":0},{"event_name":"Wheel of Change","player_choice":"Damage","floor":21,"damage_taken":0},{"event_name":"Drug Dealer","player_choice":"Ignored","floor":22,"damage_taken":0},{"event_name":"Winding Halls","player_choice":"Embrace Madness","floor":37,"damage_taken":0}],"boss_relics":[{"not_picked":["Runic Pyramid","Black Star"],"picked":"Pandora\u0027s Box"},{"not_picked":["Philosopher\u0027s Stone","Velvet Choker"],"picked":"Cursed Key"}],"potions_floor_spawned":[4,7,10,11,19,25,27,33,35,38,39],"seed_played":"-6801707161429176588","killed_by":"2 Orb Walkers","is_trial":false}