{"path_per_floor":["M","M","M","M","?","R","E","R","T","R","?","M","$","?","R"],"character_chosen":"IRONCLAD","items_purchased":["Shrug It Off","Barricade"],"gold_per_floor":[111,130,146,162,237,237,262,262,262,262,437,447,247,197,197,197],"floor_reached":16,"campfire_rested":1,"playtime":770,"current_hp_per_floor":[79,80,78,73,62,62,10,34,34,34,34,31,31,31,31,0],"items_purged":["Doubt"],"gold":197,"score":120,"play_id":"6e159ee3-6b6a-4452-af61-2f7eb47f4971","local_time":"20180513021119","is_prod":false,"is_daily":false,"chose_seed":false,"is_ascension_mode":true,"campfire_upgraded":3,"timestamp":1526191879,"path_taken":["M","M","M","M","?","R","E","R","T","R","?","M","$","?","R","BOSS"],"build_version":"2018-05-12v2","seed_source_timestamp":334391764479698,"purchased_purges":2,"victory":false,"master_deck":["Strike_R","Strike_R","Strike_R","Strike_R","Defend_R","Defend_R+1","Defend_R","Defend_R","Bash+1","Bloodletting+1","Sword Boomerang","Pommel Strike+1","Cleave","Shrug It Off","Barricade+1"],"max_hp_per_floor":[80,80,80,80,80,80,80,80,80,80,80,80,80,80,80,80],"relics":["Burning Blood","Blood Vial","War Paint","Regal Pillow"],"card_choices":[{"not_picked":["Twin Strike","Reckless Charge"],"picked":"Bloodletting","floor":1},{"not_picked":["Flex","Intimidate"],"picked":"Sword Boomerang","floor":2},{"not_picked":["Infernal Blade","Iron Wave","Warcry"],"picked":"SKIP","floor":3},{"not_picked":["Sword Boomerang","Combust","Armaments"],"picked":"SKIP","floor":4},{"not_picked":["Armaments","Feed"],"picked":"Pommel Strike","floor":7},{"not_picked":["Heavy Blade","Twin Strike"],"picked":"Cleave","floor":12}],"player_experience":124582,"potions_floor_usage":[4,4],"damage_taken":[{"damage":7,"enemies":"Jaw Worm","floor":1,"turns":3},{"damage":3,"enemies":"Small Slimes","floor":2,"turns":3},{"damage":8,"enemies":"2 Louse","floor":3,"turns":3},{"damage":13,"enemies":"Exordium Thugs","floor":4,"turns":4},{"damage":60,"enemies":"3 Sentries","floor":7,"turns":12},{"damage":11,"enemies":"Large Slime","floor":12,"turns":6},{"damage":54,"enemies":"The Guardian","floor":16,"turns":13}],"event_choices":[{"event_name":"World of Goop","player_choice":"Gather Gold","floor":5,"damage_taken":0},{"event_name":"Liars Game","player_choice":"agreed","floor":11,"damage_taken":0},{"event_name":"The Cleric","player_choice":"Card Removal","floor":14,"damage_taken":0}],"boss_relics":[],"potions_floor_spawned":[1,3],"seed_played":"-1967316181223213657","killed_by":"The Guardian","ascension_level":4,"is_trial":false}