{"gold_per_floor":[113,130,71,91,91,91,103,128,152,152,184,199,219,219,219,219],"floor_reached":16,"playtime":891,"items_purged":[],"score":218,"play_id":"f5e62b9e-c64b-437b-9a63-a330fef31868","local_time":"20190307200044","is_ascension_mode":true,"campfire_choices":[{"data":"Defragment","floor":6,"key":"SMITH"},{"data":"Zap","floor":10,"key":"SMITH"},{"floor":15,"key":"REST"}],"neow_cost":"NONE","seed_source_timestamp":1802136382122529,"circlet_count":0,"master_deck":["AscendersBane","Strike_B","Strike_B","Strike_B","Strike_B","Defend_B","Defend_B","Defend_B","Defend_B","Zap+1","Dualcast","Doom and Gloom","Glacier","Cold Snap","Defragment+1","Go for the Eyes","Genetic Algorithm","Genetic Algorithm","Loop"],"relics":["Cracked Core","Ancient Tea Set","Anchor","Blood Vial"],"potions_floor_usage":[8,16,16],"damage_taken":[{"damage":7,"enemies":"Small Slimes","floor":1,"turns":3},{"damage":0,"enemies":"2 Louse","floor":2,"turns":3},{"damage":0,"enemies":"Cultist","floor":4,"turns":3},{"damage":3,"enemies":"Blue Slaver","floor":7,"turns":3},{"damage":28,"enemies":"Gremlin Nob","floor":8,"turns":5},{"damage":6,"enemies":"Lagavulin","floor":11,"turns":7},{"damage":0,"enemies":"Red Slaver","floor":12,"turns":3},{"damage":8,"enemies":"Exordium Thugs","floor":13,"turns":6},{"damage":53,"enemies":"Hexaghost","floor":16,"turns":11}],"seed_played":"5862188426796289208","potions_obtained":[{"floor":1,"key":"FearPotion"},{"floor":8,"key":"GamblersBrew"},{"floor":12,"key":"Weak Potion"}],"is_trial":false,"path_per_floor":["M","M","$","M","?","R","M","E","T","R","E","M","M","?","R","B"],"character_chosen":"DEFECT","items_purchased":["Cold Snap"],"campfire_rested":1,"item_purchase_floors":[3],"current_hp_per_floor":[57,57,57,57,62,62,59,31,31,31,25,27,21,21,43,0],"gold":219,"neow_bonus":"THREE_CARDS","is_prod":false,"is_daily":false,"chose_seed":false,"campfire_upgraded":2,"win_rate":0,"timestamp":1552010444,"path_taken":["M","M","$","M","?","R","M","E","T","R","E","M","M","?","R","BOSS"],"build_version":"2019-01-23","purchased_purges":0,"victory":false,"max_hp_per_floor":[71,71,71,71,76,76,76,76,76,76,76,76,76,76,76,76],"card_choices":[{"not_picked":["Heatsinks","White Noise"],"picked":"Doom and Gloom","floor":0},{"not_picked":["Coolheaded","Ball Lightning"],"picked":"Glacier","floor":1},{"not_picked":["Steam","Force Field","Turbo"],"picked":"SKIP","floor":2},{"not_picked":["Auto Shields","Rebound"],"picked":"Defragment","floor":4},{"not_picked":["Gash","Undo"],"picked":"Go for the Eyes","floor":7},{"not_picked":["Reinforced Body","Go for the Eyes"],"picked":"Genetic Algorithm","floor":8},{"not_picked":["Rebound","Stack","Storm"],"picked":"SKIP","floor":11},{"not_picked":["Consume","Streamline"],"picked":"Genetic Algorithm","floor":12},{"not_picked":["Conserve Battery","Beam Cell"],"picked":"Loop","floor":13}],"player_experience":572707,"relics_obtained":[{"floor":8,"key":"Ancient Tea Set"},{"floor":9,"key":"Anchor"},{"floor":11,"key":"Blood Vial"}],"event_choices":[{"damage_healed":0,"gold_gain":0,"player_choice":"Donut","damage_taken":0,"max_hp_gain":5,"max_hp_loss":0,"event_name":"Big Fish","floor":5,"gold_loss":0},{"damage_healed":0,"gold_gain":0,"player_choice":"Ignored","damage_taken":0,"max_hp_gain":0,"max_hp_loss":0,"event_name":"Shining Light","floor":14,"gold_loss":0}],"is_beta":false,"boss_relics":[],"items_purged_floors":[],"is_endless":false,"potions_floor_spawned":[1,8,12,13],"killed_by":"Hexaghost","ascension_level":19}