{"gold_per_floor":[109,125,145,145,162,162,189,251,251,264,264,279,279,298,298,401,401,420,420,430,443,461,461,21,55,79,94,106,119,119,134,134,229,229,243,256,63,77,93,193,213,213,236,249,249,249,260,272,272,272,272,272,27,53,53],"floor_reached":55,"playtime":12917,"items_purged":["Strike_G"],"score":726,"play_id":"31041890-1109-4a66-b6c0-9f69b95548a2","local_time":"20190309115524","is_ascension_mode":false,"campfire_choices":[{"floor":6.0,"key":"RECALL"},{"floor":11.0,"key":"REST"},{"floor":13.0,"key":"REST"},{"floor":15.0,"key":"REST"},{"floor":23.0,"key":"REST"},{"floor":30.0,"key":"REST"},{"data":"Envenom","floor":32.0,"key":"SMITH"},{"floor":49,"key":"REST"},{"floor":52,"key":"REST"}],"neow_cost":"NONE","seed_source_timestamp":0,"circlet_count":0,"master_deck":["Defend_G","Defend_G","Defend_G","Defend_G","Defend_G","Strike_G","Strike_G","Strike_G","Survivor","Neutralize","Footwork","Blade Dance","Endless Agony","Well Laid Plans","Expertise","Malaise+1","Leg Sweep+1","Catalyst+1","Envenom+1","Poisoned Stab+1","Catalyst+1","Prepared+1","Blur+1","Noxious Fumes+1","Poisoned Stab","Noxious Fumes+1","Escape Plan+1","Corpse Explosion+1","Wraith Form v2+1","Quick Slash","Bane","Footwork+1","Deadly Poison+1","Sucker Punch+1","Adrenaline+1","Endless Agony","Bandage Up+1","Deadly Poison+1","Bouncing Flask+1","Footwork+1","Escape Plan+1","Poisoned Stab","Heel Hook+1"],"special_seed":0,"relics":["Ring of the Snake","Bag of Preparation","Toxic Egg 2","HoveringKite","TwistedFunnel","Frozen Egg 2","Centennial Puzzle","PreservedInsect","Fusion Hammer","Dead Branch","Anchor","Tingsha"],"potions_floor_usage":[36,41,50,54,55,55],"damage_taken":[{"damage":0.0,"enemies":"Cultist","floor":1.0,"turns":5.0},{"damage":0.0,"enemies":"2 Louse","floor":2.0,"turns":4.0},{"damage":0.0,"enemies":"Small Slimes","floor":3.0,"turns":5.0},{"damage":0.0,"enemies":"3 Louse","floor":5.0,"turns":3.0},{"damage":23.0,"enemies":"Gremlin Nob","floor":7.0,"turns":5.0},{"damage":53.0,"enemies":"Gremlin Nob","floor":8.0,"turns":7.0},{"damage":0.0,"enemies":"Looter","floor":10.0,"turns":5.0},{"damage":0.0,"enemies":"2 Fungi Beasts","floor":12.0,"turns":5.0},{"damage":0.0,"enemies":"Exordium Wildlife","floor":14.0,"turns":7.0},{"damage":22.0,"enemies":"The Guardian","floor":16.0,"turns":23.0},{"damage":12.0,"enemies":"Shell Parasite","floor":18.0,"turns":13.0},{"damage":2.0,"enemies":"2 Thieves","floor":20.0,"turns":4.0},{"damage":9.0,"enemies":"Centurion and Healer","floor":21.0,"turns":8.0},{"damage":0.0,"enemies":"Snecko","floor":22.0,"turns":3.0},{"damage":1.0,"enemies":"Book of Stabbing","floor":25.0,"turns":5.0},{"damage":0.0,"enemies":"Chosen and Byrds","floor":27.0,"turns":4.0},{"damage":8.0,"enemies":"Cultist and Chosen","floor":28.0,"turns":5.0},{"damage":1.0,"enemies":"Centurion and Healer","floor":29.0,"turns":5.0},{"damage":0.0,"enemies":"Sentry and Sphere","floor":31.0,"turns":5.0},{"damage":17.0,"enemies":"Automaton","floor":33.0,"turns":7.0},{"damage":0,"enemies":"Orb Walker","floor":35,"turns":4},{"damage":0,"enemies":"3 Shapes","floor":36,"turns":3},{"damage":2,"enemies":"Writhing Mass","floor":38,"turns":4},{"damage":3,"enemies":"Transient","floor":39,"turns":5},{"damage":0,"enemies":"Mind Bloom Boss Battle","floor":40,"turns":5},{"damage":0,"enemies":"4 Shapes","floor":41,"turns":4},{"damage":0,"enemies":"Sphere and 2 Shapes","floor":44,"turns":4},{"damage":0,"enemies":"Spire Growth","floor":47,"turns":3},{"damage":0,"enemies":"Transient","floor":48,"turns":5},{"damage":9,"enemies":"Time Eater","floor":50,"turns":4},{"damage":0,"enemies":"Shield and Spear","floor":54,"turns":3},{"damage":84,"enemies":"The Heart","floor":55,"turns":5}],"seed_played":"6568813562621165126","potions_obtained":[{"floor":1.0,"key":"AttackPotion"},{"floor":5.0,"key":"Block Potion"},{"floor":10.0,"key":"Ancient Potion"},{"floor":14.0,"key":"PowerPotion"},{"floor":16.0,"key":"LiquidBronze"},{"floor":18.0,"key":"Poison Potion"},{"floor":25.0,"key":"Poison Potion"},{"floor":28.0,"key":"Poison Potion"},{"floor":29.0,"key":"Block Potion"},{"floor":33.0,"key":"GhostInAJar"},{"floor":35,"key":"Fire Potion"},{"floor":41,"key":"Block Potion"},{"floor":54,"key":"Fire Potion"}],"is_trial":false,"path_per_floor":["M","M","M","?","M","R","E","?","T","M","R","M","R","M","R","B",null,"M","?","M","M","M","R","$","E","T","M","M","M","R","M","R","B",null,"M","M","$","M","M","?","M","?","T","M","?","?","M","M","R","B",null,"R","$","E","B"],"character_chosen":"THE_SILENT","items_purchased":["TwistedFunnel","Frozen Egg 2","Footwork+1","Block Potion","Footwork+1","Escape Plan+1","Poisoned Stab","Block Potion"],"campfire_rested":7,"item_purchase_floors":[24,24,37,37,53,53,53,53],"current_hp_per_floor":[77,77,77,77,77,77,54,1,1,1,24,24,47,47,70,48,77,65,51,49,40,40,64,64,63,63,63,55,54,78,78,78,61,82,82,82,82,80,77,77,77,77,77,77,77,77,82,82,82,73,82,82,82,82,0],"gold":53,"neow_bonus":"TEN_PERCENT_HP_BONUS","is_prod":false,"is_daily":false,"chose_seed":false,"campfire_upgraded":1,"win_rate":0,"timestamp":1552161324,"path_taken":["M","M","M","?","M","R","E","?","T","M","R","M","R","M","R","BOSS","M","?","M","M","M","R","$","E","T","M","M","M","R","M","R","BOSS","M","M","$","M","M","?","M","?","T","M","?","?","M","M","R","BOSS","R","$","E","BOSS"],"build_version":"2019-01-23","purchased_purges":1,"victory":false,"max_hp_per_floor":[77,77,77,77,77,77,77,77,77,77,77,77,77,77,77,77,77,77,82,82,82,82,82,82,82,82,82,82,82,82,82,82,82,82,82,82,82,82,82,82,82,82,82,82,82,82,82,82,82,82,82,82,82,82,82],"card_choices":[{"not_picked":["Blade Dance","Poisoned Stab"],"picked":"Footwork","floor":1.0},{"not_picked":["Backflip","Outmaneuver","Underhanded Strike"],"picked":"SKIP","floor":2.0},{"not_picked":["Escape Plan","Masterful Stab"],"picked":"Blade Dance","floor":3.0},{"not_picked":["Outmaneuver","Escape Plan"],"picked":"Well Laid Plans","floor":5.0},{"not_picked":["Concentrate","Eviscerate"],"picked":"Expertise","floor":7.0},{"not_picked":["Quick Slash","Dagger Throw"],"picked":"Malaise","floor":8.0},{"not_picked":["Expertise+1","PiercingWail+1"],"picked":"Leg Sweep+1","floor":10.0},{"not_picked":["Dagger Spray","Flying Knee"],"picked":"Catalyst+1","floor":12.0},{"not_picked":["Underhanded Strike","Finisher","Slice"],"picked":"SKIP","floor":14.0},{"not_picked":["Adrenaline+1","Phantasmal Killer+1"],"picked":"Envenom","floor":16.0},{"not_picked":["All Out Attack","Sucker Punch"],"picked":"Poisoned Stab+1","floor":18.0},{"not_picked":["Acrobatics+1","Poisoned Stab+1"],"picked":"Catalyst+1","floor":20.0},{"not_picked":["Escape Plan+1","Dagger Spray"],"picked":"Prepared+1","floor":21.0},{"not_picked":["Masterful Stab","Tactician+1"],"picked":"Blur+1","floor":22.0},{"not_picked":["Terror+1","Flechettes"],"picked":"Noxious Fumes+1","floor":25.0},{"not_picked":["Dagger Throw","Blur+1"],"picked":"Poisoned Stab","floor":27.0},{"not_picked":["Dagger Spray","All Out Attack"],"picked":"Noxious Fumes+1","floor":28.0},{"not_picked":["Cloak And Dagger+1","Riddle With Holes"],"picked":"Escape Plan+1","floor":29.0},{"not_picked":["Blade Dance+1","Flying Knee+1"],"picked":"Corpse Explosion+1","floor":31.0},{"not_picked":["Doppelganger+1","A Thousand Cuts+1"],"picked":"Wraith Form v2+1","floor":33.0},{"not_picked":["Blade Dance+1","Concentrate+1"],"picked":"Quick Slash","floor":35},{"not_picked":["Skewer","Sucker Punch"],"picked":"Bane","floor":36},{"not_picked":["Outmaneuver+1","Bane"],"picked":"Deadly Poison+1","floor":38},{"not_picked":["Eviscerate+1","Dagger Throw+1"],"picked":"Poisoned Stab","floor":39},{"not_picked":["Riddle With Holes","Dagger Spray+1"],"picked":"Sucker Punch+1","floor":40},{"not_picked":["Slice","Dagger Throw"],"picked":"Adrenaline+1","floor":41},{"not_picked":["Dagger Throw","Prepared+1"],"picked":"Endless Agony","floor":44},{"not_picked":["Purity+1","PanicButton+1"],"picked":"Bandage Up+1","floor":45},{"not_picked":["PiercingWail+1","Wraith Form v2+1"],"picked":"Deadly Poison+1","floor":47},{"not_picked":["Cloak And Dagger+1","Concentrate+1"],"picked":"Bouncing Flask+1","floor":48},{"not_picked":["Riddle With Holes","Grand Finale"],"picked":"Heel Hook+1","floor":54}],"player_experience":208660,"relics_obtained":[{"floor":7.0,"key":"Bag of Preparation"},{"floor":8.0,"key":"Toxic Egg 2"},{"floor":25.0,"key":"Centennial Puzzle"},{"floor":26.0,"key":"PreservedInsect"},{"floor":40,"key":"Dead Branch"},{"floor":43,"key":"Anchor"},{"floor":54,"key":"Tingsha"}],"event_choices":[{"damage_healed":0.0,"max_hp_gain":0.0,"max_hp_loss":0.0,"gold_gain":0.0,"cards_transformed":["Strike_G"],"event_name":"Living Wall","player_choice":"Change","floor":4.0,"gold_loss":0.0,"damage_taken":0.0,"cards_obtained":["Endless Agony"]},{"damage_healed":0.0,"max_hp_gain":0.0,"max_hp_loss":0.0,"gold_gain":0.0,"event_name":"Dead Adventurer","player_choice":"Searched \u00271\u0027 times","floor":8.0,"gold_loss":0.0,"damage_taken":0.0},{"damage_healed":0.0,"max_hp_gain":5.0,"max_hp_loss":0.0,"gold_gain":0.0,"event_name":"Forgotten Altar","player_choice":"Shed Blood","floor":19.0,"gold_loss":0.0,"damage_taken":19.0},{"damage_healed":0,"gold_gain":0,"player_choice":"Fight","damage_taken":0,"max_hp_gain":0,"max_hp_loss":0,"event_name":"MindBloom","floor":40,"gold_loss":0},{"cards_removed":["Poisoned Stab"],"damage_healed":0,"gold_gain":0,"player_choice":"Removed Attack","damage_taken":0,"max_hp_gain":0,"max_hp_loss":0,"event_name":"Falling","floor":42,"gold_loss":0},{"damage_healed":0,"gold_gain":0,"player_choice":"Memory 1","damage_taken":0,"max_hp_gain":0,"max_hp_loss":0,"event_name":"SensoryStone","floor":45,"gold_loss":0},{"damage_healed":0,"gold_gain":0,"player_choice":"Ignored","damage_taken":0,"max_hp_gain":0,"max_hp_loss":0,"event_name":"Tomb of Lord Red Mask","floor":46,"gold_loss":0}],"is_beta":false,"boss_relics":[{"not_picked":["Astrolabe","Coffee Dripper"],"picked":"HoveringKite"},{"not_picked":["Tiny House","Lizard Tail"],"picked":"Fusion Hammer"}],"items_purged_floors":[37],"is_endless":false,"potions_floor_spawned":[1,5,10,14,16,18,25,28,29,33,35,41,47,54],"killed_by":"The Heart","ascension_level":0}