{"gold_per_floor":[118,135,153,11,24,24,24,57,57,57],"floor_reached":10,"playtime":460,"items_purged":[],"score":133,"play_id":"6650f4db-d832-4869-a497-be23211584a1","local_time":"20190302081749","is_ascension_mode":true,"campfire_choices":[{"data":"Zap","floor":6,"key":"SMITH"}],"neow_cost":"NONE","seed_source_timestamp":1328387521282977,"circlet_count":0,"master_deck":["AscendersBane","Strike_B","Strike_B","Strike_B","Strike_B","Defend_B","Defend_B","Defend_B","Defend_B","Zap+1","Dualcast","Rainbow","Streamline","Compile Driver","Cold Snap","FTL","Cold Snap","Conserve Battery","Capacitor","Sweeping Beam"],"relics":["Cracked Core","Golden Idol","Question Card","The Courier"],"potions_floor_usage":[8,10],"damage_taken":[{"damage":0,"enemies":"Cultist","floor":1,"turns":4},{"damage":7,"enemies":"Jaw Worm","floor":2,"turns":3},{"damage":5,"enemies":"2 Louse","floor":3,"turns":2},{"damage":3,"enemies":"Exordium Wildlife","floor":5,"turns":4},{"damage":10,"enemies":"3 Sentries","floor":8,"turns":6},{"damage":30,"enemies":"Gremlin Nob","floor":10,"turns":3}],"seed_played":"-8049956038832264618","potions_obtained":[{"floor":2,"key":"FocusPotion"},{"floor":8,"key":"GamblersBrew"}],"is_trial":false,"path_per_floor":["M","M","M","$","M","R","?","E","T","E"],"character_chosen":"DEFECT","items_purchased":["FTL","Cold Snap","Conserve Battery"],"campfire_rested":0,"item_purchase_floors":[4,4,4],"current_hp_per_floor":[64,57,52,52,49,49,25,15,15,0],"gold":57,"neow_bonus":"ONE_RANDOM_RARE_CARD","is_prod":false,"is_daily":false,"chose_seed":false,"campfire_upgraded":1,"win_rate":0,"timestamp":1551536269,"path_taken":["M","M","?","$","M","R","?","E","T","E"],"build_version":"2019-01-23","purchased_purges":0,"victory":false,"max_hp_per_floor":[71,71,71,71,71,71,71,71,71,71],"card_choices":[{"not_picked":["Conserve Battery","Redo"],"picked":"Streamline","floor":1},{"not_picked":["Redo","Aggregate"],"picked":"Compile Driver","floor":2},{"not_picked":["Meteor Strike","Conserve Battery"],"picked":"Cold Snap","floor":3},{"not_picked":["Force Field","Hologram"],"picked":"Capacitor","floor":5},{"not_picked":["Gash","Auto Shields"],"picked":"Sweeping Beam","floor":8}],"player_experience":551844,"relics_obtained":[{"floor":8,"key":"Question Card"},{"floor":9,"key":"The Courier"}],"event_choices":[{"damage_healed":0,"gold_gain":0,"player_choice":"Take Damage","damage_taken":24,"relics_obtained":["Golden Idol"],"max_hp_gain":0,"max_hp_loss":0,"event_name":"Golden Idol","floor":7,"gold_loss":0}],"is_beta":false,"boss_relics":[],"items_purged_floors":[],"is_endless":false,"potions_floor_spawned":[2,8],"killed_by":"Gremlin Nob","ascension_level":19}