{"path_per_floor":["M","M","?","$","M","E","R","E","T","R","M","M","E","?","R","B",null,"M","?","?","M","?","E","M","R","T","E","$","T","$","?","R","B",null,"M","?","M","M","M","R","E","R","T","M","E","M","$","M","R","B"],"character_chosen":"THE_SILENT","items_purchased":["Frozen Egg 2","Bandage Up","Blood Vial","Bird Faced Urn","Malaise","Noxious Fumes"],"gold_per_floor":[313,333,408,61,71,103,103,130,157,157,173,184,214,287,287,388,388,398,398,398,418,418,449,462,462,488,515,370,424,11,11,11,112,112,126,171,187,206,218,218,244,244,271,285,316,335,260,278,278,278],"floor_reached":51,"campfire_rested":2,"playtime":5384,"current_hp_per_floor":[54,54,43,43,47,16,37,11,11,47,51,31,34,34,34,26,59,56,56,56,59,59,63,58,58,58,38,38,38,38,38,38,56,72,75,66,70,77,75,75,43,43,43,58,77,77,77,77,77,49],"items_purged":["Deadly Poison"],"gold":278,"score":1160,"play_id":"4b3caa75-b266-4d58-a3b3-ccda8de2aa36","local_time":"20180417001656","is_prod":false,"is_daily":false,"chose_seed":false,"is_ascension_mode":true,"campfire_upgraded":6,"timestamp":1523917016,"path_taken":["M","M","?","$","M","E","R","E","T","R","M","M","E","?","R","BOSS","M","?","?","M","?","E","M","R","T","E","$","?","$","?","R","BOSS","M","?","M","M","M","R","E","R","T","M","E","M","?","?","R","BOSS"],"build_version":"2018-04-12","seed_source_timestamp":400330193480111,"purchased_purges":1,"victory":true,"master_deck":["Survivor","Neutralize+1","AscendersBane","PiercingWail","Die Die Die+1","Bandage Up+1","Well Laid Plans+1","After Image+1","Choke+1","Flying Knee","Noxious Fumes+1","Noxious Fumes+1","Adrenaline","Cloak And Dagger+1","Deadly Poison","Flying Knee","Skewer+1","Infinite Blades+1","Backflip","Acrobatics","Cloak And Dagger+1","Cloak And Dagger+1","Cloak And Dagger","Endless Agony","Adrenaline","Malaise+1","Noxious Fumes+1","Tools of the Trade+1","Terror+1","Calculated Gamble+1","Cloak And Dagger+1","Sucker Punch+1","Outmaneuver+1","Malaise+1"],"max_hp_per_floor":[70,70,70,70,70,70,70,70,70,70,70,70,70,70,70,70,70,70,70,70,70,70,77,77,77,77,77,77,77,77,77,77,77,77,77,77,77,77,77,77,77,77,77,77,77,77,77,77,77,77],"relics":["Ring of the Snake","Old Coin","Frozen Egg 2","Dream Catcher","Oddly Smooth Stone","Regal Pillow","Pen Nib","Pandora\u0027s Box","Letter Opener","Strawberry","Omamori","Toxic Egg 2","Blood Vial","Whetstone","Bird Faced Urn","Black Star","Tingsha","Prayer Wheel","Bag of Marbles","Snake Skull","Bag of Preparation","Anchor"],"card_choices":[{"not_picked":["Concentrate","Deadly Poison"],"picked":"PiercingWail","floor":1},{"not_picked":["Quick Slash","Skewer"],"picked":"Die Die Die","floor":2},{"not_picked":["Slice","Bane"],"picked":"Well Laid Plans","floor":5},{"not_picked":["Wraith Form v2","Prepared"],"picked":"After Image","floor":6},{"not_picked":["Escape Plan","Acrobatics"],"picked":"Choke","floor":7},{"not_picked":["Prepared","Quick Slash"],"picked":"Flying Knee","floor":10},{"not_picked":["Cloak And Dagger","Adrenaline"],"picked":"Noxious Fumes","floor":12},{"not_picked":["Underhanded Strike","Deadly Poison"],"picked":"Noxious Fumes","floor":13},{"not_picked":["Venomology","Die Die Die"],"picked":"Adrenaline","floor":16},{"not_picked":["Sucker Punch","Prepared"],"picked":"Cloak And Dagger","floor":18},{"not_picked":["Dagger Throw","Calculated Gamble"],"picked":"Cloak And Dagger","floor":21},{"not_picked":["Quick Slash","Slice"],"picked":"Endless Agony","floor":23},{"not_picked":["Flying Knee","Leg Sweep"],"picked":"Adrenaline","floor":24},{"not_picked":["Phantasmal Killer","Night Terror"],"picked":"Tools of the Trade","floor":33},{"not_picked":["Flying Knee","Poisoned Stab"],"picked":"Terror","floor":36},{"not_picked":["Deflect","Dagger Throw"],"picked":"Calculated Gamble","floor":38},{"not_picked":["Blur","Underhanded Strike"],"picked":"Cloak And Dagger","floor":41},{"not_picked":["Underhanded Strike","Backflip"],"picked":"Sucker Punch","floor":44},{"not_picked":["Bullet Time","Slice"],"picked":"Outmaneuver","floor":45},{"not_picked":["Riddle With Holes","Dagger Throw"],"picked":"Malaise","floor":48}],"player_experience":330453,"potions_floor_usage":[6,8,16,33,36,36,50,50,50],"damage_taken":[{"damage":9,"enemies":"Jaw Worm","floor":1,"turns":6},{"damage":0,"enemies":"2 Louse","floor":2,"turns":4},{"damage":0,"enemies":"Small Slimes","floor":5,"turns":4},{"damage":35,"enemies":"Lagavulin","floor":6,"turns":10},{"damage":30,"enemies":"Gremlin Nob","floor":8,"turns":5},{"damage":0,"enemies":"Exordium Wildlife","floor":11,"turns":4},{"damage":24,"enemies":"Exordium Thugs","floor":12,"turns":4},{"damage":1,"enemies":"3 Sentries","floor":13,"turns":5},{"damage":12,"enemies":"Slime Boss","floor":16,"turns":7},{"damage":7,"enemies":"Spheric Guardian","floor":18,"turns":5},{"damage":1,"enemies":"3 Byrds","floor":21,"turns":4},{"damage":7,"enemies":"Book of Stabbing","floor":23,"turns":7},{"damage":9,"enemies":"Centurion and Healer","floor":24,"turns":4},{"damage":24,"enemies":"Slavers","floor":27,"turns":4},{"damage":2,"enemies":"Automaton","floor":33,"turns":9},{"damage":2,"enemies":"Orb Walker","floor":35,"turns":4},{"damage":23,"enemies":"Mysterious Sphere","floor":36,"turns":3},{"damage":18,"enemies":"3 Shapes","floor":37,"turns":6},{"damage":3,"enemies":"Maw","floor":38,"turns":7},{"damage":8,"enemies":"3 Darklings","floor":39,"turns":4},{"damage":42,"enemies":"2 Orb Walkers","floor":41,"turns":4},{"damage":7,"enemies":"Sphere and 2 Shapes","floor":44,"turns":5},{"damage":0,"enemies":"Nemesis","floor":45,"turns":7},{"damage":3,"enemies":"4 Shapes","floor":46,"turns":3},{"damage":2,"enemies":"Maw","floor":48,"turns":6},{"damage":41,"enemies":"Awakened One","floor":50,"turns":14}],"event_choices":[{"event_name":"World of Goop","player_choice":"Gather Gold","floor":3,"damage_taken":0},{"event_name":"Golden Wing","player_choice":"Gained Gold","floor":14,"damage_taken":0},{"event_name":"Vampires","player_choice":"Ignored","floor":19,"damage_taken":0},{"event_name":"Ghosts","player_choice":"Ignored","floor":20,"damage_taken":0},{"event_name":"The Mausoleum","player_choice":"Yes","floor":22,"damage_taken":0},{"event_name":"Back to Basics","player_choice":"Elegance","floor":31,"damage_taken":0},{"event_name":"Mysterious Sphere","player_choice":"Fight","floor":36,"damage_taken":0}],"boss_relics":[{"not_picked":["Tiny House","Calling Bell"],"picked":"Pandora\u0027s Box"},{"not_picked":["Orrery","Snecko Eye"],"picked":"Black Star"}],"potions_floor_spawned":[1,6,12,16,24,33,38,39,41,46],"seed_played":"-9192905039204639031","ascension_level":10,"is_trial":false}