{"gold_per_floor":[117,117,192,51,66,66,100,100,126,138,138,166,183,193,193,289,289,306,323,323,63,75,75,110,110,110,121,135,135,20,295,295,398,398,415,434,451,462,462,496,496,496,545,545,557,78,78,95,95,95,95,95,19,46,46],"floor_reached":55,"playtime":3804,"items_purged":["Strike_G","Strike_G"],"score":757,"play_id":"4e468925-e590-471e-8494-d072edc824cb","local_time":"20181120191509","is_ascension_mode":false,"campfire_choices":[{"data":"Noxious Fumes","floor":6,"key":"SMITH"},{"data":"Crippling Poison","floor":8,"key":"SMITH"},{"data":"Skewer","floor":11,"key":"SMITH"},{"floor":15,"key":"REST"},{"data":"After Image","floor":23,"key":"SMITH"},{"floor":25,"key":"REST"},{"data":"Envenom","floor":29,"key":"SMITH"},{"data":"Cloak And Dagger","floor":32,"key":"SMITH"},{"floor":42,"key":"RECALL"},{"floor":49,"key":"REST"},{"data":"Flame Barrier","floor":52,"key":"SMITH"}],"neow_cost":"NONE","seed_source_timestamp":492555701528615,"circlet_count":0,"master_deck":["Defend_G","Defend_G","Defend_G","Defend_G","Defend_G","Strike_G","Strike_G","Strike_G","Survivor","Neutralize+1","Leg Sweep","Noxious Fumes+1","Crippling Poison+1","Skewer+1","Cloak And Dagger+1","Dagger Throw","Envenom+1","Bouncing Flask","After Image+1","Flame Barrier+1","Caltrops","Poisoned Stab+1","Cloak And Dagger","Noxious Fumes","Crippling Poison","Regret","Backflip","Leg Sweep+1","Parasite","Writhe","Poisoned Stab+1","Blur","Glass Knife","Secret Technique","Caltrops"],"relics":["Ring of the Snake","Du-Vu Doll","Strawberry","Busted Crown","Bronze Scales","Ice Cream","Mercury Hourglass","WristBlade","Ginger","Ancient Tea Set","Dodecahedron","Snake Skull"],"potions_floor_usage":[7,7,22,33,33,33,40,55,55],"damage_taken":[{"damage":0,"enemies":"Small Slimes","floor":1,"turns":6},{"damage":0,"enemies":"2 Louse","floor":5,"turns":4},{"damage":15,"enemies":"Lagavulin","floor":7,"turns":8},{"damage":0,"enemies":"Jaw Worm","floor":10,"turns":4},{"damage":7,"enemies":"Gremlin Nob","floor":12,"turns":4},{"damage":7,"enemies":"Exordium Thugs","floor":13,"turns":4},{"damage":0,"enemies":"Red Slaver","floor":14,"turns":4},{"damage":22,"enemies":"The Guardian","floor":16,"turns":10},{"damage":16,"enemies":"2 Thieves","floor":18,"turns":5},{"damage":0,"enemies":"Spheric Guardian","floor":19,"turns":6},{"damage":0,"enemies":"Centurion and Healer","floor":22,"turns":7},{"damage":24,"enemies":"Slavers","floor":24,"turns":5},{"damage":0,"enemies":"Snecko","floor":27,"turns":4},{"damage":4,"enemies":"Snake Plant","floor":28,"turns":3},{"damage":15,"enemies":"Automaton","floor":33,"turns":8},{"damage":2,"enemies":"3 Darklings","floor":35,"turns":4},{"damage":4,"enemies":"3 Shapes","floor":36,"turns":4},{"damage":4,"enemies":"Spire Growth","floor":37,"turns":7},{"damage":9,"enemies":"Writhing Mass","floor":38,"turns":7},{"damage":19,"enemies":"Giant Head","floor":40,"turns":9},{"damage":6,"enemies":"4 Shapes","floor":45,"turns":5},{"damage":14,"enemies":"Jaw Worm Horde","floor":48,"turns":4},{"damage":58,"enemies":"Time Eater","floor":50,"turns":11},{"damage":28,"enemies":"Shield and Spear","floor":54,"turns":6},{"damage":72,"enemies":"The Heart","floor":55,"turns":6}],"seed_played":"-2491823309682280405","potions_obtained":[{"floor":5,"key":"EntropicBrew"},{"floor":10,"key":"Explosive Potion"},{"floor":16,"key":"Energy Potion"},{"floor":24,"key":"SpeedPotion"},{"floor":35,"key":"GhostInAJar"},{"floor":38,"key":"Poison Potion"},{"floor":54,"key":"Regen Potion"}],"is_trial":false,"path_per_floor":["M","?","?","$","M","R","E","R","T","M","R","E","M","M","R","B",null,"M","M","?","$","M","R","E","R","T","M","M","R","$","?","R","B",null,"M","M","M","M","?","E","?","R","T","?","M","$","T","M","R","B",null,"R","$","E","B"],"character_chosen":"THE_SILENT","items_purchased":["Noxious Fumes","Crippling Poison","Bronze Scales","Caltrops","Noxious Fumes","Crippling Poison","Blur","Glass Knife","Secret Technique","Caltrops"],"campfire_rested":3,"item_purchase_floors":[4,4,21,21,30,30,46,46,46,53],"current_hp_per_floor":[77,77,66,66,66,66,51,51,51,51,51,51,44,44,69,47,84,68,68,68,68,68,68,44,69,69,69,65,65,65,65,65,50,84,82,78,74,65,65,46,67,67,67,67,61,61,61,47,72,14,84,84,84,56,0],"gold":46,"neow_bonus":"TEN_PERCENT_HP_BONUS","is_prod":false,"is_daily":false,"chose_seed":false,"campfire_upgraded":7,"win_rate":0,"timestamp":1542759309,"path_taken":["M","?","?","$","M","R","E","R","T","M","R","E","M","M","R","BOSS","M","M","?","?","M","R","E","R","T","M","?","R","$","?","R","BOSS","M","M","M","?","?","E","?","R","T","?","M","$","?","M","R","BOSS","R","$","E","BOSS"],"build_version":"2018-11-15","purchased_purges":2,"victory":false,"max_hp_per_floor":[77,77,77,77,77,77,77,77,77,77,77,84,84,84,84,84,84,84,84,84,84,84,84,84,84,84,84,84,84,84,84,84,84,84,84,84,84,84,84,84,84,84,84,84,84,84,84,84,84,84,84,84,84,84,84],"card_choices":[{"not_picked":["Slice","Accuracy"],"picked":"Leg Sweep","floor":1},{"not_picked":["Flying Knee","Underhanded Strike"],"picked":"Dagger Spray","floor":5},{"not_picked":["Prepared","Dagger Spray"],"picked":"Skewer","floor":7},{"not_picked":["Noxious Fumes","Choke"],"picked":"Cloak And Dagger","floor":10},{"not_picked":["Dodge and Roll","Infinite Blades"],"picked":"Dagger Throw","floor":12},{"not_picked":["Blade Dance","Tactician"],"picked":"Envenom","floor":13},{"not_picked":["Bane","All Out Attack"],"picked":"Bouncing Flask","floor":14},{"not_picked":["Grand Finale","Corpse Explosion"],"picked":"After Image","floor":16},{"not_picked":["Predator"],"picked":"SKIP","floor":18},{"not_picked":["Riddle With Holes"],"picked":"SKIP","floor":19},{"not_picked":[],"picked":"Poisoned Stab+1","floor":22},{"not_picked":["Dagger Throw"],"picked":"SKIP","floor":24},{"not_picked":[],"picked":"Cloak And Dagger","floor":27},{"not_picked":["Blade Dance"],"picked":"SKIP","floor":28},{"not_picked":[],"picked":"Backflip","floor":35},{"not_picked":[],"picked":"Leg Sweep+1","floor":36},{"not_picked":["Skewer"],"picked":"SKIP","floor":37},{"not_picked":["Eviscerate+1"],"picked":"SKIP","floor":38},{"not_picked":["Setup"],"picked":"SKIP","floor":40},{"not_picked":[],"picked":"Poisoned Stab+1","floor":45},{"not_picked":["Finisher"],"picked":"SKIP","floor":48},{"not_picked":["Dagger Spray"],"picked":"SKIP","floor":54}],"player_experience":1189109,"relics_obtained":[{"floor":7,"key":"Du-Vu Doll"},{"floor":12,"key":"Strawberry"},{"floor":24,"key":"Ice Cream"},{"floor":26,"key":"Mercury Hourglass"},{"floor":40,"key":"Ginger"},{"floor":43,"key":"Ancient Tea Set"},{"floor":47,"key":"Dodecahedron"},{"floor":54,"key":"Snake Skull"}],"event_choices":[{"damage_healed":0,"gold_gain":0,"player_choice":"Grow","damage_taken":0,"max_hp_gain":0,"max_hp_loss":0,"event_name":"Living Wall","floor":2,"gold_loss":0,"cards_upgraded":["Neutralize"]},{"damage_healed":0,"gold_gain":75,"player_choice":"Gather Gold","damage_taken":11,"max_hp_gain":0,"max_hp_loss":0,"event_name":"World of Goop","floor":3,"gold_loss":0},{"cards_removed":["Dagger Spray"],"damage_healed":0,"gold_gain":0,"player_choice":"Took Card","damage_taken":0,"max_hp_gain":0,"max_hp_loss":0,"event_name":"NoteForYourself","floor":20,"gold_loss":0,"cards_obtained":["Flame Barrier"]},{"damage_healed":0,"gold_gain":275,"player_choice":"Desecrate","damage_taken":0,"max_hp_gain":0,"max_hp_loss":0,"event_name":"Golden Shrine","floor":31,"gold_loss":0,"cards_obtained":["Regret"]},{"damage_healed":0,"gold_gain":0,"player_choice":"Ignored","damage_taken":0,"max_hp_gain":0,"max_hp_loss":0,"event_name":"Tomb of Lord Red Mask","floor":39,"gold_loss":0},{"damage_healed":21,"gold_gain":0,"player_choice":"Writhe","damage_taken":0,"max_hp_gain":0,"max_hp_loss":0,"event_name":"Winding Halls","floor":41,"gold_loss":0,"cards_obtained":["Writhe"]},{"damage_healed":0,"gold_gain":0,"player_choice":"Ignored","damage_taken":0,"max_hp_gain":0,"max_hp_loss":0,"event_name":"Mysterious Sphere","floor":44,"gold_loss":0}],"is_beta":false,"boss_relics":[{"not_picked":["Coffee Dripper","Runic Pyramid"],"picked":"Busted Crown"},{"not_picked":["Calling Bell","Fusion Hammer"],"picked":"WristBlade"}],"items_purged_floors":[21,46],"is_endless":false,"potions_floor_spawned":[5,10,14,16,18,19,24,35,38,54],"killed_by":"The Heart","ascension_level":0}