{"gold_per_floor":[115,129,144,156,156,200,200,89,89,102,123,143,173,63,63,184,184,205,228,252,265,283,283,283,307,357,357,381,381,397,416,416,416],"floor_reached":33,"playtime":5182,"items_purged":[],"score":257,"play_id":"1214a299-344a-44fc-854d-50d568a957fb","local_time":"20190221203300","is_ascension_mode":false,"campfire_choices":[{"floor":7.0,"key":"REST"},{"floor":15.0,"key":"REST"},{"floor":23,"key":"REST"},{"floor":29,"key":"RECALL"},{"floor":32,"key":"REST"}],"neow_cost":"NONE","seed_source_timestamp":0,"circlet_count":0,"master_deck":["Defend_G","Defend_G","Defend_G","Defend_G","Defend_G","Strike_G","Strike_G","Strike_G","Strike_G","Survivor","Neutralize","Endless Agony","Outmaneuver","Crippling Poison","Poisoned Stab","Noxious Fumes","Noxious Fumes","Crippling Poison","Bane","Backstab","Leg Sweep","Crippling Poison","All Out Attack","Bullet Time","Prepared+1","Infinite Blades","Underhanded Strike+1","Corpse Explosion","Accuracy","Terror","Heel Hook+1","Leg Sweep"],"special_seed":0,"relics":["Ring of the Serpent","Bag of Marbles","Golden Idol","Bag of Preparation","Matryoshka","Dream Catcher","Anchor"],"potions_floor_usage":[20,20,25,30,30],"damage_taken":[{"damage":0.0,"enemies":"2 Louse","floor":1.0,"turns":4.0},{"damage":0.0,"enemies":"Jaw Worm","floor":2.0,"turns":2.0},{"damage":0.0,"enemies":"Cultist","floor":3.0,"turns":4.0},{"damage":1.0,"enemies":"Gremlin Gang","floor":4.0,"turns":4.0},{"damage":35.0,"enemies":"Gremlin Nob","floor":6.0,"turns":5.0},{"damage":4.0,"enemies":"Blue Slaver","floor":10.0,"turns":5.0},{"damage":14.0,"enemies":"Exordium Thugs","floor":11.0,"turns":3.0},{"damage":0.0,"enemies":"Large Slime","floor":12.0,"turns":5.0},{"damage":24.0,"enemies":"Hexaghost","floor":16.0,"turns":10.0},{"damage":0,"enemies":"3 Byrds","floor":18,"turns":3},{"damage":4,"enemies":"2 Thieves","floor":19,"turns":4},{"damage":8,"enemies":"Snake Plant","floor":20,"turns":6},{"damage":27,"enemies":"Snecko","floor":21,"turns":5},{"damage":16,"enemies":"Chosen and Byrds","floor":22,"turns":8},{"damage":5,"enemies":"Centurion and Healer","floor":25,"turns":6},{"damage":7,"enemies":"3 Cultists","floor":28,"turns":4},{"damage":5,"enemies":"Snake Plant","floor":30,"turns":5},{"damage":9,"enemies":"Shelled Parasite and Fungi","floor":31,"turns":7},{"damage":33,"enemies":"Collector","floor":33,"turns":5}],"seed_played":"-5835815195450341517","potions_obtained":[{"floor":1.0,"key":"Dexterity Potion"},{"floor":3.0,"key":"Regen Potion"},{"floor":11.0,"key":"Swift Potion"},{"floor":12.0,"key":"Ancient Potion"},{"floor":16.0,"key":"Block Potion"},{"floor":19,"key":"PowerPotion"},{"floor":22,"key":"GhostInAJar"},{"floor":25,"key":"SkillPotion"}],"is_trial":false,"path_per_floor":["M","M","M","M","?","E","R","$","T","M","M","M","?","$","R","B",null,"M","M","M","M","M","R","?","M","T","?","M","R","M","M","R","B"],"character_chosen":"THE_SILENT","items_purchased":["Noxious Fumes","Crippling Poison","Crippling Poison","All Out Attack"],"campfire_rested":4,"item_purchase_floors":[8,8,14,14],"current_hp_per_floor":[70,70,70,69,52,17,38,38,38,34,20,20,20,20,41,32,70,70,66,58,31,15,36,36,31,31,31,24,24,19,10,31,0],"gold":416,"neow_bonus":"RANDOM_COMMON_RELIC","is_prod":false,"is_daily":false,"chose_seed":false,"campfire_upgraded":0,"win_rate":0,"timestamp":1550809980,"path_taken":["M","M","M","M","?","E","R","$","T","M","M","M","?","$","R","BOSS","M","M","M","M","M","R","?","M","T","?","M","R","?","M","R","BOSS"],"build_version":"2019-01-23","purchased_purges":0,"victory":false,"max_hp_per_floor":[70,70,70,70,70,70,70,70,70,70,70,70,70,70,70,70,70,70,70,70,70,70,70,70,70,70,70,70,70,70,70,70,70],"card_choices":[{"not_picked":["Dagger Throw","Flying Knee"],"picked":"Endless Agony","floor":1.0},{"not_picked":["Dodge and Roll","Backflip"],"picked":"Outmaneuver","floor":2.0},{"not_picked":["Reflex","Heel Hook"],"picked":"Crippling Poison","floor":3.0},{"not_picked":["Deflect","Tactician"],"picked":"Poisoned Stab","floor":4.0},{"not_picked":["Underhanded Strike","Reflex"],"picked":"Noxious Fumes","floor":6.0},{"not_picked":["Calculated Gamble","Blade Dance"],"picked":"Bane","floor":10.0},{"not_picked":["Dagger Throw","Dodge and Roll"],"picked":"Backstab","floor":11.0},{"not_picked":["Distraction","Dagger Spray"],"picked":"Leg Sweep","floor":12.0},{"not_picked":["Phantasmal Killer","Doppelganger"],"picked":"Bullet Time","floor":16.0},{"not_picked":["Dagger Throw","Escape Plan"],"picked":"Prepared+1","floor":18},{"not_picked":["Outmaneuver","Underhanded Strike","Deflect"],"picked":"SKIP","floor":19},{"not_picked":["Bane","Calculated Gamble"],"picked":"Infinite Blades","floor":20},{"not_picked":["Riddle With Holes","Slice+1"],"picked":"Underhanded Strike+1","floor":21},{"not_picked":["Slice","Deflect","Quick Slash"],"picked":"SKIP","floor":22},{"not_picked":["Dagger Spray","Acrobatics+1"],"picked":"Corpse Explosion","floor":25},{"not_picked":["Dodge and Roll","Dagger Throw"],"picked":"Terror","floor":28},{"not_picked":["Tactician","Prepared"],"picked":"Heel Hook+1","floor":30},{"not_picked":["Reflex","Outmaneuver","Prepared"],"picked":"SKIP","floor":31},{"not_picked":["Terror","Bouncing Flask+1"],"picked":"Leg Sweep","floor":32}],"player_experience":188336,"relics_obtained":[{"floor":6.0,"key":"Bag of Preparation"},{"floor":26,"key":"Dream Catcher"},{"floor":26,"key":"Anchor"}],"event_choices":[{"damage_healed":0.0,"max_hp_gain":0.0,"max_hp_loss":0.0,"gold_gain":0.0,"event_name":"Golden Idol","player_choice":"Take Damage","floor":5.0,"gold_loss":0.0,"damage_taken":17.0,"relics_obtained":["Golden Idol"]},{"damage_healed":0.0,"max_hp_gain":0.0,"max_hp_loss":0.0,"gold_gain":30.0,"event_name":"Dead Adventurer","player_choice":"Searched \u00271\u0027 times","floor":13.0,"gold_loss":0.0,"damage_taken":0.0},{"damage_healed":0,"gold_gain":0,"player_choice":"Opened","damage_taken":0,"relics_obtained":["Matryoshka"],"max_hp_gain":0,"max_hp_loss":0,"event_name":"The Mausoleum","floor":24,"gold_loss":0},{"damage_healed":0,"gold_gain":0,"cards_transformed":["Strike_G"],"player_choice":"Transformed","damage_taken":0,"max_hp_gain":0,"max_hp_loss":0,"event_name":"Transmorgrifier","floor":27,"gold_loss":0,"cards_obtained":["Accuracy"]}],"is_beta":false,"boss_relics":[{"not_picked":["Calling Bell","Empty Cage"],"picked":"Ring of the Serpent"}],"items_purged_floors":[],"is_endless":false,"potions_floor_spawned":[1,3,11,12,16,19,22,25],"killed_by":"Collector","ascension_level":0}