{"gold_per_floor":[110,110,130,143,218,218,218,218,218,230,247,247,262,288,288,384,384,366,366,37,53,64,124,50,63,63,63,81,81,81,81],"floor_reached":31,"playtime":2644,"items_purged":[],"score":295,"play_id":"a8606155-50fa-4216-9ece-822986825968","local_time":"20190204003109","is_ascension_mode":true,"campfire_choices":[{"data":"Backflip","floor":6,"key":"SMITH"},{"data":"Infinite Blades","floor":8,"key":"SMITH"},{"data":"Neutralize","floor":12,"key":"SMITH"},{"floor":15,"key":"REST"},{"floor":27,"key":"REST"},{"floor":29,"key":"REST"},{"data":"Blur","floor":30,"key":"SMITH"}],"neow_cost":"NONE","seed_source_timestamp":13832011155469,"circlet_count":0,"master_deck":["Defend_G","Defend_G","Defend_G","Defend_G","Defend_G","Strike_G","Strike_G","Strike_G","Strike_G","Strike_G","Survivor","Neutralize+1","Flying Knee+1","Infinite Blades+1","Backflip+1","Quick Slash","Tactician","Deadly Poison","Die Die Die","Masterful Stab","Catalyst","Masterful Stab","Venomology","Footwork+1","Finisher","Crippling Poison","Cloak And Dagger","Tools of the Trade","Blur+1","Bouncing Flask+1","Infinite Blades+1","Slice","Accuracy","PiercingWail","Burst","Deflect+1"],"relics":["Ring of the Snake","NeowsBlessing","Prayer Wheel","Paper Crane","Tough Bandages","WristBlade","Juzu Bracelet","MealTicket","Tiny Chest","WingedGreaves"],"potions_floor_usage":[16,18,21,21,23,23,25,31,31,31,31],"damage_taken":[{"damage":0,"enemies":"2 Louse","floor":1,"turns":1},{"damage":0,"enemies":"Cultist","floor":3,"turns":1},{"damage":0,"enemies":"Jaw Worm","floor":4,"turns":1},{"damage":0,"enemies":"Red Slaver","floor":10,"turns":5},{"damage":14,"enemies":"Exordium Thugs","floor":11,"turns":4},{"damage":3,"enemies":"2 Fungi Beasts","floor":13,"turns":3},{"damage":13,"enemies":"3 Sentries","floor":14,"turns":5},{"damage":28,"enemies":"The Guardian","floor":16,"turns":11},{"damage":44,"enemies":"2 Thieves","floor":18,"turns":4},{"damage":4,"enemies":"Shell Parasite","floor":21,"turns":7},{"damage":17,"enemies":"Snecko","floor":22,"turns":6},{"damage":15,"enemies":"Book of Stabbing","floor":23,"turns":8},{"damage":37,"enemies":"Centurion and Healer","floor":25,"turns":5},{"damage":17,"enemies":"Sentry and Sphere","floor":28,"turns":4},{"damage":44,"enemies":"Slavers","floor":31,"turns":4}],"seed_played":"-7225454022073747340","potions_obtained":[{"floor":11,"key":"Regen Potion"},{"floor":13,"key":"Poison Potion"},{"floor":14,"key":"Regen Potion"},{"floor":21,"key":"Explosive Potion"},{"floor":25,"key":"SpeedPotion"},{"floor":28,"key":"Strength Potion"}],"is_trial":false,"path_per_floor":["M","?","M","M","?","R","?","R","T","M","M","R","M","E","R","B",null,"M","T","$","M","M","E","$","M","T","R","M","R","R","E"],"character_chosen":"THE_SILENT","items_purchased":["MealTicket","Crippling Poison","Cloak And Dagger","Accuracy"],"campfire_rested":3,"item_purchase_floors":[20,20,20,24],"current_hp_per_floor":[70,70,70,70,59,59,59,59,59,59,45,45,42,29,50,22,70,26,26,26,67,50,35,35,7,7,28,11,32,32,0],"gold":81,"neow_bonus":"THREE_ENEMY_KILL","is_prod":false,"is_daily":false,"chose_seed":false,"campfire_upgraded":4,"win_rate":0,"timestamp":1549236669,"path_taken":["M","?","?","M","?","R","?","R","T","M","?","R","M","E","R","BOSS","M","?","$","M","M","E","?","M","T","R","M","R","R","E"],"build_version":"2019-01-23","purchased_purges":0,"victory":false,"max_hp_per_floor":[70,70,70,70,70,70,70,70,70,70,70,70,70,70,70,70,70,70,70,70,70,70,70,70,70,70,70,70,70,70,70],"card_choices":[{"not_picked":["Acrobatics","Outmaneuver"],"picked":"Flying Knee","floor":1},{"not_picked":["Sucker Punch","Flying Knee"],"picked":"Infinite Blades","floor":3},{"not_picked":["Bane","Dodge and Roll"],"picked":"Backflip","floor":4},{"not_picked":["Terror","Backflip"],"picked":"Quick Slash","floor":10},{"not_picked":["Backflip","Deadly Poison"],"picked":"Tactician","floor":10},{"not_picked":["Outmaneuver","Caltrops"],"picked":"Deadly Poison","floor":11},{"not_picked":["Dagger Spray","Slice"],"picked":"Die Die Die","floor":11},{"not_picked":["Dodge and Roll","Dash"],"picked":"Masterful Stab","floor":13},{"not_picked":["Deadly Poison","Underhanded Strike"],"picked":"Catalyst","floor":13},{"not_picked":["Infinite Blades","Catalyst"],"picked":"Masterful Stab","floor":14},{"not_picked":["Bullet Time","A Thousand Cuts"],"picked":"Venomology","floor":16},{"not_picked":["Outmaneuver","Dagger Spray+1"],"picked":"Footwork+1","floor":18},{"not_picked":["Leg Sweep","Tactician"],"picked":"Finisher","floor":18},{"not_picked":["Bane","Caltrops"],"picked":"Tools of the Trade","floor":21},{"not_picked":["Crippling Poison","Quick Slash"],"picked":"Blur","floor":21},{"not_picked":["Underhanded Strike","Deadly Poison"],"picked":"Bouncing Flask+1","floor":22},{"not_picked":["Slice","Deflect"],"picked":"Infinite Blades+1","floor":22},{"not_picked":["Choke","Dagger Throw+1"],"picked":"Slice","floor":23},{"not_picked":["Choke+1","Caltrops"],"picked":"PiercingWail","floor":25},{"not_picked":["Flying Knee","Bane","Quick Slash"],"picked":"SKIP","floor":25},{"not_picked":["Dagger Spray","Dodge and Roll"],"picked":"Burst","floor":28},{"not_picked":["Riddle With Holes+1","Poisoned Stab"],"picked":"Deflect+1","floor":28}],"player_experience":200001,"relics_obtained":[{"floor":9,"key":"Paper Crane"},{"floor":14,"key":"Tough Bandages"},{"floor":19,"key":"Juzu Bracelet"},{"floor":23,"key":"Tiny Chest"},{"floor":26,"key":"WingedGreaves"}],"event_choices":[{"damage_healed":0,"gold_gain":0,"player_choice":"Upgraded","damage_taken":0,"max_hp_gain":0,"max_hp_loss":0,"event_name":"Upgrade Shrine","floor":2,"gold_loss":0,"cards_upgraded":["Flying Knee"]},{"damage_healed":0,"gold_gain":75,"player_choice":"Gather Gold","damage_taken":11,"max_hp_gain":0,"max_hp_loss":0,"event_name":"World of Goop","floor":5,"gold_loss":0},{"damage_healed":0,"gold_gain":0,"player_choice":"Searched \u00271\u0027 times","damage_taken":0,"relics_obtained":["Prayer Wheel"],"max_hp_gain":0,"max_hp_loss":0,"event_name":"Dead Adventurer","floor":7,"gold_loss":0}],"is_beta":false,"boss_relics":[{"not_picked":["Pandora\u0027s Box","Lizard Tail"],"picked":"WristBlade"}],"items_purged_floors":[],"is_endless":false,"potions_floor_spawned":[11,13,14,21,25,28],"killed_by":"Slavers","ascension_level":1}