{"gold_per_floor":[119,119,135,135,148,177,177,205,228,228,81,81,81,102,102,102],"floor_reached":16,"playtime":613,"items_purged":["Strike_R"],"score":108,"play_id":"378832aa-5e8c-402f-aca1-dbeaa31b3064","local_time":"20190222224218","is_ascension_mode":false,"campfire_choices":[{"data":"Thunderclap","floor":7,"key":"SMITH"},{"data":"Pommel Strike","floor":10,"key":"SMITH"},{"data":"Cleave","floor":15,"key":"SMITH"}],"neow_cost":"PERCENT_DAMAGE","seed_source_timestamp":19512733983873,"circlet_count":0,"master_deck":["Strike_R","Strike_R","Strike_R","Defend_R+1","Defend_R","Defend_R+1","Defend_R","Bash","Headbutt","Thunderclap+1","Pommel Strike+1","Offering","Blood for Blood","Ghostly Armor","Cleave+1"],"relics":["Burning Blood","Thread and Needle","War Paint","Red Skull","Oddly Smooth Stone","Golden Idol"],"potions_floor_usage":[],"damage_taken":[{"damage":0,"enemies":"Small Slimes","floor":1,"turns":4},{"damage":0,"enemies":"Cultist","floor":3,"turns":4},{"damage":7,"enemies":"Jaw Worm","floor":5,"turns":2},{"damage":21,"enemies":"Gremlin Nob","floor":6,"turns":4},{"damage":11,"enemies":"3 Sentries","floor":8,"turns":7},{"damage":7,"enemies":"Large Slime","floor":14,"turns":5},{"damage":0,"enemies":"The Guardian","floor":16,"turns":1}],"seed_played":"-8869402608311996692","potions_obtained":[{"floor":5,"key":"EntropicBrew"},{"floor":14,"key":"Ancient Potion"}],"is_trial":false,"path_per_floor":["M","?","M","$","M","E","R","E","T","R","$","?","?","M","R","B"],"character_chosen":"IRONCLAD","items_purchased":["Ghostly Armor"],"campfire_rested":0,"item_purchase_floors":[11],"current_hp_per_floor":[62,62,68,68,67,52,52,47,47,47,47,47,47,46,46,46],"gold":102,"neow_bonus":"ONE_RARE_RELIC","is_prod":false,"is_daily":false,"chose_seed":false,"campfire_upgraded":3,"win_rate":0,"timestamp":1550868138,"path_taken":["M","?","M","$","M","E","R","E","T","R","?","?","?","?","R","BOSS"],"build_version":"2019-01-23","purchased_purges":1,"victory":false,"max_hp_per_floor":[80,80,80,80,80,80,80,80,80,80,80,74,74,74,74,74],"card_choices":[{"not_picked":["Warcry","Reckless Charge"],"picked":"Headbutt","floor":1},{"not_picked":["Flex","Body Slam"],"picked":"Thunderclap","floor":3},{"not_picked":["Perfected Strike","Shrug It Off"],"picked":"Pommel Strike","floor":5},{"not_picked":["Reckless Charge","Seeing Red"],"picked":"Offering","floor":6},{"not_picked":["Seeing Red","Headbutt"],"picked":"Blood for Blood","floor":8},{"not_picked":["Thunderclap","Corruption"],"picked":"Cleave","floor":14}],"player_experience":488171,"relics_obtained":[{"floor":6,"key":"War Paint"},{"floor":8,"key":"Red Skull"},{"floor":9,"key":"Oddly Smooth Stone"}],"event_choices":[{"cards_removed":["Strike_R"],"damage_healed":0,"gold_gain":0,"player_choice":"Purged","damage_taken":0,"max_hp_gain":0,"max_hp_loss":0,"event_name":"Purifier","floor":2,"gold_loss":0},{"damage_healed":0,"gold_gain":0,"player_choice":"Lose Max HP","damage_taken":0,"relics_obtained":["Golden Idol"],"max_hp_gain":0,"max_hp_loss":6,"event_name":"Golden Idol","floor":12,"gold_loss":0},{"damage_healed":0,"gold_gain":0,"player_choice":"Searched \u00270\u0027 times","damage_taken":0,"max_hp_gain":0,"max_hp_loss":0,"event_name":"Dead Adventurer","floor":13,"gold_loss":0}],"is_beta":false,"boss_relics":[],"items_purged_floors":[11],"is_endless":false,"potions_floor_spawned":[5,14],"killed_by":"The Guardian","ascension_level":0}