{"path_per_floor":["M","?","M","M","$","E","?","R","T","M","R","E","R","M","R","B",null,"M","M","?","?","$","R","E","?","T","$","M","M","R","M","R","B",null,"M","$","M","M","M","E","R","M","T","M","?","R","?","$","R"],"character_chosen":"IRONCLAD","items_purchased":["Perfected Strike","Armaments","Offering","Anger","Bandage Up","Inflame","Seeing Red","Metallicize"],"gold_per_floor":[109,109,125,140,64,95,95,95,95,111,111,143,143,156,156,256,256,275,295,295,295,71,71,104,64,64,24,37,49,49,60,60,158,158,176,29,49,62,72,107,107,117,117,129,129,129,178,178,178],"floor_reached":50,"campfire_rested":7,"playtime":8631,"current_hp_per_floor":[76,60,66,72,72,48,74,74,74,77,77,66,66,66,80,60,80,80,35,35,35,35,74,9,9,9,9,14,18,57,48,80,50,80,49,49,45,38,31,17,56,40,40,26,26,65,44,44,80],"items_purged":[],"gold":178,"play_id":"16b34219-1cfb-41b5-9445-f18a4756edc5","is_prod":false,"is_daily":false,"campfire_rituals":0,"campfire_upgraded":3,"is_hardmode":false,"path_taken":["M","?","M","M","$","E","?","R","T","M","R","E","R","?","R","BOSS","M","?","?","?","$","R","E","?","T","?","M","M","R","M","R","BOSS","M","$","M","M","M","E","R","M","T","M","?","R","?","?","R","BOSS"],"build_version":"2018-01-11-PROD2","purchased_purges":0,"victory":false,"master_deck":["Strike_R","Strike_R","Strike_R","Strike_R","Strike_R","Defend_R","Defend_R","Defend_R","Defend_R","Bash","Bloodletting","Shrug It Off","Rupture","Perfected Strike","Armaments","Perfected Strike","Demon Form","Burning Pact","Impervious","Cleave","Bloodletting","Decay","Offering","Anger","Bandage Up","Thunderclap","Inflame","Rage","Rampage","Headbutt","Barricade","Sever Soul","Seeing Red","Metallicize","Shrug It Off","Flex","Metallicize","Second Wind","Dual Wield","Searing Blow","Feel No Pain"],"max_hp_per_floor":[80,80,80,80,80,80,80,80,80,80,80,80,80,80,80,80,80,80,80,80,80,80,80,80,80,80,80,80,80,80,80,80,80,80,80,80,80,80,80,80,80,80,80,80,80,80,80,80,80],"relics":["Black Blood","Regal Pillow","Thread and Needle","Toxic Egg","Runic Pyramid","Bag of Preparation","Champion Belt","Anchor","Lantern","Bird Faced Urn"],"campfire_meditates":0,"card_choices":[{"not_picked":["Sword Boomerang","Body Slam"],"picked":"Bloodletting"},{"not_picked":["Intimidate","Clothesline"],"picked":"Shrug It Off"},{"not_picked":["Rage","Dropkick"],"picked":"Rupture"},{"not_picked":["Twin Strike","Clothesline"],"picked":"Perfected Strike"},{"not_picked":["Warcry","Sword Boomerang"],"picked":"Demon Form"},{"not_picked":["Cleave","Dark Embrace"],"picked":"Flex"},{"not_picked":["Fire Breathing","Sever Soul"],"picked":"Burning Pact"},{"not_picked":["Bludgeon","Demon Form"],"picked":"Impervious"},{"not_picked":["Uppercut","Disarm"],"picked":"Cleave"},{"not_picked":["Shrug It Off","Dual Wield"],"picked":"Bloodletting"},{"not_picked":["Pummel","Clothesline"],"picked":"Thunderclap"},{"not_picked":["Hemokinesis","Anger"],"picked":"Rage"},{"not_picked":["True Grit","Brutality"],"picked":"Rampage"},{"not_picked":["Hemokinesis","Twin Strike"],"picked":"Headbutt"},{"not_picked":["Bludgeon","Impervious"],"picked":"Barricade"},{"not_picked":["Rage","Infernal Blade"],"picked":"Sever Soul"},{"not_picked":["Thunderclap","Twin Strike"],"picked":"Shrug It Off"},{"not_picked":["Warcry","Corruption"],"picked":"Flex"},{"not_picked":["Armaments","Clash"],"picked":"Metallicize"},{"not_picked":["Warcry","Battle Trance"],"picked":"Second Wind"},{"not_picked":["Thunderclap","Sever Soul"],"picked":"Dual Wield"},{"not_picked":["Flame Barrier","Body Slam"],"picked":"Searing Blow"},{"not_picked":["Armaments","True Grit"],"picked":"Feel No Pain"}],"player_experience":0,"potions_floor_usage":[6,19,28,38,38,44,44,47,50],"damage_taken":[{"damage":10,"enemies":"Jaw Worm","floor":1,"turns":6},{"damage":0,"enemies":"Small Slimes","floor":3,"turns":5},{"damage":0,"enemies":"2 Louse","floor":4,"turns":3},{"damage":30,"enemies":"3 Sentries","floor":6,"turns":9},{"damage":3,"enemies":"Exordium Thugs","floor":10,"turns":4},{"damage":17,"enemies":"Lagavulin","floor":12,"turns":6},{"damage":6,"enemies":"Gremlin Gang","floor":14,"turns":5},{"damage":26,"enemies":"The Guardian","floor":16,"turns":11},{"damage":6,"enemies":"Spheric Guardian","floor":18,"turns":6},{"damage":51,"enemies":"3 Byrds","floor":19,"turns":7},{"damage":75,"enemies":"Slavers","floor":24,"turns":7},{"damage":5,"enemies":"Snecko","floor":28,"turns":6},{"damage":6,"enemies":"3 Cultists","floor":29,"turns":5},{"damage":19,"enemies":"Snake Plant","floor":31,"turns":3},{"damage":40,"enemies":"Champ","floor":33,"turns":11},{"damage":45,"enemies":"3 Shapes","floor":35,"turns":7},{"damage":18,"enemies":"Orb Walker","floor":37,"turns":6},{"damage":21,"enemies":"Maw","floor":38,"turns":8},{"damage":17,"enemies":"3 Darklings","floor":39,"turns":3},{"damage":28,"enemies":"Nemesis","floor":40,"turns":13},{"damage":30,"enemies":"Sphere and 2 Shapes","floor":42,"turns":12},{"damage":43,"enemies":"4 Shapes","floor":44,"turns":8},{"damage":35,"enemies":"Mysterious Sphere","floor":47,"turns":6},{"damage":86,"enemies":"Awakened One","floor":50,"turns":9}],"event_choices":[{"event_name":"Shining Light","player_choice":"Entered Light","floor":2,"damage_taken":0},{"event_name":"Big Fish","player_choice":"Banana","floor":7,"damage_taken":0},{"event_name":"Cursed Tome","player_choice":"Ignored","floor":20,"damage_taken":0},{"event_name":"Forgotten Altar","player_choice":"Smashed Altar","floor":21,"damage_taken":0},{"event_name":"The Woman in Blue","player_choice":"Bought 3 Potions","floor":25,"damage_taken":0},{"event_name":"Mysterious Sphere","player_choice":"Fight","floor":47,"damage_taken":0}],"boss_relics":[{"not_picked":["Eternal Feather","Question Card"],"picked":"Runic Pyramid"},{"not_picked":["Runic Cube","Tiny House"],"picked":"Black Blood"}],"potions_floor_spawned":[4,10,24,31,33,35,40,42,47],"seed_played":"8823128498887202594","killed_by":"Awakened One","is_trial":false}