{"path_per_floor":["M","M","M","M","M","E","R","E","T","R","M","M","M","M","R"],"character_chosen":"THE_SILENT","items_purchased":[],"gold_per_floor":[114,126,139,149,167,200,200,234,285,285,304,322,332,350,350],"floor_reached":16,"campfire_rested":1,"playtime":1568,"current_hp_per_floor":[70,70,70,70,70,63,63,27,27,27,26,20,17,17,38],"items_purged":[],"gold":350,"play_id":"5cc84470-eb64-4ff7-90c7-15ecd98378ec","is_prod":false,"is_daily":false,"is_ascension_mode":false,"campfire_upgraded":2,"path_taken":["M","M","M","M","?","E","R","E","T","R","M","M","?","M","R","BOSS"],"build_version":"2018-01-25-PROD3","purchased_purges":0,"victory":false,"master_deck":["Defend_G","Defend_G","Defend_G","Defend_G","Defend_G","Strike_G","Strike_G","Strike_G","Strike_G","Survivor+1","Neutralize+1","Dagger Throw","Cloak And Dagger+1","Acrobatics","Storm of Steel+1","PiercingWail","Flying Knee","Backflip","Venomology"],"max_hp_per_floor":[70,70,70,70,70,70,70,70,70,70,70,70,70,70,70],"relics":["Ring of the Snake","Molten Egg","Vajra","Toxic Egg"],"card_choices":[{"not_picked":["Deadly Poison","Slice"],"picked":"Dagger Throw"},{"not_picked":["Deflect","Slice"],"picked":"Cloak And Dagger"},{"not_picked":["Sucker Punch","All Out Attack"],"picked":"Acrobatics"},{"not_picked":["Backstab","Deflect"],"picked":"Storm of Steel"},{"not_picked":["Caltrops","Noxious Fumes"],"picked":"PiercingWail"},{"not_picked":["All Out Attack","Deflect"],"picked":"Flying Knee"},{"not_picked":["Bane","Concentrate"],"picked":"Backflip"},{"not_picked":["Flying Knee","Terror"],"picked":"Venomology"}],"player_experience":272892,"potions_floor_usage":[6,6,8,14,16,16,16],"damage_taken":[{"damage":0,"enemies":"Blue Slaver","floor":1,"turns":5},{"damage":0,"enemies":"Small Slimes","floor":2,"turns":5},{"damage":0,"enemies":"2 Louse","floor":3,"turns":2},{"damage":0,"enemies":"Exordium Wildlife","floor":4,"turns":6},{"damage":0,"enemies":"Large Slime","floor":5,"turns":6},{"damage":7,"enemies":"3 Sentries","floor":6,"turns":10},{"damage":36,"enemies":"Gremlin Nob","floor":8,"turns":6},{"damage":1,"enemies":"Exordium Thugs","floor":11,"turns":3},{"damage":6,"enemies":"3 Louse","floor":12,"turns":2},{"damage":3,"enemies":"2 Fungi Beasts","floor":13,"turns":3},{"damage":0,"enemies":"Exordium Wildlife","floor":14,"turns":2},{"damage":41,"enemies":"Hexaghost","floor":16,"turns":12}],"event_choices":[],"boss_relics":[],"potions_floor_spawned":[2,3,4,13],"seed_played":"6720784580795067741","killed_by":"Hexaghost","ascension_level":0,"is_trial":false}