{"gold_per_floor":[117,135,60,71,71,397,347,347,347,379,379,399,399,409,409,409],"floor_reached":16,"playtime":856,"items_purged":["Defend_G"],"score":138,"play_id":"a44ac3c5-f233-491b-8c77-4a5295c2434c","local_time":"20181130180140","is_ascension_mode":true,"campfire_choices":[{"floor":13,"key":"REST"},{"floor":15,"key":"REST"}],"neow_cost":"NONE","seed_source_timestamp":348225029952014,"circlet_count":0,"master_deck":["Defend_G","Defend_G+1","Defend_G","Defend_G+1","Strike_G","Strike_G","Strike_G","Strike_G","Survivor","Neutralize","Dodge and Roll","Dodge and Roll","Predator","Dagger Throw","Phantasmal Killer","Well Laid Plans","Escape Plan"],"relics":["Ring of the Snake","Orichalcum","Old Coin","Pen Nib","Singing Bowl"],"potions_floor_usage":[16,16],"damage_taken":[{"damage":3,"enemies":"2 Louse","floor":1,"turns":3},{"damage":0,"enemies":"Small Slimes","floor":2,"turns":5},{"damage":2,"enemies":"Cultist","floor":4,"turns":5},{"damage":16,"enemies":"Gremlin Nob","floor":6,"turns":4},{"damage":22,"enemies":"3 Sentries","floor":10,"turns":14},{"damage":6,"enemies":"3 Louse","floor":12,"turns":3},{"damage":0,"enemies":"Looter","floor":14,"turns":4},{"damage":55,"enemies":"Hexaghost","floor":16,"turns":15}],"seed_played":"-3852993753025482508","potions_obtained":[{"floor":6,"key":"Energy Potion"},{"floor":10,"key":"SpeedPotion"}],"is_trial":false,"path_per_floor":["M","M","$","M","$","E","?","?","T","E","?","M","R","M","R","B"],"character_chosen":"THE_SILENT","items_purchased":[],"campfire_rested":2,"item_purchase_floors":[],"current_hp_per_floor":[67,67,67,65,65,49,49,35,35,13,13,7,28,28,49,0],"gold":409,"neow_bonus":"RANDOM_COMMON_RELIC","is_prod":false,"is_daily":false,"chose_seed":false,"campfire_upgraded":0,"win_rate":0,"timestamp":1543622500,"path_taken":["M","M","$","M","$","E","?","?","T","E","?","M","R","M","R","BOSS"],"build_version":"2018-11-15","purchased_purges":1,"victory":false,"max_hp_per_floor":[70,70,70,70,70,70,70,70,70,70,70,70,70,70,70,70],"card_choices":[{"not_picked":["Deflect","Predator"],"picked":"Dodge and Roll","floor":1},{"not_picked":["Dagger Throw","Distraction"],"picked":"Dodge and Roll","floor":2},{"not_picked":["All Out Attack","Heel Hook"],"picked":"Predator","floor":4},{"not_picked":["Slice","Reflex"],"picked":"Dagger Throw","floor":6},{"not_picked":["Quick Slash","Flying Knee"],"picked":"Phantasmal Killer","floor":10},{"not_picked":["Acrobatics","Setup"],"picked":"Well Laid Plans","floor":12},{"not_picked":["Sucker Punch","Caltrops"],"picked":"Escape Plan","floor":14}],"player_experience":240912,"relics_obtained":[{"floor":6,"key":"Old Coin"},{"floor":10,"key":"Pen Nib"}],"event_choices":[{"cards_removed":["Strike_G"],"damage_healed":0,"gold_gain":0,"player_choice":"Card Removal","damage_taken":0,"max_hp_gain":0,"max_hp_loss":0,"event_name":"The Cleric","floor":7,"gold_loss":50},{"damage_healed":0,"gold_gain":0,"player_choice":"Entered Light","damage_taken":14,"max_hp_gain":0,"max_hp_loss":0,"event_name":"Shining Light","floor":8,"gold_loss":0,"cards_upgraded":["Defend_G","Defend_G"]},{"damage_healed":0,"gold_gain":0,"player_choice":"Searched \u00271\u0027 times","damage_taken":0,"relics_obtained":["Singing Bowl"],"max_hp_gain":0,"max_hp_loss":0,"event_name":"Dead Adventurer","floor":11,"gold_loss":0}],"is_beta":false,"boss_relics":[],"items_purged_floors":[3],"is_endless":false,"potions_floor_spawned":[6,10],"killed_by":"Hexaghost","ascension_level":5}