{"gold_per_floor":[111,111,122,139,150,180,180,180,253,253,287,287,318,336,336,411,411,428,439,63,79,94,94,107,107,107,107],"floor_reached":27,"playtime":1851,"items_purged":["Strike_B"],"score":447,"play_id":"562c67b0-0b07-446f-80b3-eed65a622c51","local_time":"20190224091524","is_ascension_mode":true,"campfire_choices":[{"floor":7,"key":"REST"},{"data":"Go for the Eyes","floor":10,"key":"SMITH"},{"floor":12,"key":"REST"},{"floor":15,"key":"REST"},{"data":"Genetic Algorithm","floor":23,"key":"SMITH"}],"neow_cost":"NONE","seed_source_timestamp":812049456205372,"circlet_count":0,"master_deck":["AscendersBane","Strike_B","Strike_B","Defend_B","Defend_B","Defend_B","Defend_B","Zap","Dualcast","Go for the Eyes+1","Rip and Tear","Ball Lightning","Loop","Doom and Gloom","Glacier","Genetic Algorithm+1","Cold Snap","Creative AI","Leap","Heatsinks","Reinforced Body","Coolheaded","Capacitor","Core Surge","Decay"],"relics":["Cracked Core","Ornamental Fan","Gremlin Horn","Shuriken","Darkstone Periapt","Calipers","Cursed Key","Meat on the Bone","Shovel"],"potions_floor_usage":[6,14,24],"damage_taken":[{"damage":4,"enemies":"Jaw Worm","floor":1,"turns":4},{"damage":7,"enemies":"Cultist","floor":3,"turns":4},{"damage":1,"enemies":"Small Slimes","floor":4,"turns":2},{"damage":9,"enemies":"Red Slaver","floor":5,"turns":3},{"damage":33,"enemies":"3 Sentries","floor":6,"turns":7},{"damage":28,"enemies":"Gremlin Nob","floor":11,"turns":4},{"damage":12,"enemies":"3 Sentries","floor":13,"turns":5},{"damage":0,"enemies":"Blue Slaver","floor":14,"turns":4},{"damage":32,"enemies":"Hexaghost","floor":16,"turns":13},{"damage":5,"enemies":"Chosen","floor":18,"turns":5},{"damage":16,"enemies":"Shell Parasite","floor":19,"turns":7},{"damage":0,"enemies":"Snecko","floor":21,"turns":7},{"damage":10,"enemies":"Snake Plant","floor":22,"turns":8},{"damage":33,"enemies":"Centurion and Healer","floor":24,"turns":12},{"damage":8,"enemies":"Colosseum Slavers","floor":25,"turns":6},{"damage":37,"enemies":"3 Cultists","floor":27,"turns":4}],"seed_played":"1712863658916551459","potions_obtained":[{"floor":1,"key":"EssenceOfSteel"},{"floor":11,"key":"GamblersBrew"},{"floor":13,"key":"GamblersBrew"},{"floor":14,"key":"SpeedPotion"},{"floor":24,"key":"Dexterity Potion"}],"is_trial":false,"path_per_floor":["M","?","M","M","M","E","R","T","T","R","E","R","E","M","R","B",null,"M","M","$","M","M","R","M","?","T","M"],"character_chosen":"DEFECT","items_purchased":["Meat on the Bone","Reinforced Body"],"campfire_rested":3,"item_purchase_floors":[20,20],"current_hp_per_floor":[67,67,60,59,50,17,40,40,40,40,12,35,23,23,46,14,62,57,41,41,41,43,43,22,26,32,0],"gold":107,"neow_bonus":"TEN_PERCENT_HP_BONUS","is_prod":false,"is_daily":false,"chose_seed":false,"campfire_upgraded":2,"win_rate":0,"timestamp":1551021324,"path_taken":["M","?","?","M","M","E","R","?","T","R","E","R","E","M","R","BOSS","M","M","$","M","M","R","?","?","T","M"],"build_version":"2019-01-23","purchased_purges":1,"victory":false,"max_hp_per_floor":[78,78,78,78,78,78,78,78,78,78,78,78,78,78,78,78,78,78,78,78,78,78,78,78,78,84,84],"card_choices":[{"not_picked":["Darkness","Beam Cell"],"picked":"Go for the Eyes","floor":1},{"not_picked":["Sweeping Beam","Scrape"],"picked":"Rip and Tear","floor":3},{"not_picked":["Hologram","Cold Snap"],"picked":"Ball Lightning","floor":4},{"not_picked":["Steam","Rainbow"],"picked":"Loop","floor":5},{"not_picked":["Consume","Melter"],"picked":"Doom and Gloom","floor":6},{"not_picked":["Gash","Double Energy"],"picked":"Glacier","floor":11},{"not_picked":["Ball Lightning","Double Energy"],"picked":"Genetic Algorithm","floor":13},{"not_picked":["Gash","Compile Driver"],"picked":"Cold Snap","floor":14},{"not_picked":["All For One","Amplify"],"picked":"Creative AI","floor":16},{"not_picked":["Rip and Tear","Rebound"],"picked":"Leap","floor":18},{"not_picked":["Loop","Go for the Eyes"],"picked":"Heatsinks","floor":19},{"not_picked":["Stack","Sweeping Beam+1"],"picked":"Coolheaded","floor":21},{"not_picked":["Streamline","Hologram"],"picked":"Capacitor","floor":22},{"not_picked":["Conserve Battery+1","Beam Cell+1"],"picked":"Core Surge","floor":24}],"player_experience":528670,"relics_obtained":[{"floor":6,"key":"Ornamental Fan"},{"floor":8,"key":"Gremlin Horn"},{"floor":9,"key":"Shuriken"},{"floor":11,"key":"Darkstone Periapt"},{"floor":13,"key":"Calipers"},{"floor":26,"key":"Shovel"}],"event_choices":[{"cards_removed":["Strike_B"],"damage_healed":0,"gold_gain":0,"player_choice":"Offered Basic","damage_taken":0,"max_hp_gain":0,"max_hp_loss":0,"event_name":"Bonfire Elementals","floor":2,"gold_loss":0},{"damage_healed":0,"gold_gain":0,"player_choice":"Fight","damage_taken":0,"max_hp_gain":0,"max_hp_loss":0,"event_name":"Colosseum","floor":25,"gold_loss":0},{"damage_healed":0,"gold_gain":0,"player_choice":"Fled From Nobs","damage_taken":0,"max_hp_gain":0,"max_hp_loss":0,"event_name":"Colosseum","floor":25,"gold_loss":0},{"damage_healed":0,"gold_gain":0,"player_choice":"Fled From Nobs","damage_taken":0,"max_hp_gain":0,"max_hp_loss":0,"event_name":"Colosseum","floor":25,"gold_loss":0}],"is_beta":false,"boss_relics":[{"not_picked":["Fusion Hammer","Philosopher\u0027s Stone"],"picked":"Cursed Key"}],"items_purged_floors":[20],"is_endless":false,"potions_floor_spawned":[1,11,13,14,18,22,24],"killed_by":"3 Cultists","ascension_level":18}