{"gold_per_floor":[219,72,52,25,42,42,74,74,104,134,134,134,164,48,48,146,146,164,19,19,29,46,46,78,78,105,105,105,121,1,0,0,104,104,115,44,44,63,63],"floor_reached":39,"playtime":1729,"items_purged":["Strike_B"],"score":432,"play_id":"915b5973-94f3-475b-891a-7f5684a85742","local_time":"20181029190458","is_ascension_mode":true,"campfire_choices":[{"data":"Zap","floor":6,"key":"SMITH"},{"data":"Defragment","floor":8,"key":"SMITH"},{"floor":11,"key":"REST"},{"data":"Defragment","floor":15,"key":"SMITH"},{"floor":23,"key":"REST"},{"data":"Storm","floor":25,"key":"SMITH"},{"data":"Loop","floor":27,"key":"SMITH"},{"data":"Dualcast","floor":32,"key":"SMITH"}],"neow_cost":"NONE","seed_source_timestamp":871366557429648,"circlet_count":0,"master_deck":["Strike_B+1","Strike_B+1","Defend_B","Defend_B","Defend_B","Zap+1","Dualcast+1","Ball Lightning","Defragment+1","Leap","Chaos","Defragment+1","Loop+1","Ball Lightning","Storm+1","Coolheaded","Hyperbeam","Machine Learning","Go for the Eyes","Heatsinks+1","Echo Form+1","Double Energy+1","Madness","Madness"],"relics":["Cracked Core","Whetstone","Tiny Chest","Dream Catcher","Ornamental Fan","Pantograph","Empty Cage","Frozen Egg 2","Boot","DataDisk","Cursed Key"],"potions_floor_usage":[24,33,33,33,39,39],"damage_taken":[{"damage":6,"enemies":"Jaw Worm","floor":1,"turns":3},{"damage":0,"enemies":"Cultist","floor":5,"turns":3},{"damage":13,"enemies":"3 Sentries","floor":7,"turns":6},{"damage":21,"enemies":"Gremlin Nob","floor":10,"turns":4},{"damage":35,"enemies":"3 Sentries","floor":13,"turns":6},{"damage":5,"enemies":"Slime Boss","floor":16,"turns":6},{"damage":20,"enemies":"Shell Parasite","floor":18,"turns":4},{"damage":4,"enemies":"Spheric Guardian","floor":21,"turns":3},{"damage":12,"enemies":"Cultist and Chosen","floor":22,"turns":4},{"damage":2,"enemies":"Book of Stabbing","floor":24,"turns":4},{"damage":10,"enemies":"Chosen and Byrds","floor":29,"turns":3},{"damage":53,"enemies":"Collector","floor":33,"turns":9},{"damage":11,"enemies":"3 Shapes","floor":35,"turns":3},{"damage":48,"enemies":"3 Darklings","floor":38,"turns":5},{"damage":29,"enemies":"Jaw Worm Horde","floor":39,"turns":2}],"seed_played":"-1234580552023345479","potions_obtained":[{"floor":1,"key":"FocusPotion"},{"floor":3,"key":"Ancient Potion"},{"floor":5,"key":"SpeedPotion"},{"floor":13,"key":"AttackPotion"},{"floor":18,"key":"Block Potion"},{"floor":33,"key":"Regen Potion"},{"floor":38,"key":"SkillPotion"}],"is_trial":false,"path_per_floor":["M","$","?","$","M","R","E","R","T","E","R","T","E","$","R","B",null,"M","$","?","M","M","R","E","R","T","R","T","M","$","?","R","B",null,"M","$","?","M"],"character_chosen":"DEFECT","items_purchased":["Defragment","Leap","Storm","Coolheaded","Machine Learning","Heatsinks+1","Block Potion","FocusPotion"],"campfire_rested":2,"item_purchase_floors":[2,4,14,14,19,30,30,36],"current_hp_per_floor":[69,69,69,69,69,69,56,56,56,35,57,57,22,22,22,42,75,55,55,41,37,25,49,47,47,47,47,47,37,37,37,37,9,80,69,69,59,11,0],"gold":63,"neow_bonus":"HUNDRED_GOLD","is_prod":false,"is_daily":false,"chose_seed":false,"campfire_upgraded":6,"win_rate":0,"timestamp":1540854298,"path_taken":["M","$","?","$","M","R","E","R","T","E","R","?","E","?","R","BOSS","M","$","?","M","M","R","E","R","T","R","?","M","$","?","R","BOSS","M","$","?","M","M"],"build_version":"2018-10-25v2","purchased_purges":1,"victory":false,"max_hp_per_floor":[75,75,75,75,75,75,75,75,75,75,75,75,75,75,75,75,75,75,75,80,80,80,80,80,80,80,80,80,80,80,80,80,80,80,80,80,80,80,80],"card_choices":[{"not_picked":["Auto Shields","Cold Snap"],"picked":"Ball Lightning","floor":1},{"not_picked":["Static Discharge","Turbo"],"picked":"Chaos","floor":5},{"not_picked":["Sunder","Turbo"],"picked":"Defragment","floor":7},{"not_picked":["Doom and Gloom","Force Field","Beam Cell"],"picked":"SKIP","floor":10},{"not_picked":["Barrage","Ball Lightning"],"picked":"Loop","floor":11},{"not_picked":["Reprogram","Redo"],"picked":"Ball Lightning","floor":13},{"not_picked":["Core Surge","Reboot"],"picked":"Hyperbeam","floor":16},{"not_picked":["Hologram+1","Blizzard+1","Genetic Algorithm+1"],"picked":"SKIP","floor":18},{"not_picked":["Cold Snap","Sweeping Beam","Skim"],"picked":"SKIP","floor":21},{"not_picked":["Sweeping Beam","Chill","Sunder"],"picked":"SKIP","floor":22},{"not_picked":["Blizzard","Barrage"],"picked":"Go for the Eyes","floor":23},{"not_picked":["Gash","Reinforced Body","Sweeping Beam+1"],"picked":"SKIP","floor":24},{"not_picked":["Stack+1","Darkness","Rebound"],"picked":"SKIP","floor":29},{"not_picked":["Meteor Strike","Fission"],"picked":"Echo Form+1","floor":33},{"not_picked":["Aggregate","Conserve Battery"],"picked":"Double Energy+1","floor":35},{"not_picked":["Rebound","Gash+1","Hologram"],"picked":"SKIP","floor":38}],"player_experience":993975,"relics_obtained":[{"floor":7,"key":"Whetstone"},{"floor":9,"key":"Tiny Chest"},{"floor":10,"key":"Dream Catcher"},{"floor":12,"key":"Ornamental Fan"},{"floor":13,"key":"Pantograph"},{"floor":24,"key":"Frozen Egg 2"},{"floor":26,"key":"Boot"},{"floor":28,"key":"DataDisk"}],"event_choices":[{"damage_healed":0,"gold_gain":0,"player_choice":"Bought 1 Potion","damage_taken":0,"max_hp_gain":0,"max_hp_loss":0,"event_name":"The Woman in Blue","floor":3,"gold_loss":0},{"damage_healed":0,"gold_gain":0,"player_choice":"Shed Blood","damage_taken":19,"max_hp_gain":5,"max_hp_loss":0,"event_name":"Forgotten Altar","floor":20,"gold_loss":0},{"damage_healed":0,"gold_gain":0,"player_choice":"Paid Fearfully","damage_taken":0,"max_hp_gain":0,"max_hp_loss":0,"event_name":"Masked Bandits","floor":31,"gold_loss":1},{"damage_healed":0,"gold_gain":0,"player_choice":"Embrace Madness","damage_taken":10,"max_hp_gain":0,"max_hp_loss":0,"event_name":"Winding Halls","floor":37,"gold_loss":0,"cards_obtained":["Madness","Madness"]}],"is_beta":false,"boss_relics":[{"not_picked":["Pandora\u0027s Box","Sozu"],"picked":"Empty Cage"},{"not_picked":["Busted Crown","Calling Bell"],"picked":"Cursed Key"}],"items_purged_floors":[2],"is_endless":false,"potions_floor_spawned":[1,5,13,16,18,21,33,38],"killed_by":"Jaw Worm Horde","ascension_level":1}