{"gold_per_floor":[209,222,235,310,326,326,336,336,336,336,352,380,398,69,69,169,169,185,196,212,212,13,48,48,58,81,109,109,126,126,139,139,239,239,252,151,161,161,178,178,206,206,206,206,5,23,23,33,33,33],"floor_reached":51,"playtime":2517,"items_purged":["Strike_R","Strike_R"],"score":1095,"play_id":"fa62c677-6717-4af4-b92c-3f2d8e8c423f","local_time":"20180923195627","is_ascension_mode":true,"campfire_choices":[{"data":"Shrug It Off","floor":6,"key":"SMITH"},{"data":"Cleave","floor":8,"key":"SMITH"},{"data":"Flame Barrier","floor":10,"key":"SMITH"},{"data":"True Grit","floor":15,"key":"SMITH"},{"data":"Demon Form","floor":24,"key":"SMITH"},{"data":"Uppercut","floor":28,"key":"SMITH"},{"data":"Shrug It Off","floor":32,"key":"SMITH"},{"data":"Heavy Blade","floor":40,"key":"SMITH"},{"data":"Pummel","floor":44,"key":"SMITH"},{"data":"Berserk","floor":49,"key":"SMITH"}],"neow_cost":"NONE","seed_source_timestamp":10408403699593,"circlet_count":0,"master_deck":["Strike_R","Strike_R","Strike_R","Defend_R","Defend_R","Defend_R","Bash","Flame Barrier+1","Shrug It Off+1","Uppercut+1","Cleave+1","Inflame","Heavy Blade+1","Berserk+1","True Grit+1","Demon Form+1","Pommel Strike+1","Flame Barrier+1","Shrug It Off+1","Feel No Pain","Pummel+1","Barricade","Sword Boomerang+1","Reaper","Shrug It Off+1"],"special_seed":0,"relics":["Burning Blood","Mummified Hand","Matryoshka","Pen Nib","Coffee Dripper","Bottled Lightning","Omamori","Ancient Tea Set","Boot","Cursed Key","Bag of Marbles","Gremlin Horn","Paper Frog","Frozen Eye"],"potions_floor_usage":[12,13,16,19,20,23,27,27,35,41,48,50,50],"damage_taken":[{"damage":7,"enemies":"Jaw Worm","floor":1,"turns":3},{"damage":5,"enemies":"2 Louse","floor":2,"turns":4},{"damage":0,"enemies":"Cultist","floor":3,"turns":4},{"damage":20,"enemies":"Large Slime","floor":5,"turns":11},{"damage":18,"enemies":"Lots of Slimes","floor":7,"turns":8},{"damage":0,"enemies":"Exordium Thugs","floor":11,"turns":5},{"damage":20,"enemies":"Gremlin Nob","floor":12,"turns":4},{"damage":0,"enemies":"2 Fungi Beasts","floor":13,"turns":3},{"damage":39,"enemies":"The Guardian","floor":16,"turns":12},{"damage":0,"enemies":"3 Byrds","floor":18,"turns":3},{"damage":18,"enemies":"Chosen","floor":19,"turns":5},{"damage":8,"enemies":"Snake Plant","floor":20,"turns":4},{"damage":26,"enemies":"Slavers","floor":23,"turns":5},{"damage":0,"enemies":"Centurion and Healer","floor":25,"turns":7},{"damage":24,"enemies":"Gremlin Leader","floor":27,"turns":5},{"damage":0,"enemies":"Chosen and Byrds","floor":29,"turns":4},{"damage":1,"enemies":"Snecko","floor":31,"turns":5},{"damage":2,"enemies":"Champ","floor":33,"turns":7},{"damage":17,"enemies":"3 Darklings","floor":35,"turns":6},{"damage":2,"enemies":"3 Shapes","floor":37,"turns":3},{"damage":21,"enemies":"3 Darklings","floor":39,"turns":5},{"damage":0,"enemies":"Giant Head","floor":41,"turns":4},{"damage":32,"enemies":"Maw","floor":46,"turns":6},{"damage":15,"enemies":"Transient","floor":48,"turns":5},{"damage":36,"enemies":"Time Eater","floor":50,"turns":7}],"seed_played":"-3956786978168762395","potions_obtained":[{"floor":1,"key":"SpeedPotion"},{"floor":11,"key":"Poison Potion"},{"floor":12,"key":"FearPotion"},{"floor":13,"key":"Fruit Juice"},{"floor":16,"key":"Poison Potion"},{"floor":23,"key":"Fire Potion"},{"floor":25,"key":"GamblersBrew"},{"floor":33,"key":"Energy Potion"},{"floor":46,"key":"Energy Potion"},{"floor":48,"key":"SpeedPotion"}],"is_trial":false,"path_per_floor":["M","M","M","?","M","R","M","R","T","R","M","E","M","$","R","B",null,"M","M","M","?","$","E","R","M","T","E","R","M","?","M","R","B",null,"M","$","M","?","M","R","E","?","T","R","$","M","$","M","R","B"],"character_chosen":"IRONCLAD","items_purchased":["Pen Nib","True Grit","SkillPotion","SteroidPotion","Poison Potion","PowerPotion","PowerPotion","Frozen Eye"],"campfire_rested":0,"item_purchase_floors":[14,14,14,22,22,36,36,45],"current_hp_per_floor":[71,72,78,67,53,53,41,41,41,41,47,33,44,44,44,11,67,73,61,59,59,59,39,39,45,45,27,27,33,33,38,38,42,74,63,63,67,67,52,52,58,58,58,58,58,45,45,62,62,32],"gold":33,"neow_bonus":"HUNDRED_GOLD","is_prod":false,"is_daily":false,"chose_seed":false,"campfire_upgraded":10,"win_rate":0,"timestamp":1537746987,"path_taken":["M","M","M","?","M","R","M","R","T","R","M","E","M","$","R","BOSS","M","?","M","?","?","E","R","M","T","E","R","M","?","M","R","BOSS","M","$","M","?","?","R","E","?","T","R","?","M","$","M","R","BOSS"],"build_version":"2018-09-20","purchased_purges":2,"victory":true,"max_hp_per_floor":[80,80,80,80,80,80,80,80,80,80,80,80,85,85,85,85,85,85,85,85,85,85,85,85,85,85,85,85,85,85,85,85,85,85,85,85,85,85,85,85,85,85,85,85,85,85,85,85,85,85],"card_choices":[{"not_picked":["Iron Wave","Clothesline"],"picked":"Flame Barrier","floor":1},{"not_picked":["Reckless Charge","Rupture"],"picked":"Shrug It Off","floor":2},{"not_picked":["Hemokinesis","Rage","Evolve"],"picked":"SKIP","floor":3},{"not_picked":["Perfected Strike","Clothesline"],"picked":"Uppercut","floor":5},{"not_picked":["Anger","Iron Wave"],"picked":"Cleave","floor":7},{"not_picked":["Twin Strike","Blood for Blood"],"picked":"Inflame","floor":11},{"not_picked":["Ghostly Armor","Dual Wield"],"picked":"Heavy Blade","floor":12},{"not_picked":["Flex","Anger"],"picked":"Berserk","floor":13},{"not_picked":["Double Tap","Bludgeon"],"picked":"Demon Form","floor":16},{"not_picked":["True Grit+1","Iron Wave"],"picked":"Pommel Strike+1","floor":18},{"not_picked":["Body Slam","Seeing Red"],"picked":"Flame Barrier+1","floor":19},{"not_picked":["True Grit","Perfected Strike+1","Iron Wave"],"picked":"SKIP","floor":20},{"not_picked":["Carnage","Cleave+1"],"picked":"Shrug It Off","floor":23},{"not_picked":["Pommel Strike","Double Tap"],"picked":"Feel No Pain","floor":25},{"not_picked":["Thunderclap","Dropkick"],"picked":"Pummel","floor":27},{"not_picked":["Armaments","Blood for Blood+1","Headbutt"],"picked":"SKIP","floor":29},{"not_picked":["Havoc","Warcry","Inflame"],"picked":"SKIP","floor":31},{"not_picked":["Demon Form","Double Tap"],"picked":"Barricade","floor":33},{"not_picked":["Clash","Perfected Strike+1"],"picked":"Sword Boomerang+1","floor":35},{"not_picked":["Searing Blow","Thunderclap","Whirlwind"],"picked":"SKIP","floor":37},{"not_picked":["Twin Strike+1","Burning Pact","Dual Wield"],"picked":"SKIP","floor":39},{"not_picked":["Clothesline","Cleave+1"],"picked":"Reaper","floor":41},{"not_picked":["Twin Strike","Clothesline+1"],"picked":"Shrug It Off+1","floor":46},{"not_picked":["Perfected Strike","Barricade","Thunderclap"],"picked":"SKIP","floor":48}],"player_experience":585971,"relics_obtained":[{"floor":9,"key":"Mummified Hand"},{"floor":12,"key":"Matryoshka"},{"floor":23,"key":"Bottled Lightning"},{"floor":26,"key":"Omamori"},{"floor":26,"key":"Ancient Tea Set"},{"floor":27,"key":"Boot"},{"floor":41,"key":"Bag of Marbles"},{"floor":43,"key":"Gremlin Horn"},{"floor":43,"key":"Paper Frog"}],"event_choices":[{"event_name":"World of Goop","player_choice":"Gather Gold","floor":4,"damage_taken":0},{"event_name":"N\u0027loth","player_choice":"Ignored","floor":21,"damage_taken":0},{"event_name":"Forgotten Altar","player_choice":"Smashed Altar","floor":30,"damage_taken":0},{"event_name":"Falling","player_choice":"Removed Skill","floor":38,"damage_taken":0},{"event_name":"Tomb of Lord Red Mask","player_choice":"Ignored","floor":42,"damage_taken":0}],"is_beta":false,"boss_relics":[{"not_picked":["Runic Cube","Snecko Eye"],"picked":"Coffee Dripper"},{"not_picked":["Calling Bell","Empty Cage"],"picked":"Cursed Key"}],"items_purged_floors":[14,22],"is_endless":false,"potions_floor_spawned":[1,11,12,13,16,18,23,25,33,46,48],"ascension_level":9}