{"gold_per_floor":[365,388,44,56,56,89,107,107,133,159,159,179,196,212,212,313,313,332,332,432,442,263,292,219],"floor_reached":24,"playtime":2235,"items_purged":["Strike_B","Strike_B"],"score":276,"play_id":"131098ec-802f-4f54-bf91-f8c412e69e30","local_time":"20190305170557","is_ascension_mode":true,"campfire_choices":[{"data":"Zap","floor":8.0,"key":"SMITH"},{"data":"Reinforced Body","floor":11.0,"key":"SMITH"},{"data":"Go for the Eyes","floor":15.0,"key":"SMITH"}],"neow_cost":"PERCENT_DAMAGE","seed_source_timestamp":0,"circlet_count":0,"master_deck":["Strike_B","Strike_B","Defend_B+1","Defend_B","Defend_B","Defend_B+1","Zap+1","Dualcast","Compile Driver","Ball Lightning","Ball Lightning","Chill","Reinforced Body+1","Go for the Eyes+1","Ball Lightning","Conserve Battery","Coolheaded+1","Undo","Streamline","White Noise","Conserve Battery","Rainbow"],"special_seed":0,"relics":["Cracked Core","War Paint","Pantograph","Mango","Omamori","Thread and Needle","Velvet Choker","Dead Branch","Ginger","Matryoshka","Art of War"],"potions_floor_usage":[20],"damage_taken":[{"damage":1.0,"enemies":"Cultist","floor":1.0,"turns":3.0},{"damage":7.0,"enemies":"Jaw Worm","floor":4.0,"turns":2.0},{"damage":28.0,"enemies":"Lagavulin","floor":6.0,"turns":6.0},{"damage":0.0,"enemies":"Small Slimes","floor":7.0,"turns":2.0},{"damage":0.0,"enemies":"Gremlin Nob","floor":10.0,"turns":3.0},{"damage":0.0,"enemies":"Exordium Wildlife","floor":12.0,"turns":4.0},{"damage":0.0,"enemies":"2 Fungi Beasts","floor":13.0,"turns":3.0},{"damage":0.0,"enemies":"Red Slaver","floor":14.0,"turns":3.0},{"damage":22,"enemies":"The Guardian","floor":16,"turns":11},{"damage":0,"enemies":"Chosen","floor":18,"turns":3},{"damage":1,"enemies":"Colosseum Slavers","floor":20,"turns":6},{"damage":3,"enemies":"Colosseum Nobs","floor":20,"turns":4},{"damage":7,"enemies":"2 Thieves","floor":21,"turns":4},{"damage":17,"enemies":"Slavers","floor":23,"turns":9}],"seed_played":"8195780399559459652","potions_obtained":[{"floor":6.0,"key":"Swift Potion"},{"floor":10.0,"key":"PowerPotion"},{"floor":13.0,"key":"AttackPotion"},{"floor":20,"key":"Explosive Potion"}],"is_trial":false,"path_per_floor":["M","T","$","M","$","E","M","R","T","E","R","M","M","M","R","B",null,"M","T","?","M","$","E","$"],"character_chosen":"DEFECT","items_purchased":["Pantograph","Ball Lightning","White Noise","Rainbow"],"campfire_rested":0,"item_purchase_floors":[3,3,22,24],"current_hp_per_floor":[53,53,53,46,46,32,32,32,32,32,32,32,32,32,32,35,89,89,89,85,78,78,61,61],"gold":219,"neow_bonus":"TWO_FIFTY_GOLD","is_prod":false,"is_daily":false,"chose_seed":false,"campfire_upgraded":3,"win_rate":0,"timestamp":1551798357,"path_taken":["M","?","$","M","?","E","M","R","T","E","R","?","M","M","R","BOSS","M","?","?","M","$","E","?"],"build_version":"2019-01-23","purchased_purges":2,"victory":false,"max_hp_per_floor":[75,75,75,75,75,89,89,89,89,89,89,89,89,89,89,89,89,89,89,89,89,89,89,89],"card_choices":[{"not_picked":["Undo","Loop"],"picked":"Compile Driver","floor":1.0},{"not_picked":["Sunder","Steam"],"picked":"Ball Lightning","floor":4.0},{"not_picked":["Sunder","Melter"],"picked":"Chill","floor":6.0},{"not_picked":["Scrape","Redo","Rebound"],"picked":"SKIP","floor":7.0},{"not_picked":["Beam Cell","Leap"],"picked":"Reinforced Body","floor":10.0},{"not_picked":["Gash","Beam Cell"],"picked":"Go for the Eyes","floor":12.0},{"not_picked":["Barrage","Steam"],"picked":"Ball Lightning","floor":13.0},{"not_picked":["Beam Cell","Go for the Eyes"],"picked":"Conserve Battery","floor":14.0},{"not_picked":["FTL","Barrage"],"picked":"Coolheaded+1","floor":18},{"not_picked":["Go for the Eyes","Skim"],"picked":"Undo","floor":20},{"not_picked":["Coolheaded+1","Compile Driver"],"picked":"Streamline","floor":21},{"not_picked":["Steam","Hologram"],"picked":"Conserve Battery","floor":23}],"player_experience":644971,"relics_obtained":[{"floor":2.0,"key":"War Paint"},{"floor":6.0,"key":"Mango"},{"floor":9.0,"key":"Omamori"},{"floor":10.0,"key":"Thread and Needle"},{"floor":19,"key":"Dead Branch"},{"floor":20,"key":"Ginger"},{"floor":20,"key":"Matryoshka"},{"floor":23,"key":"Art of War"}],"event_choices":[{"damage_healed":0,"gold_gain":0,"player_choice":"Fight","damage_taken":0,"max_hp_gain":0,"max_hp_loss":0,"event_name":"Colosseum","floor":20,"gold_loss":0},{"damage_healed":0,"gold_gain":0,"player_choice":"Fought Nobs","damage_taken":0,"max_hp_gain":0,"max_hp_loss":0,"event_name":"Colosseum","floor":20,"gold_loss":0}],"is_beta":false,"boss_relics":[{"not_picked":["White Beast Statue","Pandora\u0027s Box"],"picked":"Velvet Choker"}],"items_purged_floors":[3,22],"is_endless":false,"potions_floor_spawned":[6,10,13,14,20,20],"ascension_level":2}