{"gold_per_floor":[215,40,60,135,49,49,49,49,49,49,77,77,91,117,117,190,190,206,222,222],"floor_reached":20,"playtime":766,"items_purged":[],"score":360,"play_id":"f7c78f42-da84-4b73-bf18-c067802f1971","local_time":"20190308092749","is_ascension_mode":true,"campfire_choices":[{"data":"Dagger Spray","floor":6,"key":"SMITH"},{"data":"Blur","floor":8,"key":"SMITH"},{"floor":10,"key":"REST"},{"floor":12,"key":"REST"},{"data":"All Out Attack","floor":15,"key":"SMITH"}],"neow_cost":"NONE","seed_source_timestamp":102808886447434,"circlet_count":0,"master_deck":["AscendersBane","Defend_G","Defend_G","Defend_G","Defend_G","Defend_G","Strike_G","Strike_G","Strike_G","Strike_G","Strike_G","Survivor","Neutralize","Riddle With Holes+1","Dagger Spray+1","Footwork","Blur+1","PiercingWail","Unload","All Out Attack+1","Leg Sweep+1","Terror+1","Bullet Time+1","Sucker Punch","Burst+1"],"relics":["Ring of the Snake","Matryoshka","Toxic Egg 2","Pantograph","Runic Pyramid"],"potions_floor_usage":[11,16],"damage_taken":[{"damage":4,"enemies":"Cultist","floor":1,"turns":5},{"damage":5,"enemies":"Small Slimes","floor":3,"turns":3},{"damage":25,"enemies":"Lagavulin","floor":11,"turns":9},{"damage":0,"enemies":"2 Louse","floor":13,"turns":1},{"damage":24,"enemies":"3 Sentries","floor":14,"turns":9},{"damage":4,"enemies":"Slime Boss","floor":16,"turns":7},{"damage":3,"enemies":"Spheric Guardian","floor":18,"turns":5},{"damage":1,"enemies":"Chosen","floor":19,"turns":4},{"damage":15,"enemies":"Colosseum Slavers","floor":20,"turns":6},{"damage":43,"enemies":"Colosseum Nobs","floor":20,"turns":3}],"seed_played":"-3289220711647401086","potions_obtained":[{"floor":1,"key":"EssenceOfSteel"},{"floor":13,"key":"Fire Potion"}],"is_trial":false,"path_per_floor":["M","$","M","?","$","R","?","R","T","R","E","R","M","E","R","B",null,"M","M","?"],"character_chosen":"THE_SILENT","items_purchased":["Dagger Spray","Footwork","Blur","Unload"],"campfire_rested":2,"item_purchase_floors":[2,2,2,5],"current_hp_per_floor":[55,55,50,39,39,39,39,39,39,58,33,52,52,28,28,49,62,59,58,0],"gold":222,"neow_bonus":"HUNDRED_GOLD","is_prod":false,"is_daily":false,"chose_seed":false,"campfire_upgraded":3,"win_rate":0,"timestamp":1552004869,"path_taken":["M","?","?","?","$","R","?","R","T","R","E","R","?","E","R","BOSS","M","M","?"],"build_version":"2019-01-23","purchased_purges":0,"victory":false,"max_hp_per_floor":[66,66,66,66,66,66,66,66,66,66,66,66,66,66,66,66,66,66,66,66],"card_choices":[{"not_picked":["Underhanded Strike","Expertise"],"picked":"Riddle With Holes","floor":1},{"not_picked":["Bane","Prepared"],"picked":"PiercingWail","floor":3},{"not_picked":["Flying Knee","Escape Plan"],"picked":"All Out Attack","floor":11},{"not_picked":["Sucker Punch","Flying Knee"],"picked":"Leg Sweep+1","floor":13},{"not_picked":["Dagger Spray","Caltrops"],"picked":"Terror+1","floor":14},{"not_picked":["Grand Finale","Unload"],"picked":"Bullet Time+1","floor":16},{"not_picked":["Well Laid Plans","Catalyst+1"],"picked":"Sucker Punch","floor":18},{"not_picked":["Quick Slash","Backflip+1"],"picked":"Burst+1","floor":19}],"player_experience":644385,"relics_obtained":[{"floor":9,"key":"Matryoshka"},{"floor":11,"key":"Toxic Egg 2"},{"floor":14,"key":"Pantograph"}],"event_choices":[{"damage_healed":0,"gold_gain":75,"player_choice":"Gather Gold","damage_taken":11,"max_hp_gain":0,"max_hp_loss":0,"event_name":"World of Goop","floor":4,"gold_loss":0},{"damage_healed":0,"gold_gain":0,"player_choice":"Upgraded","damage_taken":0,"max_hp_gain":0,"max_hp_loss":0,"event_name":"Upgrade Shrine","floor":7,"gold_loss":0,"cards_upgraded":["Riddle With Holes"]},{"damage_healed":0,"gold_gain":0,"player_choice":"Fight","damage_taken":0,"max_hp_gain":0,"max_hp_loss":0,"event_name":"Colosseum","floor":20,"gold_loss":0},{"damage_healed":0,"gold_gain":0,"player_choice":"Fought Nobs","damage_taken":0,"max_hp_gain":0,"max_hp_loss":0,"event_name":"Colosseum","floor":20,"gold_loss":0}],"is_beta":false,"boss_relics":[{"not_picked":["Ring of the Serpent","HoveringKite"],"picked":"Runic Pyramid"}],"items_purged_floors":[],"is_endless":false,"potions_floor_spawned":[1,13],"killed_by":"Colosseum Nobs","ascension_level":20}