{"gold_per_floor":[112,1,13,31,31,31,66,79,155,155,183,183,208,221,221,316,316,298,298],"floor_reached":19,"playtime":1615,"items_purged":[],"score":271,"play_id":"a3bff88a-9991-4c7e-98d1-b359af733a54","local_time":"20190224153607","is_ascension_mode":true,"campfire_choices":[{"data":"Battle Trance","floor":6,"key":"SMITH"},{"data":"Body Slam","floor":10,"key":"SMITH"},{"floor":12,"key":"REST"},{"floor":15,"key":"REST"}],"neow_cost":"TEN_PERCENT_HP_LOSS","seed_source_timestamp":788192136910051,"circlet_count":0,"master_deck":["Strike_R","Strike_R","Strike_R","Strike_R","Strike_R","Defend_R","Defend_R","Defend_R","Defend_R","Bash","Twin Strike","Metallicize","Battle Trance+1","Clothesline","Body Slam+1","Body Slam","Demon Form+1","Fiend Fire","Parasite","Shame","Clumsy","Ghostly Armor"],"relics":["Burning Blood","StoneCalendar","Turnip","Potion Belt","Frozen Egg 2","Bag of Preparation","Matryoshka","Calling Bell","PreservedInsect","Singing Bowl","Bird Faced Urn"],"potions_floor_usage":[7,19],"damage_taken":[{"damage":10,"enemies":"Cultist","floor":1,"turns":5},{"damage":9,"enemies":"Small Slimes","floor":3,"turns":3},{"damage":4,"enemies":"Jaw Worm","floor":4,"turns":3},{"damage":12,"enemies":"Lagavulin","floor":7,"turns":7},{"damage":29,"enemies":"Gremlin Gang","floor":8,"turns":7},{"damage":46,"enemies":"Gremlin Nob","floor":11,"turns":6},{"damage":22,"enemies":"3 Sentries","floor":13,"turns":6},{"damage":8,"enemies":"3 Louse","floor":14,"turns":5},{"damage":35,"enemies":"The Guardian","floor":16,"turns":9},{"damage":23,"enemies":"2 Thieves","floor":18,"turns":4},{"damage":52,"enemies":"3 Byrds","floor":19,"turns":5}],"seed_played":"-3406775082256482264","potions_obtained":[{"floor":3,"key":"SkillPotion"},{"floor":8,"key":"FairyPotion"},{"floor":16,"key":"Energy Potion"}],"is_trial":false,"path_per_floor":["M","$","M","M","?","R","E","M","T","R","E","R","E","M","R","B",null,"M","M"],"character_chosen":"IRONCLAD","items_purchased":["Metallicize","Battle Trance"],"campfire_rested":2,"item_purchase_floors":[2,2],"current_hp_per_floor":[68,68,65,67,60,60,54,31,31,31,13,34,18,16,37,8,56,39,0],"gold":298,"neow_bonus":"ONE_RARE_RELIC","is_prod":false,"is_daily":false,"chose_seed":false,"campfire_upgraded":2,"win_rate":0,"timestamp":1551040567,"path_taken":["M","$","?","M","?","R","E","M","T","R","E","R","E","M","R","BOSS","M","M"],"build_version":"2019-01-23","purchased_purges":0,"victory":false,"max_hp_per_floor":[72,72,72,72,72,72,72,72,72,72,72,72,72,72,72,72,72,72,72],"card_choices":[{"not_picked":["Cleave","Flex"],"picked":"Twin Strike","floor":1},{"not_picked":["Fire Breathing","Headbutt"],"picked":"Clothesline","floor":3},{"not_picked":["Intimidate","Havoc","Flex"],"picked":"SKIP","floor":4},{"not_picked":["Evolve","Flex"],"picked":"Body Slam","floor":7},{"not_picked":["Heavy Blade","Sword Boomerang"],"picked":"Body Slam","floor":8},{"not_picked":["Battle Trance","Pommel Strike"],"picked":"Demon Form+1","floor":11},{"not_picked":["Dark Embrace+1","Dropkick","Flex"],"picked":"SKIP","floor":13},{"not_picked":["Reckless Charge","Wild Strike","Heavy Blade"],"picked":"SKIP","floor":14},{"not_picked":["Impervious","Berserk+1"],"picked":"Fiend Fire","floor":16},{"not_picked":["Wild Strike","Anger"],"picked":"Ghostly Armor","floor":18}],"player_experience":1663835,"relics_obtained":[{"floor":7,"key":"Potion Belt"},{"floor":9,"key":"Frozen Egg 2"},{"floor":11,"key":"Bag of Preparation"},{"floor":13,"key":"Matryoshka"},{"floor":17,"key":"PreservedInsect"},{"floor":17,"key":"Singing Bowl"},{"floor":17,"key":"Bird Faced Urn"}],"event_choices":[{"damage_healed":0,"gold_gain":0,"player_choice":"Success","damage_taken":7,"relics_obtained":["Turnip"],"max_hp_gain":0,"max_hp_loss":0,"event_name":"Scrap Ooze","floor":5,"gold_loss":0}],"is_beta":false,"boss_relics":[{"not_picked":["Runic Cube","Snecko Eye"],"picked":"Calling Bell"}],"items_purged_floors":[],"is_endless":false,"potions_floor_spawned":[3,8,16],"killed_by":"3 Byrds","ascension_level":9}