{"path_per_floor":["M","?","M","?","?","R","M","R","T","M","M","R","M","?","R","B",null,"M","?","$","?","?"],"character_chosen":"DEFECT","items_purchased":["Glacier"],"gold_per_floor":[114,114,131,81,81,81,98,98,98,108,128,128,141,141,141,246,246,259,184,113,113,113,113],"floor_reached":23,"campfire_rested":0,"playtime":1145,"current_hp_per_floor":[75,75,75,75,68,68,66,66,66,66,66,66,53,53,53,47,75,47,47,47,47,47,0],"items_purged":[],"gold":113,"score":206,"play_id":"8091549e-64dd-458b-a8e5-476669098792","local_time":"20180517235926","is_prod":false,"is_daily":false,"chose_seed":false,"is_ascension_mode":true,"campfire_upgraded":4,"timestamp":1526615966,"campfire_choices":[{"data":"Beam Cell","floor":6,"key":"SMITH"},{"data":"Loop","floor":8,"key":"SMITH"},{"data":"Hologram","floor":12,"key":"SMITH"},{"data":"Capacitor","floor":15,"key":"SMITH"}],"path_taken":["M","?","M","?","?","R","M","R","T","M","M","R","M","?","R","BOSS","M","?","$","?","?","E"],"build_version":"2018-05-17","seed_source_timestamp":751044632230466,"purchased_purges":0,"victory":false,"master_deck":["Defend_B","Defend_B","Defend_B","Zap","Dualcast","Cold Snap","Beam Cell+1","Loop+1","Hologram+1","Reboot","Fusion","Capacitor+1","Rainbow","Reboot","Redo","Glacier"],"max_hp_per_floor":[75,75,75,75,75,75,75,75,75,75,75,75,75,75,75,75,75,75,75,75,75,75,75],"relics":["Cracked Core","Juzu Bracelet","Matryoshka","Inserter"],"card_choices":[{"not_picked":["Steam","Barrage"],"picked":"Cold Snap","floor":1},{"not_picked":["Barrage","Axe Kick"],"picked":"Beam Cell","floor":3},{"not_picked":["Skim","Ball Lightning"],"picked":"Loop","floor":7},{"not_picked":["Skim","Blizzard"],"picked":"Hologram","floor":10},{"not_picked":["Turbo","Chill"],"picked":"Reboot","floor":11},{"not_picked":["Auto Shields","Heatsinks"],"picked":"Fusion","floor":13},{"not_picked":["Rainbow","Fission"],"picked":"Reboot","floor":16},{"not_picked":["FTL","Coolheaded"],"picked":"Redo","floor":18}],"player_experience":179739,"potions_floor_usage":[11,16,18,23],"damage_taken":[{"damage":0,"enemies":"2 Louse","floor":1,"turns":3},{"damage":0,"enemies":"Cultist","floor":3,"turns":3},{"damage":2,"enemies":"Jaw Worm","floor":7,"turns":3},{"damage":0,"enemies":"Looter","floor":10,"turns":3},{"damage":0,"enemies":"Large Slime","floor":11,"turns":4},{"damage":13,"enemies":"Exordium Thugs","floor":13,"turns":5},{"damage":6,"enemies":"Slime Boss","floor":16,"turns":11},{"damage":28,"enemies":"2 Thieves","floor":18,"turns":4},{"damage":58,"enemies":"Gremlin Leader","floor":23,"turns":4}],"relics_obtained":[{"floor":9,"key":"Matryoshka"}],"event_choices":[{"event_name":"Bonfire Elementals","player_choice":"BASIC","floor":2,"damage_taken":0},{"event_name":"The Cleric","player_choice":"Card Removal","floor":4,"damage_taken":0},{"event_name":"Golden Wing","player_choice":"Card Removal","floor":5,"damage_taken":0},{"event_name":"Match and Keep!","player_choice":"2 cards matched","floor":14,"damage_taken":0},{"event_name":"Beggar","player_choice":"Gave Gold","floor":19,"damage_taken":0},{"event_name":"Purifier","player_choice":"One Purge","floor":21,"damage_taken":0},{"event_name":"The Lab","player_choice":"Got Potions","floor":22,"damage_taken":0}],"boss_relics":[{"not_picked":["White Beast Statue","Nuclear Battery"],"picked":"Inserter"}],"potions_floor_spawned":[3,7,13],"seed_played":"-3219058265095949548","killed_by":"Gremlin Leader","ascension_level":3,"potions_obtained":[{"floor":3,"key":"Block Potion"},{"floor":7,"key":"LiquidBronze"},{"floor":13,"key":"SpeedPotion"},{"floor":22,"key":"SteroidPotion"},{"floor":22,"key":"Energy Potion"},{"floor":22,"key":"FearPotion"}],"is_trial":false}