{"path_per_floor":["M","?","?","M","M","R","E","?","T","$","R","E","M","M","R","B",null,"M","?","$","M","$","E","R","?","T","?","M","M","R","M","R","B",null,"M","?","M","?","$","E","R","E","T","R","M","M","$","M","R","B"],"character_chosen":"IRONCLAD","items_purchased":["Toxic Egg 2","Shrug It Off","Feel No Pain"],"gold_per_floor":[367,367,367,384,403,403,428,378,402,58,58,83,101,112,112,212,212,212,137,17,0,0,0,0,0,0,0,0,0,0,0,0,0,0,0,0,0,0,0,0,0,0,0,0,0,0,0,0,0,0],"floor_reached":51,"campfire_rested":0,"playtime":2476,"current_hp_per_floor":[72,72,72,72,72,72,72,72,72,72,72,66,68,70,70,72,72,69,69,69,71,71,47,47,47,47,72,72,72,72,72,72,72,72,69,69,68,68,68,72,72,72,72,72,68,75,75,75,75,51],"items_purged":["Strike_R","Strike_R"],"gold":0,"score":979,"play_id":"0265600d-6df1-40cf-84ef-1c0548ddadca","local_time":"20180512135959","is_prod":false,"is_daily":false,"chose_seed":false,"is_ascension_mode":true,"campfire_upgraded":9,"timestamp":1526147999,"path_taken":["M","?","?","M","?","R","E","?","T","$","R","E","M","M","R","BOSS","M","?","$","M","$","E","R","?","T","?","M","M","R","M","R","BOSS","M","?","M","?","$","E","R","E","T","R","M","?","?","M","R","BOSS"],"build_version":"2018-05-11","seed_source_timestamp":288788160161121,"purchased_purges":2,"victory":true,"master_deck":["Strike_R","Defend_R","Defend_R","Defend_R","Defend_R","Bash+1","Uppercut+1","Offering+1","Battle Trance+1","Fiend Fire+1","Shrug It Off+1","Shrug It Off+1","Inflame","Barricade+1","Demon Form+1","Clothesline+1","Feel No Pain+1","Iron Wave+1","Feel No Pain+1","Body Slam+1","Seeing Red+1","Limit Break+1","Dual Wield+1","Shrug It Off+1","Entrench+1","Corruption+1","Whirlwind+1","Dual Wield+1","Offering+1"],"max_hp_per_floor":[72,72,72,72,72,72,72,72,72,72,72,72,72,72,72,72,72,72,72,72,72,72,72,72,72,72,72,72,72,72,72,72,72,72,72,72,72,72,72,72,72,72,72,72,72,75,75,75,75,75],"relics":["Burning Blood","Bronze Scales","Oddly Smooth Stone","Toxic Egg 2","Smiling Mask","Ectoplasm","Happy Flower","Dead Branch","Question Card","Eternal Feather","Blood Vial","Bag of Preparation","Frozen Egg 2","Bag of Marbles"],"card_choices":[{"not_picked":["Perfected Strike","Warcry"],"picked":"Uppercut","floor":1},{"not_picked":["Blood for Blood","Sword Boomerang"],"picked":"Battle Trance","floor":4},{"not_picked":["Twin Strike","Thunderclap"],"picked":"Fiend Fire","floor":5},{"not_picked":["Sword Boomerang","Armaments"],"picked":"Ghostly Armor","floor":7},{"not_picked":["Spot Weakness+1","Perfected Strike"],"picked":"Shrug It Off+1","floor":12},{"not_picked":["Clash","Armaments+1"],"picked":"Inflame","floor":13},{"not_picked":["Thunderclap","Flex+1"],"picked":"Barricade","floor":14},{"not_picked":["Exhume+1","Berserk"],"picked":"Demon Form","floor":16},{"not_picked":["Havoc+1","Anger"],"picked":"Clothesline+1","floor":18},{"not_picked":["Sword Boomerang","Clash","Rage+1"],"picked":"SKIP","floor":21},{"not_picked":["Wild Strike","Armaments+1"],"picked":"Iron Wave+1","floor":23},{"not_picked":["Twin Strike","Double Tap+1","Pommel Strike"],"picked":"Feel No Pain","floor":28},{"not_picked":["Second Wind+1","Rupture","Flex+1"],"picked":"Body Slam","floor":29},{"not_picked":["Body Slam","Anger","Clash"],"picked":"Seeing Red+1","floor":31},{"not_picked":["Double Tap+1","Fiend Fire","Dark Embrace"],"picked":"Limit Break+1","floor":33},{"not_picked":["Clash+1","Metallicize","Sword Boomerang+1"],"picked":"Dual Wield+1","floor":35},{"not_picked":["True Grit+1","Havoc+1","Perfected Strike"],"picked":"Shrug It Off+1","floor":37},{"not_picked":["Havoc+1","Infernal Blade+1","Warcry+1"],"picked":"Entrench+1","floor":40},{"not_picked":["Armaments+1","Sword Boomerang","Cleave+1"],"picked":"Corruption","floor":42},{"not_picked":["Havoc+1","Headbutt","Iron Wave+1"],"picked":"Whirlwind+1","floor":45},{"not_picked":["Sever Soul+1","Combust+1","Headbutt+1"],"picked":"Dual Wield+1","floor":46},{"not_picked":["Sword Boomerang+1","Clothesline+1","Wild Strike"],"picked":"Offering+1","floor":48}],"player_experience":113872,"potions_floor_usage":[46,50,50,50],"damage_taken":[{"damage":3,"enemies":"Small Slimes","floor":1,"turns":4},{"damage":4,"enemies":"Cultist","floor":4,"turns":2},{"damage":4,"enemies":"Jaw Worm","floor":5,"turns":2},{"damage":4,"enemies":"Gremlin Nob","floor":7,"turns":2},{"damage":12,"enemies":"3 Sentries","floor":12,"turns":5},{"damage":4,"enemies":"2 Fungi Beasts","floor":13,"turns":2},{"damage":4,"enemies":"Lots of Slimes","floor":14,"turns":3},{"damage":4,"enemies":"Slime Boss","floor":16,"turns":9},{"damage":9,"enemies":"Chosen","floor":18,"turns":3},{"damage":4,"enemies":"2 Thieves","floor":21,"turns":3},{"damage":30,"enemies":"Gremlin Leader","floor":23,"turns":7},{"damage":4,"enemies":"Sentry and Sphere","floor":28,"turns":6},{"damage":4,"enemies":"Snake Plant","floor":29,"turns":2},{"damage":4,"enemies":"Cultist and Chosen","floor":31,"turns":3},{"damage":4,"enemies":"Champ","floor":33,"turns":5},{"damage":9,"enemies":"3 Shapes","floor":35,"turns":3},{"damage":9,"enemies":"3 Darklings","floor":37,"turns":3},{"damage":4,"enemies":"Giant Head","floor":40,"turns":6},{"damage":4,"enemies":"Nemesis","floor":42,"turns":3},{"damage":10,"enemies":"4 Shapes","floor":45,"turns":4},{"damage":4,"enemies":"Sphere and 2 Shapes","floor":46,"turns":1},{"damage":0,"enemies":"Spire Growth","floor":48,"turns":1},{"damage":46,"enemies":"Awakened One","floor":50,"turns":8}],"event_choices":[{"event_name":"Accursed Blacksmith","player_choice":"Forge","floor":2,"damage_taken":0},{"event_name":"Match and Keep!","player_choice":"1 cards matched","floor":3,"damage_taken":0},{"event_name":"The Cleric","player_choice":"Card Removal","floor":8,"damage_taken":0},{"event_name":"Beggar","player_choice":"Gave Gold","floor":19,"damage_taken":0},{"event_name":"Wheel of Change","player_choice":"Relic","floor":25,"damage_taken":0},{"event_name":"Bonfire Elementals","player_choice":"UNCOMMON","floor":27,"damage_taken":0},{"event_name":"Wheel of Change","player_choice":"Relic","floor":36,"damage_taken":0},{"event_name":"Mysterious Sphere","player_choice":"Ignore","floor":38,"damage_taken":0}],"boss_relics":[{"not_picked":["Snecko Eye","Calling Bell"],"picked":"Ectoplasm"},{"not_picked":["Black Star","Tiny House"],"picked":"Eternal Feather"}],"potions_floor_spawned":[1,12,14,23,28,31,42,46],"seed_played":"-11269048224942754","ascension_level":1,"is_trial":false}