{"gold_per_floor":[16,32,32,32,46,46,72,87,112,18,18,18,0,19,19,19],"floor_reached":16,"playtime":813,"items_purged":[],"score":115,"play_id":"8d6bf183-ed46-4125-9693-e7b93a4b102c","local_time":"20180803031838","is_ascension_mode":true,"campfire_choices":[{"data":"Rupture","floor":6,"key":"SMITH"},{"floor":12,"key":"REST"},{"data":"Metallicize","floor":15,"key":"SMITH"}],"neow_cost":"NO_GOLD","seed_source_timestamp":305165592213108,"circlet_count":0,"master_deck":["Strike_R","Strike_R","Strike_R","Defend_R","Defend_R","Defend_R+1","Defend_R+1","Bash","Rupture+1","Metallicize+1","Flame Barrier","Bandage Up","Intimidate"],"relics":["Burning Blood","Boot","War Paint"],"potions_floor_usage":[7,8,16],"damage_taken":[{"damage":1,"enemies":"Cultist","floor":1,"turns":3},{"damage":4,"enemies":"Jaw Worm","floor":2,"turns":6},{"damage":2,"enemies":"2 Louse","floor":5,"turns":4},{"damage":77,"enemies":"Lagavulin","floor":7,"turns":12},{"damage":5,"enemies":"Blue Slaver","floor":8,"turns":6},{"damage":0,"enemies":"Looter","floor":13,"turns":4},{"damage":5,"enemies":"3 Louse","floor":14,"turns":5},{"damage":61,"enemies":"The Guardian","floor":16,"turns":18}],"seed_played":"1530690558805805074","potions_obtained":[{"floor":2,"key":"Energy Potion"},{"floor":5,"key":"SteroidPotion"},{"floor":14,"key":"Block Potion"}],"is_trial":false,"path_per_floor":["M","M","$","?","M","R","E","M","T","$","?","R","M","M","R"],"character_chosen":"IRONCLAD","items_purchased":["Bandage Up"],"campfire_rested":1,"item_purchase_floors":[10],"current_hp_per_floor":[80,80,80,80,80,80,9,10,10,10,15,40,50,55,55,0],"gold":19,"neow_bonus":"REMOVE_TWO","is_prod":false,"is_daily":false,"chose_seed":false,"campfire_upgraded":2,"win_rate":0,"timestamp":1533255518,"path_taken":["M","M","?","?","M","R","E","?","T","$","?","R","M","M","R","BOSS"],"build_version":"2018-07-26","purchased_purges":0,"victory":false,"max_hp_per_floor":[80,80,80,80,80,80,80,80,80,80,85,85,85,85,85,85],"card_choices":[{"not_picked":["Havoc","Pummel","Clothesline"],"picked":"SKIP","floor":1},{"not_picked":["Sword Boomerang","Flex"],"picked":"Rupture","floor":2},{"not_picked":["Twin Strike","Reckless Charge","True Grit"],"picked":"SKIP","floor":5},{"not_picked":["Reaper","Flex"],"picked":"Metallicize","floor":7},{"not_picked":["Clothesline","Warcry"],"picked":"Flame Barrier","floor":8},{"not_picked":["Sever Soul","Headbutt"],"picked":"Intimidate","floor":13},{"not_picked":["Anger","Warcry","Blood for Blood"],"picked":"SKIP","floor":14}],"player_experience":164839,"relics_obtained":[{"floor":7,"key":"Boot"},{"floor":9,"key":"War Paint"}],"event_choices":[{"event_name":"The Cleric","player_choice":"Leave","floor":4,"damage_taken":0},{"event_name":"Big Fish","player_choice":"Donut","floor":11,"damage_taken":0}],"is_beta":false,"boss_relics":[],"items_purged_floors":[],"is_endless":false,"potions_floor_spawned":[2,5,14],"killed_by":"The Guardian","ascension_level":3}