{"gold_per_floor":[118,193,193,193,209,209,244,244,244,264,264,284,302,318,318,415,415,426,501,517,528,543,543,554,554,579,596,596,377],"floor_reached":29,"playtime":2560,"items_purged":["Strike_R"],"score":254,"play_id":"067f8f44-7b40-45af-9c4a-a74a3b9d6c9f","local_time":"20190219041315","is_ascension_mode":false,"campfire_choices":[{"data":"Pommel Strike","floor":6,"key":"SMITH"},{"data":"Bash","floor":8,"key":"SMITH"},{"data":"Burning Pact","floor":11,"key":"SMITH"},{"data":"Havoc","floor":15,"key":"SMITH"},{"data":"Offering","floor":23,"key":"SMITH"},{"data":"Havoc","floor":28,"key":"SMITH"}],"neow_cost":"NONE","seed_source_timestamp":7637015690849,"circlet_count":0,"master_deck":["Strike_R","Strike_R+1","Strike_R","Strike_R","Defend_R","Defend_R","Defend_R","Defend_R","Bash+1","Pommel Strike+1","Thunderclap+1","Burning Pact+1","Intimidate","Havoc+1","Flame Barrier","Offering+1","Feel No Pain","Headbutt+1","Disarm","Havoc+1","Battle Trance+1","Fiend Fire"],"relics":["Burning Blood","NeowsBlessing","Blue Candle","PreservedInsect","Oddly Smooth Stone","Sozu","Whetstone"],"potions_floor_usage":[16,16,16],"damage_taken":[{"damage":0,"enemies":"Jaw Worm","floor":1,"turns":1},{"damage":0,"enemies":"Small Slimes","floor":5,"turns":1},{"damage":0,"enemies":"Lagavulin","floor":7,"turns":1},{"damage":0,"enemies":"Cultist","floor":10,"turns":2},{"damage":7,"enemies":"Blue Slaver","floor":12,"turns":6},{"damage":5,"enemies":"3 Louse","floor":13,"turns":4},{"damage":8,"enemies":"Large Slime","floor":14,"turns":7},{"damage":34,"enemies":"Slime Boss","floor":16,"turns":15},{"damage":19,"enemies":"2 Thieves","floor":18,"turns":4},{"damage":2,"enemies":"3 Byrds","floor":20,"turns":2},{"damage":23,"enemies":"Centurion and Healer","floor":21,"turns":6},{"damage":6,"enemies":"Snecko","floor":22,"turns":5},{"damage":12,"enemies":"Snake Plant","floor":24,"turns":3},{"damage":10,"enemies":"Sentry and Sphere","floor":27,"turns":5}],"seed_played":"-92439599940372059","potions_obtained":[{"floor":1,"key":"Weak Potion"},{"floor":5,"key":"Explosive Potion"},{"floor":12,"key":"SkillPotion"},{"floor":16,"key":"PowerPotion"}],"is_trial":false,"path_per_floor":["M","?","?","?","M","R","E","R","T","M","R","M","M","M","R","B",null,"M","?","M","M","M","R","M","?","T","M","R","$"],"character_chosen":"IRONCLAD","items_purchased":["Fiend Fire"],"campfire_rested":0,"item_purchase_floors":[29],"current_hp_per_floor":[80,69,27,32,38,38,44,44,44,50,50,49,50,48,48,20,85,72,64,68,51,51,51,45,45,45,41,41,41],"gold":377,"neow_bonus":"THREE_ENEMY_KILL","is_prod":false,"is_daily":false,"chose_seed":false,"campfire_upgraded":6,"win_rate":0,"timestamp":1550542395,"path_taken":["M","?","?","?","M","R","E","R","T","M","R","M","M","M","R","BOSS","M","?","M","M","M","R","?","?","T","M","R","$"],"build_version":"2019-01-23","purchased_purges":1,"victory":false,"max_hp_per_floor":[80,80,80,85,85,85,85,85,85,85,85,85,85,85,85,85,85,85,85,85,85,85,85,85,85,85,85,85,85],"card_choices":[{"not_picked":["Burning Pact","Clothesline"],"picked":"Pommel Strike","floor":1},{"not_picked":["Flex","Pommel Strike"],"picked":"Thunderclap","floor":5},{"not_picked":["Anger","Blood for Blood","Dual Wield"],"picked":"SKIP","floor":7},{"not_picked":["Whirlwind","Pommel Strike"],"picked":"Burning Pact","floor":10},{"not_picked":["Dual Wield","Thunderclap"],"picked":"Intimidate","floor":12},{"not_picked":["Pummel","Exhume"],"picked":"Havoc","floor":13},{"not_picked":["Havoc","Body Slam"],"picked":"Flame Barrier","floor":14},{"not_picked":["Reaper","Juggernaut"],"picked":"Offering","floor":16},{"not_picked":["Body Slam","Dropkick","Corruption+1"],"picked":"SKIP","floor":18},{"not_picked":["Headbutt","Metallicize+1"],"picked":"Feel No Pain","floor":20},{"not_picked":["Carnage","Perfected Strike"],"picked":"Headbutt+1","floor":21},{"not_picked":["Armaments+1","Metallicize"],"picked":"Disarm","floor":22},{"not_picked":["Pommel Strike","Iron Wave+1"],"picked":"Havoc","floor":24},{"not_picked":["Sword Boomerang","Disarm+1"],"picked":"Battle Trance+1","floor":27}],"player_experience":401370,"relics_obtained":[{"floor":7,"key":"PreservedInsect"},{"floor":9,"key":"Oddly Smooth Stone"},{"floor":26,"key":"Whetstone"}],"event_choices":[{"damage_healed":0,"gold_gain":75,"player_choice":"Gather Gold","damage_taken":11,"max_hp_gain":0,"max_hp_loss":0,"event_name":"World of Goop","floor":2,"gold_loss":0},{"damage_healed":0,"gold_gain":0,"player_choice":"Success","damage_taken":42,"relics_obtained":["Blue Candle"],"max_hp_gain":0,"max_hp_loss":0,"event_name":"Scrap Ooze","floor":3,"gold_loss":0},{"damage_healed":0,"gold_gain":0,"player_choice":"Donut","damage_taken":0,"max_hp_gain":5,"max_hp_loss":0,"event_name":"Big Fish","floor":4,"gold_loss":0},{"damage_healed":0,"gold_gain":75,"player_choice":"Touch","damage_taken":8,"max_hp_gain":0,"max_hp_loss":0,"event_name":"FaceTrader","floor":19,"gold_loss":0},{"damage_healed":0,"gold_gain":0,"player_choice":"Ignored","damage_taken":0,"max_hp_gain":0,"max_hp_loss":0,"event_name":"Cursed Tome","floor":25,"gold_loss":0}],"is_beta":false,"boss_relics":[{"not_picked":["Philosopher\u0027s Stone","Orrery"],"picked":"Sozu"}],"items_purged_floors":[29],"is_endless":false,"potions_floor_spawned":[1,5,12,16,21,22,24],"ascension_level":0}