{"path_per_floor":["M","M","M","M","M","R","M","M","T","R","$","M","E","M","R","B",null,"M","M","$","?","?","R","$","R","T","R","E","M","M","M","R"],"character_chosen":"THE_SILENT","items_purchased":["Well Laid Plans","Cloak And Dagger","Underhanded Strike"],"gold_per_floor":[118,138,154,169,187,187,200,213,213,213,66,82,109,127,127,223,223,240,257,60,60,60,60,60,60,60,60,95,106,118,129,129,129],"floor_reached":33,"campfire_rested":1,"playtime":2477,"current_hp_per_floor":[62,62,61,70,70,70,70,70,70,70,70,69,69,69,69,42,70,55,31,31,80,80,80,80,80,80,80,52,52,25,10,34,0],"items_purged":["Strike_G","Normality"],"gold":129,"score":328,"play_id":"dc9cbb2f-3f55-4caa-89e6-f63bba8a6579","local_time":"20180517214217","is_prod":false,"is_daily":false,"chose_seed":false,"is_ascension_mode":true,"campfire_upgraded":5,"timestamp":1526607737,"campfire_choices":[{"data":"Infinite Blades","floor":6,"key":"SMITH"},{"data":"Malaise","floor":10,"key":"SMITH"},{"data":"Well Laid Plans","floor":15,"key":"SMITH"},{"data":"Finisher","floor":23,"key":"SMITH"},{"data":"Endless Agony","floor":25,"key":"SMITH"},{"data":"Strike_G","floor":27,"key":"PURGE"},{"floor":32,"key":"REST"}],"path_taken":["M","M","M","M","M","R","M","M","T","R","$","M","E","M","R","BOSS","M","M","$","?","?","R","$","R","T","R","E","M","?","?","R","BOSS"],"build_version":"2018-05-17","seed_source_timestamp":748466424624424,"purchased_purges":2,"victory":false,"master_deck":["Defend_G","Defend_G","Defend_G","Defend_G","Defend_G","Strike_G","Strike_G","Strike_G","Survivor","Neutralize","Cloak And Dagger","Backstab","Finisher+1","Infinite Blades+1","Flying Knee","Endless Agony+1","Malaise+1","Well Laid Plans+1","Quick Slash","Backflip","Dagger Throw","Tools of the Trade","Parasite","Writhe","Underhanded Strike","Cloak And Dagger","Underhanded Strike","Terror","Eviscerate+1","Infinite Blades+1"],"max_hp_per_floor":[70,70,70,70,70,70,70,70,70,70,70,70,70,70,70,70,70,70,70,70,80,80,80,80,80,80,80,80,80,80,80,80,80],"relics":["Ring of the Snake","Bottled Tornado","Peace Pipe","Calling Bell","Omamori","Shuriken","Matryoshka","Gambling Chip"],"card_choices":[{"not_picked":["Dagger Throw","Prepared"],"picked":"Cloak And Dagger","floor":1},{"not_picked":["Bane","Concentrate"],"picked":"Backstab","floor":2},{"not_picked":["Outmaneuver","Poisoned Stab"],"picked":"Finisher","floor":3},{"not_picked":["Footwork","Deflect"],"picked":"Infinite Blades","floor":4},{"not_picked":["Dagger Spray","Envenom"],"picked":"Flying Knee","floor":5},{"not_picked":["Reflex","Distraction"],"picked":"Endless Agony","floor":7},{"not_picked":["Sucker Punch","Terror"],"picked":"Malaise","floor":8},{"not_picked":["Flying Knee","Setup"],"picked":"Quick Slash","floor":12},{"not_picked":["Reflex","Wraith Form v2"],"picked":"Backflip","floor":13},{"not_picked":["Outmaneuver","Bane"],"picked":"Dagger Throw","floor":14},{"not_picked":["Die Die Die","Unload"],"picked":"Tools of the Trade","floor":16},{"not_picked":["Well Laid Plans","Dagger Spray+1"],"picked":"Underhanded Strike","floor":18},{"not_picked":["Masterful Stab","Slice+1","Deflect"],"picked":"SKIP","floor":19},{"not_picked":["Phantasmal Killer","PiercingWail"],"picked":"Terror","floor":28},{"not_picked":["Skewer+1","Underhanded Strike","Deflect+1"],"picked":"SKIP","floor":29},{"not_picked":["Dagger Throw+1","Crippling Poison"],"picked":"Eviscerate+1","floor":30},{"not_picked":["Endless Agony","Dagger Throw+1"],"picked":"Infinite Blades+1","floor":31}],"player_experience":177262,"potions_floor_usage":[2,4,5,7,13,16,18,18,28,28,33,33],"damage_taken":[{"damage":8,"enemies":"Jaw Worm","floor":1,"turns":8},{"damage":0,"enemies":"Cultist","floor":2,"turns":5},{"damage":1,"enemies":"Small Slimes","floor":3,"turns":3},{"damage":0,"enemies":"Exordium Wildlife","floor":4,"turns":3},{"damage":0,"enemies":"Large Slime","floor":5,"turns":3},{"damage":0,"enemies":"Red Slaver","floor":7,"turns":2},{"damage":0,"enemies":"Lots of Slimes","floor":8,"turns":3},{"damage":1,"enemies":"Looter","floor":12,"turns":3},{"damage":0,"enemies":"3 Sentries","floor":13,"turns":7},{"damage":0,"enemies":"Blue Slaver","floor":14,"turns":2},{"damage":27,"enemies":"The Guardian","floor":16,"turns":13},{"damage":15,"enemies":"Spheric Guardian","floor":18,"turns":4},{"damage":24,"enemies":"3 Byrds","floor":19,"turns":5},{"damage":40,"enemies":"Slavers","floor":28,"turns":5},{"damage":0,"enemies":"Snecko","floor":29,"turns":3},{"damage":27,"enemies":"3 Cultists","floor":30,"turns":6},{"damage":15,"enemies":"Snake Plant","floor":31,"turns":3},{"damage":69,"enemies":"Champ","floor":33,"turns":7}],"relics_obtained":[{"floor":9,"key":"Bottled Tornado"},{"floor":13,"key":"Peace Pipe"},{"floor":17,"key":"Omamori"},{"floor":17,"key":"Shuriken"},{"floor":26,"key":"Matryoshka"},{"floor":28,"key":"Gambling Chip"}],"event_choices":[{"event_name":"Bonfire Elementals","player_choice":"RARE","floor":21,"damage_taken":0},{"event_name":"Drug Dealer","player_choice":"Ignored","floor":22,"damage_taken":0}],"boss_relics":[{"not_picked":["Orrery","Snecko Eye"],"picked":"Calling Bell"}],"potions_floor_spawned":[3,5,12,14,16,18,31],"seed_played":"-2997208309268265719","killed_by":"Champ","ascension_level":2,"potions_obtained":[{"floor":3,"key":"Ancient Potion"},{"floor":12,"key":"SpeedPotion"},{"floor":14,"key":"SteroidPotion"},{"floor":18,"key":"Dexterity Potion"},{"floor":31,"key":"Regen Potion"}],"is_trial":false}