{"gold_per_floor":[413,432,432,274,284,313,313,333,333,333,348,248,267,286,286,387,387,397,397,410,325,343,178,178,210,261,275,275,301,317,344,344,444,444,456,467,485,498,511,522,522,552,578,116,162,181,37,37,37,37],"floor_reached":51,"playtime":6804,"items_purged":["Strike_G","Injury","Strike_G","Strike_G"],"score":768,"play_id":"86f2b267-aaae-41a9-b5d3-c1a9a3b5f4f5","local_time":"20180929051142","is_ascension_mode":false,"campfire_choices":[{"data":"Deadly Poison","floor":7,"key":"SMITH"},{"floor":15,"key":"REST"},{"floor":24,"key":"REST"},{"floor":28,"key":"REST"},{"floor":32,"key":"REST"},{"floor":41,"key":"REST"},{"floor":49,"key":"REST"}],"neow_cost":"CURSE","seed_source_timestamp":61971363192296,"circlet_count":0,"master_deck":["Defend_G","Defend_G","Defend_G","Defend_G","Defend_G","Strike_G","Survivor","Neutralize+1","Dodge and Roll","Deadly Poison+1","Backflip","Flying Knee","Acrobatics","Calculated Gamble","Backflip+1","All Out Attack","Reflex","Deadly Poison","Catalyst","Well Laid Plans","Noxious Fumes","Footwork","Noxious Fumes+1","Escape Plan","Tactician","Terror+1","Adrenaline"],"relics":["Ring of the Snake","Old Coin","Singing Bowl","Ornamental Fan","Fusion Hammer","Letter Opener","Regal Pillow","Snake Skull","Ice Cream","Lantern","Orrery","Happy Flower","Anchor","Unceasing Top","Du-Vu Doll"],"potions_floor_usage":[16,50],"damage_taken":[{"damage":0,"enemies":"Small Slimes","floor":1,"turns":4},{"damage":2,"enemies":"Cultist","floor":2,"turns":6},{"damage":2,"enemies":"2 Louse","floor":5,"turns":3},{"damage":22,"enemies":"Lagavulin","floor":6,"turns":8},{"damage":16,"enemies":"Large Slime","floor":8,"turns":10},{"damage":0,"enemies":"Red Slaver","floor":11,"turns":3},{"damage":0,"enemies":"3 Louse","floor":13,"turns":5},{"damage":2,"enemies":"Lots of Slimes","floor":14,"turns":7},{"damage":45,"enemies":"Hexaghost","floor":16,"turns":10},{"damage":0,"enemies":"Chosen","floor":18,"turns":5},{"damage":3,"enemies":"Shell Parasite","floor":20,"turns":7},{"damage":8,"enemies":"Centurion and Healer","floor":22,"turns":9},{"damage":15,"enemies":"Slavers","floor":25,"turns":6},{"damage":16,"enemies":"3 Cultists","floor":27,"turns":6},{"damage":9,"enemies":"Book of Stabbing","floor":29,"turns":5},{"damage":2,"enemies":"Chosen and Byrds","floor":30,"turns":6},{"damage":28,"enemies":"Slavers","floor":31,"turns":6},{"damage":67,"enemies":"Automaton","floor":33,"turns":10},{"damage":3,"enemies":"3 Shapes","floor":35,"turns":4},{"damage":17,"enemies":"3 Darklings","floor":36,"turns":5},{"damage":5,"enemies":"Transient","floor":37,"turns":5},{"damage":17,"enemies":"4 Shapes","floor":38,"turns":4},{"damage":21,"enemies":"3 Darklings","floor":39,"turns":4},{"damage":1,"enemies":"Spire Growth","floor":40,"turns":5},{"damage":31,"enemies":"Nemesis","floor":42,"turns":7},{"damage":4,"enemies":"Mysterious Sphere","floor":45,"turns":4},{"damage":13,"enemies":"Sphere and 2 Shapes","floor":46,"turns":6},{"damage":46,"enemies":"Time Eater","floor":50,"turns":12}],"seed_played":"5297821482869602296","potions_obtained":[{"floor":2,"key":"EssenceOfSteel"},{"floor":6,"key":"GhostInAJar"},{"floor":11,"key":"Fire Potion"},{"floor":16,"key":"Weak Potion"},{"floor":31,"key":"GhostInAJar"}],"is_trial":false,"path_per_floor":["M","M","?","$","M","E","R","M","T","?","M","$","M","M","R","B",null,"M","?","M","?","M","$","R","E","T","M","R","E","M","E","R","B",null,"M","M","M","M","M","M","R","E","T","$","?","M","$","?","R","B"],"character_chosen":"THE_SILENT","items_purchased":["Backflip","Caltrops","Reflex","Unceasing Top","Adrenaline"],"campfire_rested":6,"item_purchase_floors":[4,4,23,44,47],"current_hp_per_floor":[70,68,68,68,66,46,46,30,30,30,30,30,32,32,54,11,78,78,78,75,75,67,67,78,63,63,47,78,71,71,43,82,17,90,87,72,69,54,35,34,78,47,47,47,43,32,32,32,77,31],"gold":37,"neow_bonus":"ONE_RARE_RELIC","is_prod":false,"is_daily":false,"chose_seed":false,"campfire_upgraded":1,"win_rate":0,"timestamp":1538187102,"path_taken":["M","M","?","$","M","E","R","?","T","?","M","$","?","M","R","BOSS","M","?","M","?","M","$","R","E","T","M","R","E","M","E","R","BOSS","M","M","?","M","M","M","R","E","T","$","?","M","$","?","R","BOSS"],"build_version":"2018-09-27","purchased_purges":4,"victory":true,"max_hp_per_floor":[70,70,70,70,70,72,72,72,72,72,72,72,74,76,76,78,78,78,78,78,78,78,78,78,78,78,78,78,80,82,82,82,84,90,90,92,94,96,98,98,98,98,98,98,98,100,100,100,100,100],"card_choices":[{"not_picked":["Finisher","Underhanded Strike"],"picked":"Dodge and Roll","floor":1},{"not_picked":["Reflex","Accuracy"],"picked":"Deadly Poison","floor":2},{"not_picked":["Bane","Cloak And Dagger","Flechettes"],"picked":"SKIP","floor":5},{"not_picked":["Underhanded Strike","Leg Sweep","Night Terror"],"picked":"Singing Bowl","floor":6},{"not_picked":["Caltrops","Accuracy"],"picked":"Flying Knee","floor":8},{"not_picked":["Dagger Spray","Quick Slash"],"picked":"Acrobatics","floor":11},{"not_picked":["Eviscerate","Dodge and Roll","Dagger Throw"],"picked":"Singing Bowl","floor":13},{"not_picked":["PiercingWail","Dagger Spray","Distraction"],"picked":"Singing Bowl","floor":14},{"not_picked":["Night Terror","Envenom","Phantasmal Killer"],"picked":"Singing Bowl","floor":16},{"not_picked":["Backflip","Sucker Punch"],"picked":"Calculated Gamble","floor":18},{"not_picked":["Sucker Punch","Slice"],"picked":"Backflip+1","floor":20},{"not_picked":["Leg Sweep","Dodge and Roll"],"picked":"All Out Attack","floor":22},{"not_picked":["Accuracy+1","Finisher"],"picked":"Deadly Poison","floor":25},{"not_picked":["Crippling Poison","Endless Agony"],"picked":"Catalyst","floor":27},{"not_picked":["Acrobatics","Unload","Blade Dance"],"picked":"Singing Bowl","floor":29},{"not_picked":["Flying Knee","Backflip","Dagger Throw+1"],"picked":"Singing Bowl","floor":30},{"not_picked":["Crippling Poison","Prepared"],"picked":"Well Laid Plans","floor":31},{"not_picked":["Die Die Die","Phantasmal Killer","Wraith Form v2"],"picked":"Singing Bowl","floor":33},{"not_picked":["Calculated Gamble+1","Bane"],"picked":"Noxious Fumes","floor":34},{"not_picked":["Prepared","Underhanded Strike"],"picked":"Footwork","floor":34},{"not_picked":["Flying Knee+1","Finisher","Cloak And Dagger"],"picked":"Singing Bowl","floor":34},{"not_picked":["Eviscerate+1","Deflect","Choke"],"picked":"Singing Bowl","floor":34},{"not_picked":["Dagger Throw","Expertise+1","Sucker Punch"],"picked":"Singing Bowl","floor":34},{"not_picked":["Endless Agony+1","Underhanded Strike"],"picked":"Noxious Fumes+1","floor":35},{"not_picked":["Dagger Spray+1","Reflex","Masterful Stab+1"],"picked":"Singing Bowl","floor":36},{"not_picked":["Slice+1","Blade Dance","Dagger Spray"],"picked":"Singing Bowl","floor":37},{"not_picked":["Caltrops+1","Backflip","Deadly Poison"],"picked":"Singing Bowl","floor":38},{"not_picked":["Sucker Punch+1","Dash","Unload"],"picked":"Singing Bowl","floor":39},{"not_picked":["Slice+1","Sucker Punch"],"picked":"Escape Plan","floor":40},{"not_picked":["Noxious Fumes+1","Predator"],"picked":"Tactician","floor":42},{"not_picked":["Dagger Spray+1","Dodge and Roll+1"],"picked":"Terror+1","floor":45},{"not_picked":["Dagger Spray","PiercingWail","Predator+1"],"picked":"Singing Bowl","floor":46}],"player_experience":162562,"relics_obtained":[{"floor":6,"key":"Singing Bowl"},{"floor":9,"key":"Ornamental Fan"},{"floor":25,"key":"Regal Pillow"},{"floor":26,"key":"Snake Skull"},{"floor":29,"key":"Ice Cream"},{"floor":31,"key":"Lantern"},{"floor":42,"key":"Happy Flower"},{"floor":43,"key":"Anchor"},{"floor":45,"key":"Du-Vu Doll"}],"event_choices":[{"event_name":"Living Wall","player_choice":"Grow","floor":3,"damage_taken":0},{"event_name":"Golden Idol","player_choice":"Ignored","floor":10,"damage_taken":0},{"event_name":"Bonfire Elementals","player_choice":"UNCOMMON","floor":19,"damage_taken":0},{"event_name":"Addict","player_choice":"Obtained Relic","floor":21,"damage_taken":0},{"event_name":"Mysterious Sphere","player_choice":"Fight","floor":45,"damage_taken":0},{"event_name":"Purifier","player_choice":"One Purge","floor":48,"damage_taken":0}],"is_beta":false,"boss_relics":[{"not_picked":["Velvet Choker","Black Star"],"picked":"Fusion Hammer"},{"not_picked":["Astrolabe","Runic Dome"],"picked":"Orrery"}],"items_purged_floors":[4,12,23,44],"is_endless":false,"potions_floor_spawned":[2,6,11,14,16,18,20,27,29,31,35,36,37,42,45],"ascension_level":0}