{"gold_per_floor":[119,133,133,148,158,158,184,184,184,21,41,72,72,92,92,196,196,161,172,188,188,198,225,225,225,225,241,241,253,280,6,6,102,102,116,133,233,233,0,0,27,47,71,99,99,116,116,126,126,126],"floor_reached":51,"playtime":5689,"items_purged":[],"score":734,"play_id":"b706e32c-221a-42c2-a56d-e014069527ec","local_time":"20180717075732","is_ascension_mode":false,"campfire_choices":[{"data":"Neutralize","floor":6,"key":"SMITH"},{"floor":8,"key":"REST"},{"data":"Madness","floor":13,"key":"SMITH"},{"data":"Malaise","floor":15,"key":"SMITH"},{"floor":25,"key":"REST"},{"floor":28,"key":"REST"},{"floor":32,"key":"REST"},{"floor":40,"key":"REST"},{"floor":45,"key":"REST"},{"data":"Strike_G","floor":47,"key":"PURGE"},{"floor":49,"key":"REST"}],"neow_cost":"NONE","seed_source_timestamp":385322255801079,"circlet_count":0,"master_deck":["Defend_G","Defend_G","Strike_G+1","Strike_G","Strike_G+1","Strike_G","Survivor","Neutralize+1","PiercingWail","Well Laid Plans","Quick Slash","All Out Attack","Blur","Madness+1","Malaise+1","Sucker Punch","Footwork","Outmaneuver","Blur","Terror","Deadly Poison+1","Leg Sweep+1","Sucker Punch","Blur","Caltrops","A Thousand Cuts","Underhanded Strike+1","Footwork+1","Malaise+1","Backstab+1","Footwork+1","Madness","Madness","Backflip+1","Backflip+1","Dagger Throw+1","Tools of the Trade"],"relics":["Ring of the Snake","Whetstone","Blue Candle","Paper Crane","Bottled Lightning","Fusion Hammer","Potion Belt","Peace Pipe","Centennial Puzzle","Smiling Mask","Regal Pillow","Astrolabe","Red Mask","Toxic Egg 2","Boot","Bronze Scales"],"potions_floor_usage":[7,7,18,20,22,23,30,44,44,50,50,50,50],"damage_taken":[{"damage":1,"enemies":"Cultist","floor":1,"turns":3},{"damage":0,"enemies":"Small Slimes","floor":2,"turns":4},{"damage":3,"enemies":"Jaw Worm","floor":4,"turns":5},{"damage":10,"enemies":"Exordium Thugs","floor":5,"turns":8},{"damage":17,"enemies":"3 Sentries","floor":7,"turns":8},{"damage":0,"enemies":"Lots of Slimes","floor":11,"turns":1},{"damage":2,"enemies":"Lagavulin","floor":12,"turns":10},{"damage":8,"enemies":"3 Louse","floor":14,"turns":2},{"damage":35,"enemies":"Hexaghost","floor":16,"turns":22},{"damage":1,"enemies":"2 Thieves","floor":18,"turns":5},{"damage":14,"enemies":"Chosen","floor":19,"turns":10},{"damage":9,"enemies":"Snake Plant","floor":20,"turns":6},{"damage":13,"enemies":"Slaver and Parasite","floor":22,"turns":12},{"damage":38,"enemies":"Slavers","floor":23,"turns":11},{"damage":5,"enemies":"Centurion and Healer","floor":27,"turns":11},{"damage":2,"enemies":"Snake Plant","floor":29,"turns":4},{"damage":42,"enemies":"Gremlin Leader","floor":30,"turns":11},{"damage":25,"enemies":"Collector","floor":33,"turns":23},{"damage":14,"enemies":"3 Shapes","floor":35,"turns":4},{"damage":11,"enemies":"Orb Walker","floor":36,"turns":6},{"damage":2,"enemies":"Nemesis","floor":41,"turns":11},{"damage":9,"enemies":"Spire Growth","floor":42,"turns":8},{"damage":48,"enemies":"2 Orb Walkers","floor":44,"turns":9},{"damage":5,"enemies":"Flame Bruiser 2 Orb","floor":46,"turns":8},{"damage":19,"enemies":"3 Darklings","floor":48,"turns":4},{"damage":10,"enemies":"Awakened One","floor":50,"turns":23}],"seed_played":"7839831644236574527","potions_obtained":[{"floor":2,"key":"Strength Potion"},{"floor":4,"key":"GamblersBrew"},{"floor":5,"key":"Ancient Potion"},{"floor":12,"key":"Fire Potion"},{"floor":18,"key":"LiquidBronze"},{"floor":20,"key":"Regen Potion"},{"floor":22,"key":"GamblersBrew"},{"floor":27,"key":"Ancient Potion"},{"floor":41,"key":"Explosive Potion"},{"floor":42,"key":"FearPotion"},{"floor":44,"key":"Swift Potion"},{"floor":48,"key":"FearPotion"}],"is_trial":false,"path_per_floor":["M","M","?","M","M","R","E","R","T","$","M","E","R","M","R","B",null,"M","M","M","?","M","E","?","R","T","M","R","M","E","$","R","B",null,"M","M","?","?","?","R","E","M","T","E","R","M","R","M","R","B"],"character_chosen":"THE_SILENT","items_purchased":["Blur","Madness","Regal Pillow","Caltrops","Block Potion"],"campfire_rested":7,"item_purchase_floors":[10,10,31,31,31],"current_hp_per_floor":[69,69,69,66,56,56,39,60,60,60,60,58,58,50,50,15,70,69,55,46,46,48,10,10,31,31,26,47,45,3,3,39,14,70,56,45,45,36,36,70,68,59,59,11,47,42,42,23,59,49],"gold":126,"neow_bonus":"RANDOM_COMMON_RELIC","is_prod":false,"is_daily":false,"chose_seed":false,"campfire_upgraded":3,"win_rate":0,"timestamp":1531803452,"path_taken":["M","?","?","M","?","R","E","R","T","?","M","E","R","M","R","BOSS","M","M","M","?","M","E","?","R","T","M","R","?","E","$","R","BOSS","M","M","?","?","?","R","E","M","T","E","R","M","R","M","R","BOSS"],"build_version":"2018-07-12","purchased_purges":0,"victory":true,"max_hp_per_floor":[70,70,70,70,70,70,70,70,70,70,70,70,70,70,70,70,70,70,70,70,70,70,70,70,70,70,70,70,70,70,70,70,70,70,70,70,70,70,70,70,70,70,70,70,70,70,70,70,70,70],"card_choices":[{"not_picked":["Dodge and Roll","Sucker Punch"],"picked":"PiercingWail","floor":1},{"not_picked":["PiercingWail","Underhanded Strike","Poisoned Stab"],"picked":"SKIP","floor":2},{"not_picked":["Deflect","Reflex"],"picked":"Well Laid Plans","floor":4},{"not_picked":["Doppelganger","Flying Knee"],"picked":"Quick Slash","floor":5},{"not_picked":["Heel Hook","Endless Agony"],"picked":"All Out Attack","floor":7},{"not_picked":["Crippling Poison","Masterful Stab"],"picked":"Malaise","floor":11},{"not_picked":["Phantasmal Killer","Finisher"],"picked":"Sucker Punch","floor":12},{"not_picked":["Flechettes","Outmaneuver"],"picked":"Footwork","floor":14},{"not_picked":["Dagger Spray+1","Poisoned Stab+1"],"picked":"Outmaneuver","floor":18},{"not_picked":["Deadly Poison","Poisoned Stab"],"picked":"Blur","floor":19},{"not_picked":["Acrobatics","Dagger Spray"],"picked":"Terror","floor":20},{"not_picked":["Slice","Riddle With Holes"],"picked":"Deadly Poison+1","floor":22},{"not_picked":["Acrobatics+1","Backstab"],"picked":"Leg Sweep+1","floor":23},{"not_picked":["Bane","Prepared"],"picked":"Sucker Punch","floor":27},{"not_picked":["All Out Attack","Distraction","Finisher"],"picked":"SKIP","floor":29},{"not_picked":["Well Laid Plans+1","Bane"],"picked":"Blur","floor":30},{"not_picked":["Night Terror","Venomology"],"picked":"A Thousand Cuts","floor":33},{"not_picked":["Expertise","Flying Knee"],"picked":"Backstab+1","floor":35},{"not_picked":["Acrobatics","Bouncing Flask+1"],"picked":"Footwork+1","floor":36},{"not_picked":["Cloak And Dagger+1","Eviscerate+1"],"picked":"Backflip","floor":41},{"not_picked":["Sucker Punch","Dagger Throw+1"],"picked":"Backflip+1","floor":42},{"not_picked":["Dagger Throw+1","Endless Agony","Blade Dance+1"],"picked":"SKIP","floor":44},{"not_picked":["Escape Plan+1","Accuracy"],"picked":"Dagger Throw+1","floor":46},{"not_picked":["Sucker Punch","PiercingWail+1"],"picked":"Tools of the Trade","floor":48}],"player_experience":119185,"relics_obtained":[{"floor":7,"key":"Blue Candle"},{"floor":9,"key":"Paper Crane"},{"floor":12,"key":"Bottled Lightning"},{"floor":23,"key":"Peace Pipe"},{"floor":26,"key":"Centennial Puzzle"},{"floor":30,"key":"Smiling Mask"},{"floor":41,"key":"Toxic Egg 2"},{"floor":43,"key":"Boot"},{"floor":44,"key":"Bronze Scales"}],"event_choices":[{"event_name":"Liars Game","player_choice":"disagreed","floor":3,"damage_taken":0},{"event_name":"The Mausoleum","player_choice":"Yes","floor":21,"damage_taken":0},{"event_name":"Ghosts","player_choice":"Ignored","floor":24,"damage_taken":0},{"event_name":"Golden Shrine","player_choice":"Pray","floor":37,"damage_taken":0},{"event_name":"Winding Halls","player_choice":"Embrace Madness","floor":38,"damage_taken":0},{"event_name":"Tomb of Lord Red Mask","player_choice":"Paid","floor":39,"damage_taken":0}],"boss_relics":[{"not_picked":["Velvet Choker","Runic Pyramid"],"picked":"Fusion Hammer"},{"not_picked":["Runic Dome","Black Star"],"picked":"Astrolabe"}],"items_purged_floors":[],"is_endless":false,"potions_floor_spawned":[2,4,5,12,18,20,22,27,41,42,44,48],"ascension_level":0}