{"path_per_floor":["M","M","$","?","?","E","M","R","T","M","M","R","M","$","R"],"character_chosen":"THE_SILENT","items_purchased":["Acrobatics"],"gold_per_floor":[109,129,4,4,4,48,61,61,85,101,114,114,134,34,34,34],"floor_reached":16,"campfire_rested":2,"playtime":960,"current_hp_per_floor":[56,51,51,70,53,4,4,25,25,25,25,46,42,42,42,0],"items_purged":["Pain","Strike_G"],"gold":34,"score":128,"play_id":"1f2144bd-9797-46f7-88fe-51e95032ea32","local_time":"20180503224823","is_prod":false,"is_daily":false,"chose_seed":false,"is_ascension_mode":true,"campfire_upgraded":1,"timestamp":1525402103,"path_taken":["M","M","$","?","?","E","M","R","T","?","M","R","M","$","R","BOSS"],"build_version":"2018-04-28v2","seed_source_timestamp":173976100890588,"purchased_purges":2,"victory":false,"master_deck":["Defend_G","Defend_G","Defend_G","Defend_G","Defend_G","Strike_G","Strike_G+1","Strike_G+1","Strike_G","Survivor","Neutralize","Envenom","Blur","Acrobatics","Venomology","Predator","Caltrops","Terror","Tactician+1"],"max_hp_per_floor":[70,70,70,70,70,70,70,70,70,70,70,70,70,70,70,70],"relics":["Ring of the Snake","Golden Idol","Whetstone","Lantern"],"card_choices":[{"not_picked":["Unload","Storm of Steel"],"picked":"Envenom","floor":0},{"not_picked":["Dagger Spray","Dodge and Roll"],"picked":"Blur","floor":2},{"not_picked":["Bullet Time","Flechettes"],"picked":"Venomology","floor":6},{"not_picked":["Acrobatics","Backflip"],"picked":"Predator","floor":7},{"not_picked":["Poisoned Stab","Slice"],"picked":"Caltrops","floor":10},{"not_picked":["Deadly Poison","Choke"],"picked":"Terror","floor":11},{"not_picked":["Quick Slash","Crippling Poison"],"picked":"Tactician","floor":13}],"player_experience":415763,"potions_floor_usage":[6,11,11,13,16,16,16],"damage_taken":[{"damage":14,"enemies":"Jaw Worm","floor":1,"turns":7},{"damage":5,"enemies":"Small Slimes","floor":2,"turns":6},{"damage":49,"enemies":"3 Sentries","floor":6,"turns":18},{"damage":0,"enemies":"2 Louse","floor":7,"turns":2},{"damage":0,"enemies":"Large Slime","floor":10,"turns":6},{"damage":0,"enemies":"2 Fungi Beasts","floor":11,"turns":3},{"damage":4,"enemies":"Exordium Wildlife","floor":13,"turns":4},{"damage":64,"enemies":"Slime Boss","floor":16,"turns":7}],"event_choices":[{"event_name":"Big Fish","player_choice":"Banana","floor":4,"damage_taken":0},{"event_name":"Golden Idol","player_choice":"Take Damage","floor":5,"damage_taken":0}],"boss_relics":[],"potions_floor_spawned":[1,7,10,13],"seed_played":"-2220647895606540039","killed_by":"Slime Boss","ascension_level":5,"is_trial":false}