{"gold_per_floor":[116,116,191,201,214,214,232,266,289,302,302,12,25,58,58,129,129,144,144,34,34,0],"floor_reached":22,"playtime":1120,"items_purged":[],"score":378,"play_id":"7ba0b636-f1d2-42a6-ae96-aeefe83f6bee","local_time":"20190307202210","is_ascension_mode":true,"campfire_choices":[{"data":"Zap","floor":6,"key":"SMITH"},{"floor":11,"key":"REST"},{"floor":15,"key":"REST"}],"neow_cost":"NONE","seed_source_timestamp":1803191946083102,"circlet_count":0,"master_deck":["AscendersBane","Strike_B","Strike_B","Defend_B","Defend_B","Defend_B","Defend_B+1","Zap+1","Dualcast+1","Steam","Conserve Battery","Defragment","Tempest","Doom and Gloom","Compile Driver","Ball Lightning","Core Surge","Biased Cognition+1","Defragment"],"relics":["Cracked Core","War Paint","Juzu Bracelet","Anchor","Matryoshka","Shuriken","Snecko Eye"],"potions_floor_usage":[14,16,22,22],"damage_taken":[{"damage":2,"enemies":"Jaw Worm","floor":1,"turns":4},{"damage":0,"enemies":"Small Slimes","floor":4,"turns":3},{"damage":6,"enemies":"Cultist","floor":5,"turns":4},{"damage":0,"enemies":"2 Fungi Beasts","floor":7,"turns":4},{"damage":13,"enemies":"3 Sentries","floor":8,"turns":6},{"damage":1,"enemies":"Large Slime","floor":10,"turns":4},{"damage":4,"enemies":"Red Slaver","floor":13,"turns":4},{"damage":11,"enemies":"Lagavulin","floor":14,"turns":6},{"damage":27,"enemies":"Hexaghost","floor":16,"turns":9},{"damage":7,"enemies":"3 Byrds","floor":18,"turns":3},{"damage":39,"enemies":"2 Thieves","floor":22,"turns":3}],"seed_played":"-2232952922457162327","potions_obtained":[{"floor":1,"key":"GamblersBrew"},{"floor":5,"key":"SpeedPotion"},{"floor":10,"key":"Strength Potion"},{"floor":14,"key":"SkillPotion"},{"floor":16,"key":"Swift Potion"}],"is_trial":false,"path_per_floor":["M","?","?","M","M","R","M","E","T","M","R","$","M","E","R","B",null,"M","?","?","?","M"],"character_chosen":"DEFECT","items_purchased":["Ball Lightning","Matryoshka"],"campfire_rested":2,"item_purchase_floors":[12,12],"current_hp_per_floor":[62,57,46,46,40,40,40,27,27,26,47,47,43,32,53,26,60,53,33,33,33,0],"gold":0,"neow_bonus":"TRANSFORM_CARD","is_prod":false,"is_daily":false,"chose_seed":false,"campfire_upgraded":1,"win_rate":0,"timestamp":1552011730,"path_taken":["M","?","?","M","M","R","M","E","T","M","R","$","M","E","R","BOSS","M","?","?","?","M"],"build_version":"2019-01-23","purchased_purges":0,"victory":false,"max_hp_per_floor":[71,71,71,71,71,71,71,71,71,71,71,71,71,71,71,71,71,71,76,76,76,76],"card_choices":[{"not_picked":["Melter","Beam Cell"],"picked":"Conserve Battery","floor":1},{"not_picked":["Redo","Barrage"],"picked":"Defragment","floor":4},{"not_picked":["Turbo","Steam"],"picked":"Tempest","floor":5},{"not_picked":["Sweeping Beam","Rebound"],"picked":"Doom and Gloom","floor":7},{"not_picked":["Conserve Battery","Sweeping Beam"],"picked":"Compile Driver","floor":8},{"not_picked":["Aggregate","Sweeping Beam","Hologram"],"picked":"SKIP","floor":10},{"not_picked":["Redo","Sweeping Beam","Self Repair"],"picked":"SKIP","floor":13},{"not_picked":["Go for the Eyes","Rebound"],"picked":"Core Surge","floor":14},{"not_picked":["Core Surge","Reboot"],"picked":"Biased Cognition","floor":16},{"not_picked":["Go for the Eyes+1","Hologram"],"picked":"Defragment","floor":18}],"player_experience":573598,"relics_obtained":[{"floor":8,"key":"Juzu Bracelet"},{"floor":9,"key":"Anchor"},{"floor":14,"key":"Shuriken"}],"event_choices":[{"damage_healed":0,"gold_gain":0,"player_choice":"Success","damage_taken":5,"relics_obtained":["War Paint"],"max_hp_gain":0,"max_hp_loss":0,"event_name":"Scrap Ooze","floor":2,"gold_loss":0},{"damage_healed":0,"gold_gain":75,"player_choice":"Gather Gold","damage_taken":11,"max_hp_gain":0,"max_hp_loss":0,"event_name":"World of Goop","floor":3,"gold_loss":0},{"damage_healed":0,"gold_gain":0,"player_choice":"Shed Blood","damage_taken":25,"max_hp_gain":5,"max_hp_loss":0,"event_name":"Forgotten Altar","floor":19,"gold_loss":0},{"cards_removed":["Strike_B"],"damage_healed":0,"gold_gain":0,"player_choice":"Upgrade and Remove","damage_taken":0,"max_hp_gain":0,"max_hp_loss":0,"event_name":"Designer","floor":20,"gold_loss":110,"cards_upgraded":["Biased Cognition"]},{"damage_healed":0,"gold_gain":0,"player_choice":"Ignored","damage_taken":0,"max_hp_gain":0,"max_hp_loss":0,"event_name":"Cursed Tome","floor":21,"gold_loss":0}],"is_beta":false,"boss_relics":[{"not_picked":["FrozenCore","Orrery"],"picked":"Snecko Eye"}],"items_purged_floors":[],"is_endless":false,"potions_floor_spawned":[1,5,10,14,16],"killed_by":"2 Thieves","ascension_level":19}