{"path_per_floor":["M","?","?","$","M","R","E","R","T","M","R","M","$","M","R","B",null,"M","M","?","?","M","R","$","R","T","R","E","M","M","?","R","B",null,"M","?","M","?","$","R","?","M","T","?","R","$","M","M","R"],"character_chosen":"IRONCLAD","items_purchased":["Clash","Orichalcum","Bottled Tornado","Paper Frog"],"gold_per_floor":[115,115,115,63,84,84,118,118,118,132,132,151,76,95,95,219,219,234,257,257,257,272,272,24,24,24,24,57,81,94,94,94,224,224,237,237,258,258,18,18,18,43,43,376,376,120,131,146,146],"floor_reached":50,"campfire_rested":2,"playtime":2249,"current_hp_per_floor":[80,47,27,27,33,33,39,39,39,45,45,51,51,57,57,63,80,80,80,80,56,56,56,56,56,56,56,53,54,53,53,53,50,56,33,33,41,31,31,31,31,30,30,30,46,46,33,21,37],"items_purged":["Strike_R","Bite_R"],"gold":146,"play_id":"dfbd79a1-e162-4993-a40d-6b3acc27bcd1","is_prod":false,"is_daily":false,"campfire_rituals":0,"campfire_upgraded":9,"is_hardmode":false,"path_taken":["M","?","?","$","M","R","E","R","T","M","R","M","?","M","R","BOSS","M","M","?","?","M","R","$","R","T","R","E","M","M","?","R","BOSS","M","?","M","?","$","R","?","M","T","?","R","?","M","?","R","BOSS"],"build_version":"2018-01-18-PROD4","purchased_purges":2,"victory":false,"master_deck":["Defend_R","Defend_R","Defend_R","Bash","Clash","Clash","Pommel Strike","Flex","Pommel Strike","Bludgeon","Whirlwind","Uppercut","Metallicize","Bite_R","Bite_R","Bite_R","Bite_R","Second Wind","Demon Form","Shrug It Off","Fiend Fire","Pommel Strike","Madness","Madness","Limit Break"],"max_hp_per_floor":[80,80,80,80,80,80,80,80,80,80,80,80,80,80,80,80,80,80,80,80,56,56,56,56,56,56,56,56,56,56,56,56,56,56,56,56,56,56,56,56,56,56,56,56,56,56,56,56,56],"relics":["Burning Blood","NeowsBlessing","Oddly Smooth Stone","Bottled Lightning","Ice Cream","Cursed Key","Orichalcum","Toxic Egg","Velvet Choker","Bottled Tornado","Paper Frog"],"campfire_meditates":0,"card_choices":[{"not_picked":["Sentinel","Dropkick"],"picked":"Clash"},{"not_picked":["Thunderclap","Feed"],"picked":"Pommel Strike"},{"not_picked":["Metallicize","Wild Strike"],"picked":"Flex"},{"not_picked":["Reckless Charge","Anger"],"picked":"Pommel Strike"},{"not_picked":["Impervious","Immolate"],"picked":"Bludgeon"},{"not_picked":["Iron Wave","Cleave"],"picked":"Whirlwind"},{"not_picked":["Clothesline","Wild Strike"],"picked":"Uppercut"},{"not_picked":["Thunderclap","Blood for Blood"],"picked":"Second Wind"},{"not_picked":["Armaments","Headbutt"],"picked":"Demon Form"},{"not_picked":["Headbutt","Body Slam"],"picked":"Shrug It Off"},{"not_picked":["Reaper","Brutality"],"picked":"Fiend Fire"},{"not_picked":["Body Slam","Anger"],"picked":"Pommel Strike"},{"not_picked":["Twin Strike","Headbutt"],"picked":"Limit Break"}],"player_experience":175943,"potions_floor_usage":[18,42,48,50],"damage_taken":[{"damage":0,"enemies":"Cultist","floor":1,"turns":1},{"damage":0,"enemies":"2 Louse","floor":5,"turns":1},{"damage":0,"enemies":"3 Sentries","floor":7,"turns":1},{"damage":0,"enemies":"Blue Slaver","floor":10,"turns":3},{"damage":0,"enemies":"2 Fungi Beasts","floor":12,"turns":3},{"damage":0,"enemies":"Large Slime","floor":14,"turns":4},{"damage":0,"enemies":"Slime Boss","floor":16,"turns":7},{"damage":0,"enemies":"Chosen","floor":18,"turns":2},{"damage":0,"enemies":"Spheric Guardian","floor":19,"turns":2},{"damage":0,"enemies":"Centurion and Healer","floor":22,"turns":5},{"damage":13,"enemies":"Book of Stabbing","floor":28,"turns":4},{"damage":12,"enemies":"Snecko","floor":29,"turns":4},{"damage":9,"enemies":"Snake Plant","floor":30,"turns":2},{"damage":15,"enemies":"Champ","floor":33,"turns":9},{"damage":35,"enemies":"3 Shapes","floor":35,"turns":4},{"damage":0,"enemies":"Orb Walker","floor":37,"turns":3},{"damage":13,"enemies":"Maw","floor":42,"turns":5},{"damage":21,"enemies":"Sphere and 2 Shapes","floor":47,"turns":4},{"damage":36,"enemies":"4 Shapes","floor":48,"turns":5},{"damage":50,"enemies":"Donu and Deca","floor":50,"turns":3}],"event_choices":[{"event_name":"Scrap Ooze","player_choice":"success","floor":2,"damage_taken":33},{"event_name":"Golden Idol","player_choice":"Take Damage","floor":3,"damage_taken":0},{"event_name":"The Library","player_choice":"Read","floor":20,"damage_taken":0},{"event_name":"Vampires","player_choice":"Became a vampire","floor":21,"damage_taken":0},{"event_name":"Drug Dealer","player_choice":"Ignored","floor":31,"damage_taken":0},{"event_name":"Winding Halls","player_choice":"Embrace Madness","floor":38,"damage_taken":0},{"event_name":"Upgrade Shrine","player_choice":"Upgraded","floor":41,"damage_taken":0},{"event_name":"The Moai Head","player_choice":"Gave Idol","floor":44,"damage_taken":0}],"boss_relics":[{"not_picked":["White Beast Statue","Question Card"],"picked":"Cursed Key"},{"not_picked":["Black Star","Tiny House"],"picked":"Velvet Choker"}],"potions_floor_spawned":[1,5,14,16,22,33,35,47],"seed_played":"2408711238994695890","killed_by":"Donu and Deca","is_trial":false}