{"gold_per_floor":[215,215,227,257,282,294,326,338,374,397,423,435,463,486,498,510],"floor_reached":16,"playtime":1203,"items_purged":[],"score":96,"play_id":"5985ad51-3d0d-4f76-ab89-b896e799dfc6","local_time":"20180922062757","is_ascension_mode":false,"campfire_choices":[{"data":"Defend_R","floor":6,"key":"SMITH"},{"data":"Pommel Strike","floor":8,"key":"SMITH"},{"data":"Pommel Strike","floor":12,"key":"SMITH"},{"data":"Strike_R","floor":15,"key":"SMITH"}],"neow_cost":"NONE","seed_source_timestamp":139255367077269,"circlet_count":0,"master_deck":["Strike_R","Strike_R","Strike_R","Strike_R+1","Strike_R+1","Defend_R","Defend_R","Defend_R","Defend_R+1","Bash+1","Pommel Strike+1","Pommel Strike+1"],"relics":["Burning Blood","MawBank","Regal Pillow"],"potions_floor_usage":[],"damage_taken":[{"damage":1,"enemies":"2 Louse","floor":1,"turns":3},{"damage":8,"enemies":"Small Slimes","floor":4,"turns":3},{"damage":1,"enemies":"Cultist","floor":5,"turns":3},{"damage":7,"enemies":"2 Fungi Beasts","floor":7,"turns":4},{"damage":5,"enemies":"Looter","floor":10,"turns":3},{"damage":13,"enemies":"Large Slime","floor":11,"turns":9},{"damage":25,"enemies":"Exordium Thugs","floor":13,"turns":7},{"damage":10,"enemies":"3 Louse","floor":14,"turns":4},{"damage":35,"enemies":"Slime Boss","floor":16,"turns":7}],"seed_played":"455706955717951297","potions_obtained":[{"floor":1,"key":"SkillPotion"},{"floor":5,"key":"Weak Potion"},{"floor":7,"key":"Energy Potion"}],"is_trial":false,"path_per_floor":["M","?","?","M","M","R","M","R","T","M","M","R","M","M","R"],"character_chosen":"IRONCLAD","items_purchased":[],"campfire_rested":0,"item_purchase_floors":[],"current_hp_per_floor":[80,77,61,59,64,64,63,63,63,64,57,57,38,34,34,0],"gold":510,"neow_bonus":"HUNDRED_GOLD","is_prod":false,"is_daily":false,"chose_seed":false,"campfire_upgraded":4,"win_rate":0.0,"timestamp":1537586877,"path_taken":["M","?","?","M","?","R","M","R","T","M","M","R","M","M","R","BOSS"],"build_version":"2018-09-20","purchased_purges":0,"victory":false,"max_hp_per_floor":[80,80,80,80,80,80,80,80,80,80,80,80,80,80,80,80],"card_choices":[{"not_picked":["Fire Breathing","Anger","Intimidate"],"picked":"SKIP","floor":1},{"not_picked":["Hemokinesis","Armaments","Thunderclap"],"picked":"SKIP","floor":4},{"not_picked":["Power Through","Warcry","Armaments"],"picked":"SKIP","floor":5},{"not_picked":["Clash","Anger"],"picked":"Pommel Strike","floor":7},{"not_picked":["Warcry","Thunderclap","Pummel"],"picked":"SKIP","floor":10},{"not_picked":["Blood for Blood","Carnage"],"picked":"Pommel Strike","floor":11},{"not_picked":["Iron Wave","Blood for Blood","Clash"],"picked":"SKIP","floor":13},{"not_picked":["Uppercut","Twin Strike","Disarm"],"picked":"SKIP","floor":14}],"player_experience":30363,"relics_obtained":[{"floor":9,"key":"Regal Pillow"}],"event_choices":[{"event_name":"Scrap Ooze","player_choice":"success","floor":2,"damage_taken":3},{"event_name":"Shining Light","player_choice":"Entered Light","floor":3,"damage_taken":0}],"is_beta":false,"boss_relics":[],"items_purged_floors":[],"is_endless":false,"potions_floor_spawned":[1,5,7],"killed_by":"Slime Boss","ascension_level":0}