{"gold_per_floor":[119,136,136,153,153,153,180,193,193,220,239,258,269,283,283,378,378,398,412,59,59,82,115,115,143,197,197,197,38,53,68,68,165,165,176,276,295,295,295],"floor_reached":39,"playtime":7897,"items_purged":["Shame"],"score":476,"play_id":"6f59361b-1882-4fca-a6a9-07d6ce00557d","local_time":"20190208221406","is_ascension_mode":true,"campfire_choices":[{"floor":6,"key":"RECALL"},{"floor":15,"key":"REST"},{"floor":24,"key":"REST"},{"data":"Entrench","floor":27,"key":"SMITH"},{"floor":32,"key":"REST"}],"neow_cost":"TEN_PERCENT_HP_LOSS","seed_source_timestamp":1904252469423069,"circlet_count":0,"master_deck":["Strike_R","Strike_R","Strike_R","Strike_R","Defend_R","Defend_R","Defend_R","Defend_R","Bash","Inflame+1","Warcry","Clash","Intimidate","Entrench+1","Demon Form+1","Rampage","Iron Wave","Fire Breathing+1","Shrug It Off","Demon Form+1","Combust+1","Magnetism+1","Battle Trance","Bloodletting+1","Clash+1","Fire Breathing+1","Fire Breathing+1","Second Wind","Juggernaut+1","Infernal Blade","Clash+1","Sentinel+1"],"relics":["Burning Blood","Bird Faced Urn","Lantern","Frozen Egg 2","Turnip","Eternal Feather","Bag of Marbles","Self Forming Clay","Potion Belt","PreservedInsect","Orichalcum","White Beast Statue","Dead Branch"],"potions_floor_usage":[4,7,10,11,23,25,33,33,33,39],"damage_taken":[{"damage":5,"enemies":"Small Slimes","floor":1,"turns":4},{"damage":0,"enemies":"Cultist","floor":2,"turns":4},{"damage":0,"enemies":"2 Louse","floor":4,"turns":2},{"damage":8,"enemies":"Gremlin Nob","floor":7,"turns":3},{"damage":5,"enemies":"Gremlin Gang","floor":8,"turns":4},{"damage":29,"enemies":"3 Sentries","floor":10,"turns":10},{"damage":22,"enemies":"Lots of Slimes","floor":11,"turns":6},{"damage":15,"enemies":"Large Slime","floor":12,"turns":7},{"damage":8,"enemies":"Exordium Wildlife","floor":13,"turns":4},{"damage":5,"enemies":"3 Louse","floor":14,"turns":3},{"damage":42,"enemies":"Slime Boss","floor":16,"turns":9},{"damage":18,"enemies":"Spheric Guardian","floor":18,"turns":4},{"damage":36,"enemies":"Chosen","floor":19,"turns":7},{"damage":38,"enemies":"Slavers","floor":23,"turns":6},{"damage":44,"enemies":"Gremlin Leader","floor":25,"turns":7},{"damage":16,"enemies":"Centurion and Healer","floor":30,"turns":6},{"damage":26,"enemies":"Cultist and Chosen","floor":31,"turns":6},{"damage":83,"enemies":"Automaton","floor":33,"turns":9},{"damage":37,"enemies":"3 Shapes","floor":35,"turns":6},{"damage":26,"enemies":"Mind Bloom Boss Battle","floor":36,"turns":9},{"damage":40,"enemies":"3 Darklings","floor":37,"turns":5},{"damage":46,"enemies":"Writhing Mass","floor":39,"turns":2}],"seed_played":"4416116456194649378","potions_obtained":[{"floor":1,"key":"Explosive Potion"},{"floor":2,"key":"BloodPotion"},{"floor":4,"key":"Weak Potion"},{"floor":7,"key":"BloodPotion"},{"floor":10,"key":"EssenceOfSteel"},{"floor":18,"key":"EssenceOfSteel"},{"floor":23,"key":"Regen Potion"},{"floor":30,"key":"BloodPotion"},{"floor":33,"key":"Poison Potion"},{"floor":35,"key":"Fire Potion"},{"floor":36,"key":"Ancient Potion"},{"floor":37,"key":"AttackPotion"}],"is_trial":false,"path_per_floor":["M","M","?","M","?","R","E","M","T","E","M","M","M","M","R","B",null,"M","M","$","?","T","E","R","E","T","R","?","$","M","M","R","B",null,"M","?","M","?","M"],"character_chosen":"IRONCLAD","items_purchased":["Magnetism+1","Bag of Marbles","Battle Trance","Fire Breathing+1","Poison Potion"],"campfire_rested":3,"item_purchase_floors":[20,20,20,29,29],"current_hp_per_floor":[72,72,72,72,72,72,70,72,72,56,44,39,39,44,65,35,72,61,37,37,37,37,20,56,32,32,47,34,34,32,26,64,25,77,56,52,30,30,0],"gold":295,"neow_bonus":"ONE_RARE_RELIC","is_prod":false,"is_daily":false,"chose_seed":false,"campfire_upgraded":1,"win_rate":0,"timestamp":1549692846,"path_taken":["M","M","?","?","?","R","E","?","T","E","M","M","M","?","R","BOSS","M","M","$","?","?","E","R","E","T","R","?","?","?","M","R","BOSS","M","?","M","?","M"],"build_version":"2019-01-23","purchased_purges":1,"victory":false,"max_hp_per_floor":[72,72,72,72,72,72,72,72,72,72,72,72,72,72,72,72,72,72,72,72,72,72,72,72,72,72,72,77,77,77,77,77,77,77,77,77,77,77,77],"card_choices":[{"not_picked":["Perfected Strike","Armaments"],"picked":"Inflame","floor":1},{"not_picked":["Sever Soul","Body Slam"],"picked":"Warcry","floor":2},{"not_picked":["Pommel Strike","Metallicize"],"picked":"Clash","floor":4},{"not_picked":["Second Wind","Wild Strike"],"picked":"Intimidate","floor":7},{"not_picked":["Body Slam","Flex"],"picked":"Entrench","floor":8},{"not_picked":["Wild Strike","Heavy Blade"],"picked":"Demon Form+1","floor":10},{"not_picked":["Battle Trance","Heavy Blade"],"picked":"Rampage","floor":11},{"not_picked":["Clothesline","Perfected Strike"],"picked":"Iron Wave","floor":12},{"not_picked":["True Grit","Flex"],"picked":"Fire Breathing+1","floor":13},{"not_picked":["Heavy Blade","Twin Strike"],"picked":"Shrug It Off","floor":14},{"not_picked":["Bludgeon","Impervious"],"picked":"Demon Form+1","floor":16},{"not_picked":["Bloodletting","Pommel Strike"],"picked":"Warcry+1","floor":18},{"not_picked":["Clothesline","Shockwave"],"picked":"Combust+1","floor":19},{"not_picked":["Power Through","Heavy Blade"],"picked":"Bloodletting+1","floor":23},{"not_picked":["Intimidate","Twin Strike+1"],"picked":"Clash+1","floor":25},{"not_picked":["Warcry","Sword Boomerang"],"picked":"Fire Breathing+1","floor":30},{"not_picked":["Pommel Strike","True Grit"],"picked":"Second Wind","floor":31},{"not_picked":["Double Tap","Exhume"],"picked":"Juggernaut+1","floor":33},{"not_picked":["Sever Soul+1","True Grit"],"picked":"Infernal Blade","floor":35},{"not_picked":["Heavy Blade","Iron Wave+1"],"picked":"Clash+1","floor":36},{"not_picked":["Headbutt","Sword Boomerang"],"picked":"Sentinel+1","floor":37}],"player_experience":138023,"relics_obtained":[{"floor":7,"key":"Lantern"},{"floor":9,"key":"Frozen Egg 2"},{"floor":10,"key":"Turnip"},{"floor":23,"key":"Potion Belt"},{"floor":25,"key":"PreservedInsect"},{"floor":26,"key":"Orichalcum"},{"floor":36,"key":"Dead Branch"}],"event_choices":[{"damage_healed":0,"gold_gain":0,"player_choice":"Upgraded","damage_taken":0,"max_hp_gain":0,"max_hp_loss":0,"event_name":"Upgrade Shrine","floor":3,"gold_loss":0,"cards_upgraded":["Inflame"]},{"cards_removed":["Strike_R"],"damage_healed":0,"gold_gain":0,"player_choice":"Purged","damage_taken":0,"max_hp_gain":0,"max_hp_loss":0,"event_name":"Purifier","floor":5,"gold_loss":0},{"damage_healed":0,"gold_gain":0,"player_choice":"Stole Relic","damage_taken":0,"relics_obtained":["Self Forming Clay"],"max_hp_gain":0,"max_hp_loss":0,"event_name":"Addict","floor":21,"gold_loss":0,"cards_obtained":["Shame"]},{"damage_healed":0,"gold_gain":0,"player_choice":"Shed Blood","damage_taken":18,"max_hp_gain":5,"max_hp_loss":0,"event_name":"Forgotten Altar","floor":28,"gold_loss":0},{"damage_healed":0,"gold_gain":0,"player_choice":"Fight","damage_taken":0,"max_hp_gain":0,"max_hp_loss":0,"event_name":"MindBloom","floor":36,"gold_loss":0},{"cards_removed":["Warcry"],"damage_healed":0,"gold_gain":0,"player_choice":"Removed Skill","damage_taken":0,"max_hp_gain":0,"max_hp_loss":0,"event_name":"Falling","floor":38,"gold_loss":0}],"is_beta":false,"boss_relics":[{"not_picked":["Black Star","Lizard Tail"],"picked":"Eternal Feather"},{"not_picked":["Runic Dome","Tiny House"],"picked":"White Beast Statue"}],"items_purged_floors":[29],"is_endless":false,"potions_floor_spawned":[1,2,4,7,10,18,23,30,33,35,36,37],"killed_by":"Writhing Mass","ascension_level":2}