{"gold_per_floor":[117,136,136,155,170,196,143,171,241,316,316,46,118,130,130,130],"floor_reached":16,"playtime":4498,"items_purged":[],"score":110,"play_id":"ed0955ed-a5e7-478b-b5d1-7f9ea644c1bf","local_time":"20180708234909","is_ascension_mode":false,"campfire_choices":[{"floor":11,"key":"REST"},{"data":"Anger","floor":15,"key":"SMITH"}],"neow_cost":"NONE","seed_source_timestamp":130998042415811,"circlet_count":0,"master_deck":["Strike_R","Strike_R","Strike_R","Strike_R","Defend_R","Defend_R","Defend_R","Defend_R","Bash","Anger+1","Dual Wield","Inflame","Headbutt","Flex","Shrug It Off","Demon Form"],"relics":["Burning Blood","Anchor","Pen Nib","Calipers","Bottled Flame","TwistedFunnel","Bottled Lightning"],"potions_floor_usage":[16],"damage_taken":[{"damage":5,"enemies":"Cultist","floor":1,"turns":4},{"damage":0,"enemies":"Small Slimes","floor":2,"turns":3},{"damage":0,"enemies":"Jaw Worm","floor":4,"turns":3},{"damage":9,"enemies":"Blue Slaver","floor":5,"turns":4},{"damage":22,"enemies":"3 Sentries","floor":6,"turns":7},{"damage":37,"enemies":"Gremlin Nob","floor":8,"turns":5},{"damage":6,"enemies":"Exordium Thugs","floor":14,"turns":5},{"damage":54,"enemies":"Hexaghost","floor":16,"turns":9}],"seed_played":"5599881019631534855","potions_obtained":[{"floor":1,"key":"Energy Potion"},{"floor":6,"key":"Energy Potion"}],"is_trial":false,"path_per_floor":["M","M","?","M","M","E","$","E","T","?","R","$","T","M","R"],"character_chosen":"IRONCLAD","items_purchased":["Flex","TwistedFunnel","BloodPotion"],"campfire_rested":1,"item_purchase_floors":[7,12,12],"current_hp_per_floor":[80,80,73,79,76,60,60,29,29,18,42,42,42,42,42,0],"gold":130,"neow_bonus":"RANDOM_COMMON_RELIC","is_prod":false,"is_daily":false,"chose_seed":false,"campfire_upgraded":1,"win_rate":0,"timestamp":1531082949,"path_taken":["M","M","?","M","?","E","?","E","T","?","R","$","?","?","R","BOSS"],"build_version":"2018-07-05","purchased_purges":0,"victory":false,"max_hp_per_floor":[80,80,80,80,80,80,80,80,80,80,80,80,80,80,80,80],"card_choices":[{"not_picked":["Wild Strike","True Grit"],"picked":"Anger","floor":1},{"not_picked":["Wild Strike","Power Through","Twin Strike"],"picked":"SKIP","floor":2},{"not_picked":["Shockwave","Clash"],"picked":"Dual Wield","floor":4},{"not_picked":["Warcry","Pommel Strike"],"picked":"Inflame","floor":5},{"not_picked":["Bludgeon","Clash"],"picked":"Headbutt","floor":6},{"not_picked":["Bloodletting","Pommel Strike"],"picked":"Shrug It Off","floor":8},{"not_picked":["Iron Wave","Pommel Strike"],"picked":"Demon Form","floor":14}],"player_experience":43114,"relics_obtained":[{"floor":6,"key":"Pen Nib"},{"floor":8,"key":"Calipers"},{"floor":9,"key":"Bottled Flame"},{"floor":13,"key":"Bottled Lightning"}],"event_choices":[{"event_name":"Golden Wing","player_choice":"Card Removal","floor":3,"damage_taken":0},{"event_name":"World of Goop","player_choice":"Gather Gold","floor":10,"damage_taken":0}],"boss_relics":[],"items_purged_floors":[],"is_endless":false,"potions_floor_spawned":[1,6],"killed_by":"Hexaghost","ascension_level":0}