{"gold_per_floor":[110,124,140,155,171,171,171,190,190,216,234,234],"floor_reached":12,"playtime":791,"items_purged":[],"score":84,"play_id":"a332a1cb-3aab-46f3-ac2e-acfb6f668649","local_time":"20180707130404","is_ascension_mode":false,"campfire_choices":[{"data":"Seek","floor":7,"key":"SMITH"}],"neow_cost":"","seed_source_timestamp":0,"circlet_count":0,"master_deck":["Strike_B","Strike_B","Strike_B","Defend_B","Defend_B","Defend_B","Defend_B","Zap","Dualcast","Gash","Seek+1","Capacitor","Gash","Redo","Genetic Algorithm","Heatsinks"],"special_seed":17719,"relics":["Cracked Core","The Courier","Gremlin Horn"],"potions_floor_usage":[11,12,12],"damage_taken":[{"damage":3,"enemies":"Jaw Worm","floor":1,"turns":4},{"damage":0,"enemies":"Small Slimes","floor":2,"turns":3},{"damage":1,"enemies":"2 Louse","floor":3,"turns":4},{"damage":7,"enemies":"Blue Slaver","floor":4,"turns":4},{"damage":2,"enemies":"2 Fungi Beasts","floor":5,"turns":4},{"damage":5,"enemies":"Looter","floor":8,"turns":3},{"damage":25,"enemies":"3 Sentries","floor":10,"turns":6},{"damage":21,"enemies":"Large Slime","floor":11,"turns":5},{"damage":30,"enemies":"Gremlin Nob","floor":12,"turns":3}],"seed_played":"-5610983590349585426","potions_obtained":[{"floor":3,"key":"FocusPotion"},{"floor":5,"key":"Fire Potion"},{"floor":8,"key":"Explosive Potion"}],"is_trial":false,"path_per_floor":["M","M","M","M","M","?","R","M","T","E","M"],"character_chosen":"DEFECT","items_purchased":[],"campfire_rested":0,"item_purchase_floors":[],"current_hp_per_floor":[72,72,71,64,62,62,62,57,57,32,11,0],"gold":234,"neow_bonus":"","is_prod":false,"is_daily":false,"chose_seed":false,"campfire_upgraded":1,"win_rate":0.0,"timestamp":1530983044,"path_taken":["M","M","M","M","M","?","R","M","T","E","M","E"],"build_version":"2018-07-05","purchased_purges":0,"victory":false,"max_hp_per_floor":[75,75,75,75,75,75,75,75,75,75,75,75],"card_choices":[{"not_picked":["Go for the Eyes","Lockon","Cold Snap"],"picked":"SKIP","floor":1},{"not_picked":["Ball Lightning","Static Discharge"],"picked":"Gash","floor":2},{"not_picked":["Glacier","Gash"],"picked":"Seek","floor":3},{"not_picked":["Auto Shields","Chill"],"picked":"Capacitor","floor":4},{"not_picked":["Cold Snap","Coolheaded"],"picked":"Gash","floor":5},{"not_picked":["Conserve Battery","Sweeping Beam"],"picked":"Redo","floor":8},{"not_picked":["Turbo","Steam"],"picked":"Genetic Algorithm","floor":10},{"not_picked":["Hello World","Conserve Battery"],"picked":"Heatsinks","floor":11}],"player_experience":660938,"relics_obtained":[{"floor":9,"key":"The Courier"},{"floor":10,"key":"Gremlin Horn"}],"event_choices":[{"event_name":"Living Wall","player_choice":"Forget","floor":6,"damage_taken":0}],"boss_relics":[],"items_purged_floors":[],"is_endless":false,"potions_floor_spawned":[3,5,8],"killed_by":"Gremlin Nob","ascension_level":0}