{"gold_per_floor":[117,117,117,117,26,26,67,87,142,155,195,195,231,255,255,378,378,403,423,423,423,441,441,441,485,485,400,416,441,453,486,498,636,648,683,711,703,734,746,758,813,844,883,931,943,955,531,531,531,531,531,531,16,57,57],"floor_reached":56,"playtime":5154,"items_purged":["Strike_R"],"score":1787,"play_id":"526086c2-690c-4ed3-9ba6-90bf6f60ba02","local_time":"20190221160954","is_ascension_mode":true,"campfire_choices":[{"data":"True Grit","floor":6,"key":"SMITH"},{"data":"Metallicize","floor":15,"key":"SMITH"},{"floor":23,"key":"REST"},{"data":"Juggernaut","floor":30,"key":"SMITH"},{"floor":32,"key":"REST"},{"data":"Rampage","floor":40,"key":"SMITH"},{"floor":49,"key":"RECALL"},{"data":"Feel No Pain","floor":52,"key":"SMITH"}],"neow_cost":"NONE","seed_source_timestamp":527456054988804,"circlet_count":0,"master_deck":["Strike_R","Strike_R","Strike_R","Strike_R","Defend_R","Defend_R+1","Defend_R","Defend_R+1","Bash","True Grit+1","Ghostly Armor+1","Metallicize+1","Anger","Sword Boomerang","Feed","Shrug It Off","Feel No Pain+1","Juggernaut+1","Offering","True Grit+1","Rampage+1","Reckless Charge","Disarm+1","Dark Embrace+1","Armaments+1","Evolve+1","Body Slam+1","Corruption+1","Disarm","Panacea","Panache+1","Body Slam+1"],"relics":["Burning Blood","NeowsBlessing","Golden Idol","Ancient Tea Set","The Courier","Tiny Chest","Bag of Marbles","Shuriken","Mark of Pain","Enchiridion","MutagenicStrength","Frozen Egg 2","Blood Vial","Regal Pillow","MawBank","Runic Pyramid","Ornamental Fan","Omamori","Centennial Puzzle","Kunai","Bottled Tornado","Oddly Smooth Stone","Medical Kit","War Paint","Sundial","Letter Opener"],"potions_floor_usage":[11,11,13,25,44,44,55,55,55],"damage_taken":[{"damage":0,"enemies":"2 Louse","floor":1,"turns":1},{"damage":0,"enemies":"Lagavulin","floor":7,"turns":1},{"damage":0,"enemies":"Jaw Worm","floor":8,"turns":1},{"damage":0,"enemies":"Small Slimes","floor":10,"turns":3},{"damage":0,"enemies":"Gremlin Nob","floor":11,"turns":2},{"damage":7,"enemies":"3 Sentries","floor":13,"turns":8},{"damage":3,"enemies":"3 Louse","floor":14,"turns":5},{"damage":33,"enemies":"The Guardian","floor":16,"turns":14},{"damage":18,"enemies":"Spheric Guardian","floor":18,"turns":4},{"damage":30,"enemies":"3 Byrds","floor":19,"turns":7},{"damage":17,"enemies":"Snake Plant","floor":22,"turns":6},{"damage":6,"enemies":"Slavers","floor":25,"turns":6},{"damage":17,"enemies":"Shelled Parasite and Fungi","floor":28,"turns":4},{"damage":8,"enemies":"Cultist and Chosen","floor":31,"turns":5},{"damage":83,"enemies":"Collector","floor":33,"turns":12},{"damage":6,"enemies":"3 Shapes","floor":35,"turns":4},{"damage":6,"enemies":"Orb Walker","floor":36,"turns":3},{"damage":0,"enemies":"4 Shapes","floor":38,"turns":8},{"damage":29,"enemies":"Reptomancer","floor":41,"turns":7},{"damage":27,"enemies":"Jaw Worm Horde","floor":42,"turns":4},{"damage":15,"enemies":"Giant Head","floor":44,"turns":9},{"damage":47,"enemies":"Time Eater","floor":50,"turns":8},{"damage":11,"enemies":"Shield and Spear","floor":54,"turns":4},{"damage":63,"enemies":"The Heart","floor":55,"turns":6}],"seed_played":"4858703889410482301","potions_obtained":[{"floor":7,"key":"SteroidPotion"},{"floor":8,"key":"SteroidPotion"},{"floor":10,"key":"SteroidPotion"},{"floor":11,"key":"Weak Potion"},{"floor":18,"key":"Block Potion"},{"floor":25,"key":"Explosive Potion"},{"floor":31,"key":"SkillPotion"},{"floor":42,"key":"Strength Potion"},{"floor":44,"key":"Dexterity Potion"}],"is_trial":false,"path_per_floor":["M","?","?","?","$","R","E","M","T","M","E","T","E","M","R","B",null,"M","M","?","?","M","R","?","E","T","?","M","T","R","M","R","B",null,"M","M","?","M","T","R","E","M","T","E","T","?","$","?","R","B",null,"R","$","E","B",null],"character_chosen":"IRONCLAD","items_purchased":["True Grit","Ghostly Armor","Oddly Smooth Stone","Disarm","Panacea","Panache+1","Medical Kit","War Paint","Sundial","Energy Potion"],"campfire_rested":2,"item_purchase_floors":[5,5,47,47,47,47,53,53,53,53],"current_hp_per_floor":[78,58,55,39,39,39,45,51,51,57,63,63,65,71,71,47,79,67,43,27,27,16,42,42,45,45,45,39,39,39,42,86,14,79,84,89,89,100,100,100,83,67,67,63,63,63,63,63,63,24,96,96,96,97,42],"gold":57,"neow_bonus":"THREE_ENEMY_KILL","is_prod":false,"is_daily":false,"chose_seed":false,"campfire_upgraded":5,"win_rate":0,"timestamp":1550783394,"path_taken":["M","?","?","?","$","R","E","M","T","M","E","?","E","M","R","BOSS","M","M","?","?","M","R","?","E","T","?","M","?","R","?","R","BOSS","M","?","?","?","?","R","E","M","T","E","?","?","$","?","R","BOSS","R","$","E","BOSS"],"build_version":"2019-01-23","purchased_purges":1,"victory":true,"max_hp_per_floor":[80,80,80,80,80,80,80,80,80,80,80,80,83,86,86,89,89,89,89,89,89,89,89,89,92,92,92,95,95,95,98,98,101,101,104,107,107,110,110,110,114,117,117,120,120,120,120,120,120,120,120,120,120,124,124],"card_choices":[{"not_picked":["Seeing Red","Intimidate"],"picked":"Pommel Strike","floor":1},{"not_picked":["Havoc","Evolve"],"picked":"Metallicize","floor":7},{"not_picked":["Armaments","Shrug It Off"],"picked":"Anger","floor":8},{"not_picked":["Twin Strike","Clothesline"],"picked":"Sword Boomerang","floor":10},{"not_picked":["Sword Boomerang","Thunderclap"],"picked":"Feed","floor":11},{"not_picked":["Headbutt","Whirlwind"],"picked":"Shrug It Off","floor":13},{"not_picked":["Warcry","Evolve"],"picked":"Feel No Pain","floor":14},{"not_picked":["Berserk","Offering"],"picked":"Juggernaut","floor":16},{"not_picked":["Clothesline","Blood for Blood+1","Thunderclap"],"picked":"SKIP","floor":18},{"not_picked":["Heavy Blade","Clothesline"],"picked":"Offering","floor":19},{"not_picked":["Clash","Second Wind"],"picked":"True Grit+1","floor":22},{"not_picked":["Hemokinesis","Power Through","Clash"],"picked":"SKIP","floor":25},{"not_picked":["Heavy Blade","Blood for Blood+1"],"picked":"Reckless Charge","floor":28},{"not_picked":["Second Wind+1","Power Through"],"picked":"Disarm+1","floor":31},{"not_picked":["Offering","Bludgeon"],"picked":"Dark Embrace+1","floor":33},{"not_picked":["Pommel Strike","Disarm"],"picked":"Armaments+1","floor":35},{"not_picked":["Flex","Battle Trance+1"],"picked":"Evolve+1","floor":36},{"not_picked":["Headbutt","Cleave"],"picked":"Body Slam+1","floor":38},{"not_picked":["Headbutt","True Grit","Pommel Strike+1"],"picked":"SKIP","floor":41},{"not_picked":["Armaments","Perfected Strike+1","Whirlwind+1"],"picked":"SKIP","floor":42},{"not_picked":["Uppercut+1","Barricade+1"],"picked":"Corruption+1","floor":44},{"not_picked":["Uppercut+1","Anger"],"picked":"Body Slam+1","floor":54}],"player_experience":1619096,"relics_obtained":[{"floor":7,"key":"The Courier"},{"floor":9,"key":"Tiny Chest"},{"floor":11,"key":"Bag of Marbles"},{"floor":13,"key":"Shuriken"},{"floor":20,"key":"Enchiridion"},{"floor":25,"key":"Frozen Egg 2"},{"floor":26,"key":"Blood Vial"},{"floor":29,"key":"MawBank"},{"floor":39,"key":"Ornamental Fan"},{"floor":41,"key":"Omamori"},{"floor":43,"key":"Centennial Puzzle"},{"floor":44,"key":"Kunai"},{"floor":45,"key":"Bottled Tornado"},{"floor":54,"key":"Letter Opener"}],"event_choices":[{"damage_healed":0,"gold_gain":0,"player_choice":"Take Damage","damage_taken":20,"relics_obtained":["Golden Idol"],"max_hp_gain":0,"max_hp_loss":0,"event_name":"Golden Idol","floor":2,"gold_loss":0},{"damage_healed":0,"gold_gain":0,"player_choice":"Success","damage_taken":3,"relics_obtained":["Ancient Tea Set"],"max_hp_gain":0,"max_hp_loss":0,"event_name":"Scrap Ooze","floor":3,"gold_loss":0},{"damage_healed":0,"gold_gain":0,"player_choice":"Entered Light","damage_taken":16,"max_hp_gain":0,"max_hp_loss":0,"event_name":"Shining Light","floor":4,"gold_loss":0,"cards_upgraded":["Pommel Strike","Defend_R"]},{"damage_healed":0,"gold_gain":0,"player_choice":"Obtained Book","damage_taken":16,"max_hp_gain":0,"max_hp_loss":0,"event_name":"Cursed Tome","floor":20,"gold_loss":0},{"damage_healed":0,"gold_gain":0,"player_choice":"Inject Mutagens","damage_taken":0,"relics_obtained":["MutagenicStrength"],"max_hp_gain":0,"max_hp_loss":0,"event_name":"Drug Dealer","floor":21,"gold_loss":0},{"damage_healed":0,"gold_gain":0,"player_choice":"Read","damage_taken":0,"max_hp_gain":0,"max_hp_loss":0,"event_name":"The Library","floor":24,"gold_loss":0,"cards_obtained":["Rampage"]},{"damage_healed":0,"gold_gain":0,"player_choice":"Obtained Relic","damage_taken":0,"relics_obtained":["Regal Pillow"],"max_hp_gain":0,"max_hp_loss":0,"event_name":"Addict","floor":27,"gold_loss":85},{"damage_healed":0,"gold_gain":0,"player_choice":"Bought 1 Potion","damage_taken":0,"max_hp_gain":0,"max_hp_loss":0,"event_name":"The Woman in Blue","floor":37,"gold_loss":0},{"damage_healed":0,"gold_gain":0,"player_choice":"Memory 1","damage_taken":0,"max_hp_gain":0,"max_hp_loss":0,"event_name":"SensoryStone","floor":46,"gold_loss":0},{"cards_removed":["Pommel Strike"],"damage_healed":0,"gold_gain":0,"player_choice":"Removed Attack","damage_taken":0,"max_hp_gain":0,"max_hp_loss":0,"event_name":"Falling","floor":48,"gold_loss":0}],"is_beta":false,"boss_relics":[{"not_picked":["Runic Cube","Lizard Tail"],"picked":"Mark of Pain"},{"not_picked":["Sozu","Eternal Feather"],"picked":"Runic Pyramid"}],"items_purged_floors":[47],"is_endless":false,"potions_floor_spawned":[7,8,10,11,18,25,31,36,42,44],"ascension_level":8}