{"gold_per_floor":[115,126,126,126,140,167,185,215,215,234,234,55,55,66,66,143,143,160,85,85,104,104,104,121,155,155,185,67,84,102,102],"floor_reached":31,"playtime":706,"items_purged":[],"score":577,"play_id":"db7df7c2-79f8-4a81-8263-8513a9c33b62","local_time":"20190308204616","is_ascension_mode":true,"campfire_choices":[{"floor":11,"key":"REST"},{"data":"Immolate","floor":13,"key":"SMITH"},{"data":"Iron Wave","floor":15,"key":"SMITH"},{"floor":23,"key":"REST"}],"neow_cost":"NONE","seed_source_timestamp":420686011431111,"circlet_count":0,"master_deck":["AscendersBane","Strike_R","Strike_R+1","Strike_R","Strike_R","Defend_R","Defend_R","Defend_R","Defend_R","Bash+1","Clash+1","Twin Strike","Carnage","Whirlwind","Immolate+1","Iron Wave+1","Impervious","Clash","Clothesline","Feel No Pain","Anger+1","Corruption","Second Wind","Reckless Charge"],"relics":["Busted Crown","Champion Belt","Bronze Scales","Anchor","Fusion Hammer","Bottled Lightning","Sundial","FossilizedHelix","Unceasing Top"],"potions_floor_usage":[6,7,8,31],"damage_taken":[{"damage":0,"enemies":"Cultist","floor":1,"turns":2},{"damage":5,"enemies":"Small Slimes","floor":2,"turns":3},{"damage":2,"enemies":"Jaw Worm","floor":5,"turns":2},{"damage":20,"enemies":"Lagavulin","floor":6,"turns":3},{"damage":8,"enemies":"Lots of Slimes","floor":7,"turns":3},{"damage":0,"enemies":"Gremlin Nob","floor":8,"turns":3},{"damage":0,"enemies":"Looter","floor":10,"turns":2},{"damage":0,"enemies":"2 Fungi Beasts","floor":14,"turns":2},{"damage":30,"enemies":"Hexaghost","floor":16,"turns":8},{"damage":0,"enemies":"3 Byrds","floor":18,"turns":3},{"damage":0,"enemies":"2 Thieves","floor":21,"turns":2},{"damage":25,"enemies":"Sentry and Sphere","floor":24,"turns":4},{"damage":8,"enemies":"Gremlin Leader","floor":25,"turns":3},{"damage":23,"enemies":"Book of Stabbing","floor":27,"turns":5},{"damage":6,"enemies":"3 Cultists","floor":29,"turns":3},{"damage":8,"enemies":"Snake Plant","floor":30,"turns":2},{"damage":9,"enemies":"Chosen and Byrds","floor":31,"turns":3}],"seed_played":"2084298682595403493","potions_obtained":[{"floor":2,"key":"Swift Potion"},{"floor":6,"key":"Swift Potion"},{"floor":7,"key":"Block Potion"},{"floor":25,"key":"SteroidPotion"},{"floor":27,"key":"Dexterity Potion"}],"is_trial":false,"path_per_floor":["M","M","?","?","M","E","M","E","T","M","R","$","R","M","R","B",null,"M","?","T","M","?","R","M","E","T","E","$","M","M","M"],"character_chosen":"IRONCLAD","items_purchased":["Immolate","Corruption","Second Wind"],"campfire_rested":2,"item_purchase_floors":[12,28,28],"current_hp_per_floor":[68,63,40,40,38,18,10,10,10,10,32,32,32,32,32,2,57,57,57,57,57,57,75,50,42,42,19,19,13,5,0],"gold":102,"neow_bonus":"BOSS_RELIC","is_prod":false,"is_daily":false,"chose_seed":false,"campfire_upgraded":2,"win_rate":0,"timestamp":1552095976,"path_taken":["M","M","?","?","M","E","?","E","T","M","R","$","R","M","R","BOSS","M","?","?","?","?","R","M","E","T","E","$","M","M","M"],"build_version":"2019-01-23","purchased_purges":0,"victory":false,"max_hp_per_floor":[75,75,75,75,75,75,75,75,75,75,75,75,75,75,75,75,75,75,75,75,75,75,75,75,75,75,75,75,75,75,75],"card_choices":[{"not_picked":[],"picked":"Clash","floor":1},{"not_picked":[],"picked":"Twin Strike","floor":2},{"not_picked":[],"picked":"Carnage","floor":5},{"not_picked":[],"picked":"Whirlwind","floor":6},{"not_picked":["Sword Boomerang"],"picked":"SKIP","floor":7},{"not_picked":["Cleave"],"picked":"SKIP","floor":8},{"not_picked":["Twin Strike"],"picked":"SKIP","floor":10},{"not_picked":["Iron Wave"],"picked":"SKIP","floor":14},{"not_picked":[],"picked":"Iron Wave","floor":14},{"not_picked":[],"picked":"Impervious","floor":16},{"not_picked":[],"picked":"Clash","floor":18},{"not_picked":[],"picked":"Clothesline","floor":21},{"not_picked":[],"picked":"Anger+1","floor":24},{"not_picked":["Warcry"],"picked":"SKIP","floor":25},{"not_picked":["Wild Strike"],"picked":"SKIP","floor":27},{"not_picked":[],"picked":"Reckless Charge","floor":29},{"not_picked":["Clothesline"],"picked":"SKIP","floor":30}],"player_experience":875621,"relics_obtained":[{"floor":6,"key":"Champion Belt"},{"floor":8,"key":"Bronze Scales"},{"floor":9,"key":"Anchor"},{"floor":20,"key":"Bottled Lightning"},{"floor":25,"key":"Sundial"},{"floor":26,"key":"FossilizedHelix"},{"floor":27,"key":"Unceasing Top"}],"event_choices":[{"damage_healed":0,"gold_gain":0,"player_choice":"Entered Light","damage_taken":23,"max_hp_gain":0,"max_hp_loss":0,"event_name":"Shining Light","floor":3,"gold_loss":0,"cards_upgraded":["Clash","Strike_R"]},{"damage_healed":0,"gold_gain":0,"player_choice":"Upgraded","damage_taken":0,"max_hp_gain":0,"max_hp_loss":0,"event_name":"Upgrade Shrine","floor":4,"gold_loss":0,"cards_upgraded":["Bash"]},{"cards_removed":["Strike_R"],"damage_healed":0,"gold_gain":0,"player_choice":"Gave Gold","damage_taken":0,"max_hp_gain":0,"max_hp_loss":0,"event_name":"Beggar","floor":19,"gold_loss":75},{"damage_healed":0,"gold_gain":0,"player_choice":"Read","damage_taken":0,"max_hp_gain":0,"max_hp_loss":0,"event_name":"The Library","floor":22,"gold_loss":0,"cards_obtained":["Feel No Pain"]}],"is_beta":false,"boss_relics":[{"not_picked":["Cursed Key","Eternal Feather"],"picked":"Fusion Hammer"}],"items_purged_floors":[],"is_endless":false,"potions_floor_spawned":[2,6,7,25,27,29,30],"killed_by":"Chosen and Byrds","ascension_level":17}