{"gold_per_floor":[361,311,324,343,99,126,126,146,200,234,234,249,249,260,260,358,358,377,395,411,411,411,411,439,89,142,142,142,142,153,168,168,273,273,289,289,389,47,67,95,107,129,141,153,165,189,226,238,250,262,274,286,20,45,45],"floor_reached":55,"playtime":6948,"items_purged":["Strike_G","Strike_G+1","Strike_G+1"],"score":1006,"play_id":"78a9f0ff-cb64-4dd2-8119-6ee5b5aa684b","local_time":"20190202111107","is_ascension_mode":true,"campfire_choices":[{"data":"Crippling Poison","floor":11,"key":"SMITH"},{"data":"Neutralize","floor":13,"key":"SMITH"},{"data":"Deadly Poison","floor":15,"key":"SMITH"},{"floor":23,"key":"REST"},{"data":"A Thousand Cuts","floor":27,"key":"SMITH"},{"data":"Deadly Poison","floor":29,"key":"SMITH"},{"data":"Backflip","floor":32,"key":"SMITH"},{"floor":45,"key":"REST"},{"floor":49,"key":"RECALL"},{"floor":52,"key":"REST"}],"neow_cost":"CURSE","seed_source_timestamp":883949600813180,"circlet_count":0,"master_deck":["Defend_G+1","Defend_G+1","Defend_G+1","Defend_G+1","Defend_G+1","Strike_G+1","Survivor","Neutralize+1","Deadly Poison+1","Quick Slash","Dagger Spray","Deadly Poison+1","Poisoned Stab","Crippling Poison+1","Dodge and Roll","Deflect","Acrobatics","A Thousand Cuts+1","Backflip+1","Cloak And Dagger","PiercingWail","PiercingWail","Deflect","Deflect","Deflect+1","Venomology","Well Laid Plans","Poisoned Stab+1","After Image","Bouncing Flask+1","Catalyst+1","Blur","Footwork+1","Backflip+1","Expertise","Adrenaline"],"relics":["Ring of the Snake","Art of War","Gremlin Horn","Strawberry","Snake Skull","Orrery","PreservedInsect","TwistedFunnel","Blood Vial","Fusion Hammer","Mango","Dodecahedron","MawBank","Mercury Hourglass","Pear"],"potions_floor_usage":[10,10,16,30,31,33,33,33,35,39,40,46,50,50,54,54,54,55,55],"damage_taken":[{"damage":7,"enemies":"Small Slimes","floor":1,"turns":4},{"damage":2,"enemies":"2 Louse","floor":3,"turns":4},{"damage":1,"enemies":"Cultist","floor":4,"turns":4},{"damage":22,"enemies":"Lagavulin","floor":6,"turns":7},{"damage":3,"enemies":"Blue Slaver","floor":8,"turns":3},{"damage":2,"enemies":"Gremlin Nob","floor":10,"turns":3},{"damage":0,"enemies":"2 Fungi Beasts","floor":12,"turns":2},{"damage":3,"enemies":"Looter","floor":14,"turns":3},{"damage":16,"enemies":"Hexaghost","floor":16,"turns":8},{"damage":9,"enemies":"3 Byrds","floor":18,"turns":5},{"damage":3,"enemies":"Shell Parasite","floor":19,"turns":6},{"damage":13,"enemies":"Snecko","floor":20,"turns":5},{"damage":18,"enemies":"Colosseum Slavers","floor":22,"turns":6},{"damage":26,"enemies":"Slavers","floor":24,"turns":7},{"damage":0,"enemies":"Chosen and Byrds","floor":30,"turns":4},{"damage":0,"enemies":"Snake Plant","floor":31,"turns":4},{"damage":21,"enemies":"Automaton","floor":33,"turns":11},{"damage":4,"enemies":"3 Darklings","floor":35,"turns":4},{"damage":0,"enemies":"Mind Bloom Boss Battle","floor":37,"turns":5},{"damage":21,"enemies":"3 Shapes","floor":39,"turns":2},{"damage":39,"enemies":"Reptomancer","floor":40,"turns":6},{"damage":3,"enemies":"Transient","floor":42,"turns":5},{"damage":7,"enemies":"3 Darklings","floor":46,"turns":4},{"damage":0,"enemies":"Giant Head","floor":47,"turns":6},{"damage":46,"enemies":"Time Eater","floor":50,"turns":14},{"damage":19,"enemies":"Shield and Spear","floor":54,"turns":5},{"damage":95,"enemies":"The Heart","floor":55,"turns":6}],"seed_played":"5350044905729415866","potions_obtained":[{"floor":3,"key":"GamblersBrew"},{"floor":4,"key":"Fire Potion"},{"floor":8,"key":"AttackPotion"},{"floor":12,"key":"Dexterity Potion"},{"floor":19,"key":"SteroidPotion"},{"floor":24,"key":"Energy Potion"},{"floor":30,"key":"Block Potion"},{"floor":31,"key":"Regen Potion"},{"floor":37,"key":"FearPotion"}],"is_trial":false,"path_per_floor":["M","?","M","M","$","E","?","M","T","E","R","M","R","M","R","B",null,"M","M","M","?","?","R","E","$","T","R","?","R","M","M","R","B",null,"M","?","?","$","M","E","?","M","T","?","R","M","E","?","R","B",null,"R","$","E","B"],"character_chosen":"THE_SILENT","items_purchased":["Dagger Spray","Deadly Poison","Art of War","Well Laid Plans","TwistedFunnel","Dodecahedron","Expertise","LiquidBronze"],"campfire_rested":3,"item_purchase_floors":[5,5,5,25,25,38,53,53],"current_hp_per_floor":[63,63,61,60,60,38,38,35,42,40,40,40,40,37,37,21,77,68,65,52,52,34,57,31,31,31,31,31,31,33,35,35,31,77,73,73,87,87,66,29,29,28,28,28,54,49,51,51,51,7,87,87,87,78,0],"gold":45,"neow_bonus":"TWO_FIFTY_GOLD","is_prod":false,"is_daily":false,"chose_seed":false,"campfire_upgraded":6,"win_rate":0,"timestamp":1549123867,"path_taken":["M","?","M","M","$","E","?","M","T","E","R","M","R","M","R","BOSS","M","?","M","?","?","R","E","$","T","R","?","R","M","M","R","BOSS","M","?","?","?","?","E","?","M","T","?","R","M","E","?","R","BOSS","R","$","E","BOSS"],"build_version":"2019-01-23","purchased_purges":3,"victory":false,"max_hp_per_floor":[70,70,70,70,70,70,70,70,77,77,77,77,77,77,77,77,77,77,77,77,77,77,77,77,77,77,77,77,77,77,77,77,77,77,77,73,87,87,87,87,87,87,87,87,87,87,87,87,87,87,87,87,87,97,97],"card_choices":[{"not_picked":["Riddle With Holes","PiercingWail"],"picked":"Deadly Poison","floor":1},{"not_picked":["Caltrops","Endless Agony"],"picked":"Quick Slash","floor":3},{"not_picked":["Backflip","Finisher"],"picked":"Heel Hook","floor":4},{"not_picked":["Predator","Dagger Spray"],"picked":"Poisoned Stab","floor":6},{"not_picked":["Outmaneuver","Tactician"],"picked":"Crippling Poison","floor":8},{"not_picked":["Caltrops","Distraction"],"picked":"Dodge and Roll","floor":10},{"not_picked":["Deadly Poison","Storm of Steel"],"picked":"Deflect","floor":12},{"not_picked":["Finisher","Dodge and Roll"],"picked":"Acrobatics","floor":14},{"not_picked":["Bullet Time","After Image"],"picked":"A Thousand Cuts","floor":16},{"not_picked":["Flying Knee","Acrobatics"],"picked":"Backflip","floor":17},{"not_picked":["Backflip","Bane"],"picked":"Cloak And Dagger","floor":17},{"not_picked":["Underhanded Strike","Acrobatics"],"picked":"PiercingWail","floor":17},{"not_picked":["Concentrate","Blade Dance"],"picked":"PiercingWail","floor":17},{"not_picked":["Bane","Doppelganger"],"picked":"Deflect","floor":18},{"not_picked":["Underhanded Strike","Sucker Punch"],"picked":"Deflect","floor":19},{"not_picked":["PiercingWail","Dodge and Roll"],"picked":"Deflect+1","floor":20},{"not_picked":["Sucker Punch","Accuracy"],"picked":"Venomology","floor":24},{"not_picked":["Prepared","Outmaneuver","Leg Sweep"],"picked":"SKIP","floor":30},{"not_picked":["Masterful Stab","Cloak And Dagger+1"],"picked":"Poisoned Stab+1","floor":31},{"not_picked":["Bullet Time","Storm of Steel"],"picked":"After Image","floor":33},{"not_picked":["Dodge and Roll+1","Masterful Stab+1"],"picked":"Bouncing Flask+1","floor":35},{"not_picked":["Slice+1","Blade Dance"],"picked":"Catalyst+1","floor":37},{"not_picked":["Flying Knee","Slice+1","Grand Finale"],"picked":"SKIP","floor":39},{"not_picked":["Dagger Spray","PiercingWail"],"picked":"Blur","floor":40},{"not_picked":["Accuracy+1","Dagger Spray+1"],"picked":"Footwork+1","floor":42},{"not_picked":["Slice+1","Tactician+1"],"picked":"Backflip+1","floor":46},{"not_picked":["Terror","Bane+1","Slice+1"],"picked":"SKIP","floor":47},{"not_picked":["Doppelganger","Cloak And Dagger+1"],"picked":"Adrenaline","floor":54}],"player_experience":1433401,"relics_obtained":[{"floor":6,"key":"Gremlin Horn"},{"floor":9,"key":"Strawberry"},{"floor":10,"key":"Snake Skull"},{"floor":24,"key":"PreservedInsect"},{"floor":26,"key":"Blood Vial"},{"floor":37,"key":"Mango"},{"floor":40,"key":"MawBank"},{"floor":47,"key":"Mercury Hourglass"},{"floor":54,"key":"Pear"}],"event_choices":[{"cards_removed":["Pain"],"damage_healed":0,"gold_gain":0,"player_choice":"Card Removal","damage_taken":0,"max_hp_gain":0,"max_hp_loss":0,"event_name":"The Cleric","floor":2,"gold_loss":50},{"cards_removed":["Strike_G"],"damage_healed":0,"gold_gain":0,"player_choice":"Purged","damage_taken":0,"max_hp_gain":0,"max_hp_loss":0,"event_name":"Purifier","floor":7,"gold_loss":0},{"damage_healed":0,"gold_gain":0,"player_choice":"Ignored","damage_taken":0,"max_hp_gain":0,"max_hp_loss":0,"event_name":"Vampires","floor":21,"gold_loss":0},{"damage_healed":0,"gold_gain":0,"player_choice":"Fight","damage_taken":0,"max_hp_gain":0,"max_hp_loss":0,"event_name":"Colosseum","floor":22,"gold_loss":0},{"damage_healed":0,"gold_gain":0,"player_choice":"Fled From Nobs","damage_taken":0,"max_hp_gain":0,"max_hp_loss":0,"event_name":"Colosseum","floor":22,"gold_loss":0},{"damage_healed":0,"gold_gain":0,"player_choice":"Simplicity","damage_taken":0,"max_hp_gain":0,"max_hp_loss":0,"event_name":"Back to Basics","floor":28,"gold_loss":0,"cards_upgraded":["Defend_G","Defend_G","Defend_G","Defend_G","Defend_G","Strike_G","Strike_G","Strike_G"]},{"damage_healed":0,"gold_gain":0,"player_choice":"Max HP","damage_taken":0,"max_hp_gain":0,"max_hp_loss":4,"event_name":"Winding Halls","floor":36,"gold_loss":0},{"damage_healed":0,"gold_gain":0,"player_choice":"Fight","damage_taken":0,"max_hp_gain":0,"max_hp_loss":0,"event_name":"MindBloom","floor":37,"gold_loss":0},{"damage_healed":0,"gold_gain":0,"player_choice":"Ignored","damage_taken":0,"max_hp_gain":0,"max_hp_loss":0,"event_name":"Mysterious Sphere","floor":41,"gold_loss":0},{"cards_removed":["Heel Hook"],"damage_healed":0,"gold_gain":0,"player_choice":"Removed Attack","damage_taken":0,"max_hp_gain":0,"max_hp_loss":0,"event_name":"Falling","floor":44,"gold_loss":0},{"damage_healed":0,"gold_gain":0,"player_choice":"Ignored","damage_taken":0,"max_hp_gain":0,"max_hp_loss":0,"event_name":"Tomb of Lord Red Mask","floor":48,"gold_loss":0}],"is_beta":false,"boss_relics":[{"not_picked":["Busted Crown","Pandora\u0027s Box"],"picked":"Orrery"},{"not_picked":["Philosopher\u0027s Stone","WristBlade"],"picked":"Fusion Hammer"}],"items_purged_floors":[25,38,53],"is_endless":false,"potions_floor_spawned":[3,4,8,12,19,24,30,31,37,42],"killed_by":"The Heart","ascension_level":4}