{"gold_per_floor":[113,128,53,70,87,87,122,122,171,29,48,48,79,79,79,150,150,119,119,119,135,146,146,178,190,260,279,279,298,298,312,312,386,386,403,1402,1412,785,796,796,463,479,531,531,531,547,575,588,588,588],"floor_reached":51,"playtime":3915,"items_purged":["Strike_R","Normality","Normality"],"score":1289,"play_id":"cb496a79-fa74-4ef5-9365-f109b9ac45dd","local_time":"20190124201453","is_ascension_mode":true,"campfire_choices":[{"data":"Uppercut","floor":6,"key":"SMITH"},{"data":"True Grit","floor":8,"key":"SMITH"},{"data":"Armaments","floor":12,"key":"SMITH"},{"data":"Metallicize","floor":15,"key":"SMITH"},{"data":"Juggernaut","floor":23,"key":"SMITH"},{"floor":28,"key":"REST"},{"data":"Pommel Strike","floor":30,"key":"SMITH"},{"floor":32,"key":"REST"},{"data":"Uppercut","floor":40,"key":"SMITH"},{"data":"Rampage","floor":44,"key":"SMITH"},{"data":"Cloak And Dagger","floor":49,"key":"SMITH"}],"neow_cost":"NONE","seed_source_timestamp":264559863155919,"circlet_count":0,"master_deck":["AscendersBane","Defend_R","Defend_R","Defend_R","Defend_R","Bash","Armaments+1","Uppercut+1","True Grit+1","Burning Pact","Metallicize+1","Metallicize","Whirlwind","Feel No Pain","Impervious","Metallicize+1","Power Through+1","Anger+1","Flame Barrier","Entrench+1","Juggernaut+1","True Grit+1","Corruption+1","Pommel Strike+1","Warcry","Juggernaut+1","Body Slam+1","Dark Shackles","Uppercut+1","Feel No Pain+1","Rampage+1","Flex","Battle Trance","Chill","Cloak And Dagger+1","Glacier+1"],"relics":["Burning Blood","Mummified Hand","Boot","Happy Flower","Astrolabe","Frozen Egg 2","Kunai","Runic Pyramid","Membership Card","Mercury Hourglass","PreservedInsect","Anchor","PrismaticShard","Strawberry","The Courier","Potion Belt"],"potions_floor_usage":[7,22,25,33,35,50,50],"damage_taken":[{"damage":6,"enemies":"Cultist","floor":1,"turns":4},{"damage":2,"enemies":"2 Louse","floor":2,"turns":3},{"damage":12,"enemies":"Small Slimes","floor":4,"turns":5},{"damage":2,"enemies":"Exordium Wildlife","floor":5,"turns":4},{"damage":30,"enemies":"Gremlin Nob","floor":7,"turns":5},{"damage":1,"enemies":"Large Slime","floor":11,"turns":5},{"damage":20,"enemies":"Lagavulin","floor":13,"turns":10},{"damage":25,"enemies":"Hexaghost","floor":16,"turns":15},{"damage":10,"enemies":"2 Thieves","floor":18,"turns":5},{"damage":13,"enemies":"Spheric Guardian","floor":21,"turns":7},{"damage":19,"enemies":"Chosen and Byrds","floor":22,"turns":11},{"damage":25,"enemies":"Gremlin Leader","floor":24,"turns":10},{"damage":2,"enemies":"3 Cultists","floor":25,"turns":7},{"damage":0,"enemies":"Shelled Parasite and Fungi","floor":27,"turns":7},{"damage":21,"enemies":"Centurion and Healer","floor":29,"turns":9},{"damage":25,"enemies":"Cultist and Chosen","floor":31,"turns":6},{"damage":39,"enemies":"Collector","floor":33,"turns":12},{"damage":0,"enemies":"3 Shapes","floor":35,"turns":3},{"damage":0,"enemies":"Orb Walker","floor":37,"turns":3},{"damage":20,"enemies":"4 Shapes","floor":39,"turns":4},{"damage":2,"enemies":"3 Darklings","floor":42,"turns":6},{"damage":16,"enemies":"Writhing Mass","floor":46,"turns":5},{"damage":0,"enemies":"Nemesis","floor":47,"turns":5},{"damage":9,"enemies":"Transient","floor":48,"turns":5},{"damage":0,"enemies":"Donu and Deca","floor":50,"turns":6}],"seed_played":"-7404784850832026958","potions_obtained":[{"floor":1,"key":"Regen Potion"},{"floor":2,"key":"Dexterity Potion"},{"floor":4,"key":"BloodPotion"},{"floor":11,"key":"SteroidPotion"},{"floor":24,"key":"Block Potion"},{"floor":29,"key":"Dexterity Potion"},{"floor":33,"key":"Swift Potion"},{"floor":35,"key":"Explosive Potion"},{"floor":47,"key":"LiquidBronze"},{"floor":48,"key":"Poison Potion"}],"is_trial":false,"path_per_floor":["M","M","$","M","M","R","E","R","T","$","M","R","E","?","R","B",null,"M","?","?","M","M","R","E","M","T","M","R","M","R","M","R","B",null,"M","?","M","$","M","R","$","M","T","R","?","M","E","M","R","B",null],"character_chosen":"IRONCLAD","items_purchased":["Metallicize","Whirlwind","Dark Shackles","Uppercut","Membership Card","Mercury Hourglass","PreservedInsect","Rampage","Flex","Battle Trance","Anchor","PrismaticShard"],"campfire_rested":2,"item_purchase_floors":[10,10,38,38,38,38,38,41,41,41,41,41],"current_hp_per_floor":[80,84,84,78,82,82,69,69,69,69,74,74,60,60,60,41,76,72,55,55,48,44,44,25,29,29,35,62,47,47,28,55,22,75,81,81,87,87,73,73,73,77,84,84,84,74,80,77,77,83],"gold":588,"neow_bonus":"TEN_PERCENT_HP_BONUS","is_prod":false,"is_daily":false,"chose_seed":false,"campfire_upgraded":9,"win_rate":0,"timestamp":1548382493,"path_taken":["M","?","$","M","M","R","E","R","T","$","M","R","E","?","R","BOSS","M","?","?","M","M","R","E","M","T","M","R","M","R","M","R","BOSS","M","?","M","$","M","R","$","M","T","R","?","?","E","M","R","BOSS"],"build_version":"2019-01-23","purchased_purges":3,"victory":true,"max_hp_per_floor":[88,88,88,88,88,88,88,88,88,88,88,88,88,88,88,88,88,88,93,93,93,93,93,93,93,93,93,93,93,93,93,93,93,93,93,93,93,93,93,93,93,93,100,100,100,100,100,100,100,100],"card_choices":[{"not_picked":["Infernal Blade","Power Through"],"picked":"Armaments","floor":1},{"not_picked":["Shockwave","Dual Wield"],"picked":"Uppercut","floor":2},{"not_picked":["Thunderclap","Blood for Blood"],"picked":"True Grit","floor":4},{"not_picked":["Body Slam","Pommel Strike"],"picked":"Burning Pact","floor":5},{"not_picked":["Flex","Anger"],"picked":"Metallicize","floor":7},{"not_picked":["True Grit","Combust","Perfected Strike"],"picked":"SKIP","floor":11},{"not_picked":["Twin Strike","True Grit"],"picked":"Feel No Pain","floor":13},{"not_picked":["Offering","Reaper"],"picked":"Impervious","floor":16},{"not_picked":["Twin Strike","Anger","Sever Soul"],"picked":"SKIP","floor":18},{"not_picked":["Clothesline","Iron Wave"],"picked":"Entrench+1","floor":21},{"not_picked":["Heavy Blade","True Grit"],"picked":"Juggernaut","floor":22},{"not_picked":["Warcry","Wild Strike","Clothesline"],"picked":"SKIP","floor":24},{"not_picked":["Clash+1","Twin Strike"],"picked":"True Grit+1","floor":25},{"not_picked":["Inflame+1","Wild Strike"],"picked":"Corruption+1","floor":27},{"not_picked":["Clash","Uppercut"],"picked":"Pommel Strike","floor":29},{"not_picked":["Iron Wave","Reckless Charge"],"picked":"Warcry","floor":31},{"not_picked":["Brutality+1","Offering"],"picked":"Juggernaut+1","floor":33},{"not_picked":["Flex","Dual Wield"],"picked":"Body Slam+1","floor":35},{"not_picked":["Body Slam","Brutality+1","Twin Strike"],"picked":"SKIP","floor":37},{"not_picked":["Heavy Blade","True Grit"],"picked":"Feel No Pain+1","floor":39},{"not_picked":["Thunderclap+1","Prepared+1"],"picked":"Chill","floor":42},{"not_picked":["Second Wind+1","Perfected Strike","Infernal Blade"],"picked":"SKIP","floor":46},{"not_picked":["Bane","Uppercut"],"picked":"Cloak And Dagger","floor":47},{"not_picked":["Perfected Strike","White Noise"],"picked":"Glacier+1","floor":48}],"player_experience":466507,"relics_obtained":[{"floor":7,"key":"Mummified Hand"},{"floor":9,"key":"Boot"},{"floor":13,"key":"Happy Flower"},{"floor":24,"key":"Frozen Egg 2"},{"floor":26,"key":"Kunai"},{"floor":43,"key":"Strawberry"},{"floor":47,"key":"Potion Belt"}],"event_choices":[{"cards_removed":["Strike_R"],"damage_healed":0,"gold_gain":0,"player_choice":"Forget","damage_taken":0,"max_hp_gain":0,"max_hp_loss":0,"event_name":"Living Wall","floor":14,"gold_loss":0},{"damage_healed":0,"gold_gain":0,"player_choice":"Shed Blood","damage_taken":22,"max_hp_gain":5,"max_hp_loss":0,"event_name":"Forgotten Altar","floor":19,"gold_loss":0},{"damage_healed":0,"gold_gain":0,"player_choice":"Read","damage_taken":0,"max_hp_gain":0,"max_hp_loss":0,"event_name":"The Library","floor":20,"gold_loss":0,"cards_obtained":["Flame Barrier"]},{"damage_healed":0,"gold_gain":999,"player_choice":"Gold","damage_taken":0,"max_hp_gain":0,"max_hp_loss":0,"event_name":"MindBloom","floor":36,"gold_loss":0,"cards_obtained":["Normality","Normality"]},{"damage_healed":0,"gold_gain":0,"player_choice":"Gave Potion","damage_taken":0,"relics_obtained":["The Courier"],"max_hp_gain":0,"max_hp_loss":0,"event_name":"WeMeetAgain","floor":45,"gold_loss":0}],"is_beta":false,"boss_relics":[{"not_picked":["Tiny House","Philosopher\u0027s Stone"],"picked":"Astrolabe"},{"not_picked":["Runic Cube","White Beast Statue"],"picked":"Runic Pyramid"}],"items_purged_floors":[3,38,41],"is_endless":false,"potions_floor_spawned":[1,2,4,11,21,24,29,33,35,47,48],"ascension_level":13}