{"path_per_floor":["M","M","M","M","$","R","E","R","T","?","E","M","?","M","R","B",null,"M","?","M"],"character_chosen":"THE_SILENT","items_purchased":["Glass Knife"],"gold_per_floor":[118,134,146,166,13,13,39,39,62,62,95,109,109,128,128,227,227,238,238,253,253],"floor_reached":21,"campfire_rested":1,"playtime":893,"current_hp_per_floor":[58,58,58,44,44,44,25,25,25,25,25,25,25,19,52,33,56,43,43,39,25],"items_purged":["Strike_G"],"gold":253,"score":239,"play_id":"b8e1235a-80d3-4921-9f1a-be945fd025f9","local_time":"20180412221734","is_prod":false,"is_daily":false,"is_ascension_mode":true,"campfire_upgraded":2,"timestamp":1523564254,"path_taken":["M","M","M","M","$","R","E","R","T","?","E","M","?","M","R","BOSS","M","?","M","M"],"build_version":"2018-04-05v2","purchased_purges":1,"victory":false,"master_deck":["Defend_G","Defend_G","Defend_G","Defend_G","Defend_G","Strike_G","Strike_G","Strike_G","Survivor","Neutralize","Slice","Flying Knee","Sucker Punch+1","Tools of the Trade","Glass Knife+1","Calculated Gamble","Slice","Mind Blast","Cloak And Dagger","Burst","Quick Slash"],"max_hp_per_floor":[63,63,63,63,63,63,63,63,63,63,63,63,63,63,63,63,63,63,63,63,63],"relics":["Ring of the Snake","Ginger","Bronze Scales","Bag of Marbles","Regal Pillow","Philosopher\u0027s Stone"],"card_choices":[{"not_picked":["Accuracy","Acrobatics"],"picked":"Slice","floor":1},{"not_picked":["Dagger Throw","Deadly Poison"],"picked":"Flying Knee","floor":2},{"not_picked":["Masterful Stab","Quick Slash"],"picked":"Sucker Punch","floor":3},{"not_picked":["Prepared","Concentrate"],"picked":"Tools of the Trade","floor":4},{"not_picked":["Bane","Masterful Stab"],"picked":"Calculated Gamble","floor":7},{"not_picked":["Poisoned Stab","Infinite Blades"],"picked":"Slice","floor":12},{"not_picked":["Prepared","Deadly Poison"],"picked":"Cloak And Dagger","floor":14},{"not_picked":["A Thousand Cuts","Unload"],"picked":"Burst","floor":16},{"not_picked":["Noxious Fumes","Sucker Punch"],"picked":"Quick Slash","floor":20}],"player_experience":225861,"potions_floor_usage":[7,11,16],"damage_taken":[{"damage":5,"enemies":"Jaw Worm","floor":1,"turns":7},{"damage":0,"enemies":"2 Louse","floor":2,"turns":2},{"damage":0,"enemies":"Cultist","floor":3,"turns":4},{"damage":14,"enemies":"Red Slaver","floor":4,"turns":5},{"damage":28,"enemies":"Gremlin Nob","floor":7,"turns":5},{"damage":12,"enemies":"Lagavulin","floor":11,"turns":5},{"damage":0,"enemies":"Blue Slaver","floor":12,"turns":1},{"damage":6,"enemies":"Exordium Thugs","floor":14,"turns":2},{"damage":19,"enemies":"Hexaghost","floor":16,"turns":10},{"damage":13,"enemies":"Shell Parasite","floor":18,"turns":2},{"damage":4,"enemies":"3 Byrds","floor":20,"turns":4},{"damage":14,"enemies":"Slaver and Parasite","floor":21,"turns":2}],"event_choices":[{"event_name":"Liars Game","player_choice":"disagreed","floor":10,"damage_taken":0},{"event_name":"Match and Keep!","player_choice":"1 cards matched","floor":13,"damage_taken":0},{"event_name":"Wheel of Change","player_choice":"Card Removal","floor":19,"damage_taken":0}],"boss_relics":[{"not_picked":["Calling Bell","Lizard Tail"],"picked":"Philosopher\u0027s Stone"}],"potions_floor_spawned":[1,3,14,20],"seed_played":"-5890690468840471507","killed_by":"Slaver and Parasite","ascension_level":5,"is_trial":false}