{"gold_per_floor":[113,113,113,113,125,125,160,172,227,227,241,259,274,124,124,220,220,238,238,253,266,266,266],"floor_reached":23,"playtime":1860,"items_purged":[],"score":212,"play_id":"2c0de7cd-1bd2-4728-851f-26d369d8bbbe","local_time":"20190208185838","is_ascension_mode":true,"campfire_choices":[{"data":"White Noise","floor":6,"key":"SMITH"},{"floor":10,"key":"REST"},{"data":"Barrage","floor":15,"key":"SMITH"}],"neow_cost":"CURSE","seed_source_timestamp":426674223816288,"circlet_count":0,"master_deck":["Strike_B","Strike_B","Strike_B","Defend_B","Defend_B","Defend_B","Zap","Dualcast","Self Repair","Amplify","Gash","White Noise+1","Hologram","Chill","Stack","Barrage+1","Seek","Fission","Lockon+1","Genetic Algorithm","Compile Driver"],"relics":["Cracked Core","Orichalcum","StoneCalendar","Regal Pillow","Inserter"],"potions_floor_usage":[16,23],"damage_taken":[{"damage":8,"enemies":"Jaw Worm","floor":1,"turns":4},{"damage":11,"enemies":"Small Slimes","floor":5,"turns":3},{"damage":16,"enemies":"Lagavulin","floor":7,"turns":7},{"damage":9,"enemies":"2 Louse","floor":8,"turns":3},{"damage":13,"enemies":"Looter","floor":11,"turns":3},{"damage":0,"enemies":"3 Louse","floor":12,"turns":4},{"damage":6,"enemies":"2 Fungi Beasts","floor":13,"turns":3},{"damage":25,"enemies":"Slime Boss","floor":16,"turns":6},{"damage":14,"enemies":"Chosen","floor":18,"turns":5},{"damage":15,"enemies":"Shell Parasite","floor":20,"turns":4},{"damage":25,"enemies":"Centurion and Healer","floor":21,"turns":8},{"damage":47,"enemies":"Gremlin Leader","floor":23,"turns":3}],"seed_played":"4992076475759696083","potions_obtained":[{"floor":5,"key":"Explosive Potion"},{"floor":8,"key":"FocusPotion"},{"floor":12,"key":"FearPotion"},{"floor":16,"key":"SkillPotion"},{"floor":18,"key":"Fire Potion"}],"is_trial":false,"path_per_floor":["M","?","?","?","M","R","E","M","T","R","M","M","M","$","R","B",null,"M","?","M","M","?","E"],"character_chosen":"DEFECT","items_purchased":["Seek"],"campfire_rested":1,"item_purchase_floors":[14],"current_hp_per_floor":[74,56,56,49,45,45,36,34,34,71,65,72,73,73,73,48,75,68,68,60,42,42,0],"gold":266,"neow_bonus":"TRANSFORM_TWO_CARDS","is_prod":false,"is_daily":false,"chose_seed":false,"campfire_upgraded":2,"win_rate":0,"timestamp":1549648718,"path_taken":["M","?","?","?","M","R","E","M","T","R","M","M","M","$","R","BOSS","M","?","M","M","?","E"],"build_version":"2019-01-23","purchased_purges":0,"victory":false,"max_hp_per_floor":[75,75,75,75,75,75,75,75,75,75,75,75,75,75,75,75,75,75,75,75,75,75,75],"card_choices":[{"not_picked":["Defragment","Loop"],"picked":"Gash","floor":1},{"not_picked":["Recycle","Fusion"],"picked":"White Noise","floor":5},{"not_picked":["Capacitor","Aggregate"],"picked":"Hello World","floor":7},{"not_picked":["Double Energy","Stack"],"picked":"Hologram","floor":8},{"not_picked":["Chaos","Reprogram"],"picked":"Chill","floor":11},{"not_picked":["Streamline","Go for the Eyes"],"picked":"Stack","floor":12},{"not_picked":["Beam Cell","Defragment"],"picked":"Barrage","floor":13},{"not_picked":["Amplify","Meteor Strike"],"picked":"Fission","floor":16},{"not_picked":["Aggregate","Gash"],"picked":"Lockon+1","floor":18},{"not_picked":["Tempest","Rip and Tear"],"picked":"Genetic Algorithm","floor":20},{"not_picked":["Turbo","Heatsinks+1"],"picked":"Compile Driver","floor":21}],"player_experience":230842,"relics_obtained":[{"floor":7,"key":"StoneCalendar"},{"floor":9,"key":"Regal Pillow"}],"event_choices":[{"damage_healed":0,"gold_gain":0,"player_choice":"Success","damage_taken":18,"relics_obtained":["Orichalcum"],"max_hp_gain":0,"max_hp_loss":0,"event_name":"Scrap Ooze","floor":2,"gold_loss":0},{"damage_healed":0,"gold_gain":0,"cards_transformed":["Doubt"],"player_choice":"Change","damage_taken":0,"max_hp_gain":0,"max_hp_loss":0,"event_name":"Living Wall","floor":3,"gold_loss":0,"cards_obtained":["Pain"]},{"cards_removed":["Pain"],"damage_healed":0,"gold_gain":0,"player_choice":"Card Removal","damage_taken":7,"max_hp_gain":0,"max_hp_loss":0,"event_name":"Golden Wing","floor":4,"gold_loss":0},{"damage_healed":0,"gold_gain":0,"player_choice":"Ignored","damage_taken":0,"max_hp_gain":0,"max_hp_loss":0,"event_name":"Ghosts","floor":19,"gold_loss":0},{"cards_removed":["Hello World"],"damage_healed":0,"gold_gain":0,"player_choice":"Elegance","damage_taken":0,"max_hp_gain":0,"max_hp_loss":0,"event_name":"Back to Basics","floor":22,"gold_loss":0}],"is_beta":false,"boss_relics":[{"not_picked":["Coffee Dripper","Calling Bell"],"picked":"Inserter"}],"items_purged_floors":[],"is_endless":false,"potions_floor_spawned":[5,8,12,16,18,21],"killed_by":"Gremlin Leader","ascension_level":2}