{"path_per_floor":["M","M","?","?","M","E","M","M","T","M","M","M","$","E","R","B",null,"M","M","?","?","?","E","R","?","T","M","M","M","R","E","R"],"character_chosen":"THE_SILENT","items_purchased":["Transmutation"],"gold_per_floor":[112,124,124,74,93,128,139,157,157,170,188,206,21,52,52,149,149,133,153,153,78,78,109,109,109,109,128,146,164,164,189,189,189],"floor_reached":33,"campfire_rested":4,"playtime":3898,"current_hp_per_floor":[68,66,52,52,49,42,42,37,37,33,33,33,33,27,48,21,70,49,30,70,70,70,31,52,39,53,35,27,44,70,69,89,0],"items_purged":[],"gold":189,"score":326,"play_id":"26389fe4-6fa5-49fa-90c0-c9fbe5a8b8ab","local_time":"20180407123731","is_prod":false,"is_daily":false,"is_ascension_mode":false,"campfire_upgraded":0,"timestamp":1523097451,"path_taken":["M","M","?","?","M","E","M","M","T","?","?","M","?","E","R","BOSS","M","M","?","?","?","E","R","?","T","M","M","?","R","E","R","BOSS"],"build_version":"2018-04-05v2","purchased_purges":0,"victory":false,"master_deck":["Defend_G","Defend_G","Defend_G","Defend_G","Strike_G","Strike_G","Strike_G","Strike_G","Survivor+1","Neutralize","Prepared","Skewer+1","Heel Hook","Backflip","Prepared","Underhanded Strike","Deflect","Bullet Time","Crippling Poison","Transmutation","Acrobatics","Tools of the Trade","Quick Slash","Backflip","Deflect","Flying Knee","Footwork","Poisoned Stab+1","Poisoned Stab+1","Quick Slash+1","Backflip","Dash+1","Prepared+1"],"max_hp_per_floor":[70,70,70,70,70,70,70,70,70,70,70,70,70,70,70,70,70,70,70,70,70,70,70,70,75,89,89,89,89,89,89,89,89],"relics":["Lizard Tail","Ninja Scroll","Gambling Chip","Bronze Scales","Orrery","Oddly Smooth Stone","Mango","Lantern"],"card_choices":[{"not_picked":["Corpse Explosion","Catalyst"],"picked":"Prepared","floor":1},{"not_picked":["Choke","Malaise"],"picked":"Skewer","floor":2},{"not_picked":["Blade Dance","Backflip"],"picked":"Heel Hook","floor":5},{"not_picked":["Dagger Throw","Riddle With Holes"],"picked":"Backflip","floor":6},{"not_picked":["Poisoned Stab","Distraction"],"picked":"Prepared","floor":7},{"not_picked":["Dodge and Roll","Predator"],"picked":"Underhanded Strike","floor":8},{"not_picked":["Poisoned Stab","Dodge and Roll"],"picked":"Deflect","floor":10},{"not_picked":["PiercingWail","Bane"],"picked":"Bullet Time","floor":11},{"not_picked":["Sucker Punch","Flechettes"],"picked":"Crippling Poison","floor":12},{"not_picked":["Terror","Choke"],"picked":"Acrobatics","floor":14},{"not_picked":["A Thousand Cuts","Burst"],"picked":"Tools of the Trade","floor":16},{"not_picked":["Slice","Choke"],"picked":"Quick Slash","floor":17},{"not_picked":["Sucker Punch","Masterful Stab"],"picked":"Backflip","floor":17},{"not_picked":["Outmaneuver","Dodge and Roll"],"picked":"Deflect","floor":17},{"not_picked":["Terror","Dagger Spray"],"picked":"Flying Knee","floor":17},{"not_picked":["Dagger Spray","Dodge and Roll"],"picked":"Caltrops","floor":17},{"not_picked":["Dagger Throw","Acrobatics"],"picked":"Footwork","floor":18},{"not_picked":["Dodge and Roll","Expertise"],"picked":"Poisoned Stab","floor":19},{"not_picked":["Quick Slash","Flying Knee"],"picked":"Poisoned Stab","floor":23},{"not_picked":["Die Die Die","Dagger Spray"],"picked":"Quick Slash","floor":27},{"not_picked":["Prepared","Flying Knee"],"picked":"Backflip","floor":28},{"not_picked":["Prepared","Deadly Poison"],"picked":"Dash","floor":29},{"not_picked":["Malaise","Skewer"],"picked":"Prepared","floor":31}],"player_experience":51630,"potions_floor_usage":[6,6,14,16,16,16,23,23,27,29,31,31],"damage_taken":[{"damage":2,"enemies":"Cultist","floor":1,"turns":6},{"damage":2,"enemies":"2 Louse","floor":2,"turns":3},{"damage":3,"enemies":"Jaw Worm","floor":5,"turns":2},{"damage":22,"enemies":"3 Sentries","floor":6,"turns":10},{"damage":0,"enemies":"Blue Slaver","floor":7,"turns":4},{"damage":5,"enemies":"Exordium Thugs","floor":8,"turns":3},{"damage":4,"enemies":"Gremlin Gang","floor":10,"turns":4},{"damage":0,"enemies":"Exordium Wildlife","floor":11,"turns":3},{"damage":0,"enemies":"Large Slime","floor":12,"turns":3},{"damage":6,"enemies":"Gremlin Nob","floor":14,"turns":3},{"damage":27,"enemies":"Slime Boss","floor":16,"turns":12},{"damage":21,"enemies":"2 Thieves","floor":18,"turns":4},{"damage":19,"enemies":"Chosen","floor":19,"turns":6},{"damage":39,"enemies":"Book of Stabbing","floor":23,"turns":6},{"damage":18,"enemies":"Centurion and Healer","floor":27,"turns":8},{"damage":8,"enemies":"Snake Plant","floor":28,"turns":5},{"damage":46,"enemies":"3 Cultists","floor":29,"turns":7},{"damage":16,"enemies":"Gremlin Leader","floor":31,"turns":7},{"damage":92,"enemies":"Champ","floor":33,"turns":9}],"event_choices":[{"event_name":"Shining Light","player_choice":"Entered Light","floor":3,"damage_taken":0},{"event_name":"The Cleric","player_choice":"Card Removal","floor":4,"damage_taken":0},{"event_name":"Bonfire Elementals","player_choice":"UNCOMMON","floor":20,"damage_taken":0},{"event_name":"Beggar","player_choice":"Gave Gold","floor":21,"damage_taken":0},{"event_name":"The Lab","player_choice":"Got Potions","floor":22,"damage_taken":0},{"event_name":"Forgotten Altar","player_choice":"Shed Blood","floor":25,"damage_taken":0}],"boss_relics":[{"not_picked":["Snecko Eye","Philosopher\u0027s Stone"],"picked":"Orrery"}],"potions_floor_spawned":[1,2,7,11,12,14,23,27,28],"seed_played":"3617841047408596502","killed_by":"Champ","ascension_level":0,"is_trial":false}