{"path_per_floor":["M","?","M","M","M","R","E","R","T","E","R","M","E","$","R","B",null,"M","M","M","M","M","R","E","M","T","?","?","?"],"character_chosen":"IRONCLAD","items_purchased":["Meat on the Bone"],"gold_per_floor":[116,116,133,150,160,160,195,195,195,224,224,242,273,13,13,116,116,126,141,155,174,187,187,213,223,305,305,305,305,305],"floor_reached":30,"campfire_rested":0,"playtime":1357,"current_hp_per_floor":[80,80,80,80,71,71,63,63,63,55,55,53,53,53,53,35,80,78,79,52,55,47,47,50,50,50,50,50,50,0],"items_purged":[],"gold":305,"score":326,"play_id":"2b7a6a71-dce1-40c9-b40e-d26aafb2c396","local_time":"20180513034354","is_prod":false,"is_daily":false,"chose_seed":false,"is_ascension_mode":true,"campfire_upgraded":5,"timestamp":1526197434,"path_taken":["M","?","?","M","M","R","E","R","T","E","R","?","E","$","R","BOSS","M","?","M","M","M","R","E","M","T","?","?","?","E"],"build_version":"2018-05-12v2","seed_source_timestamp":339356363645090,"purchased_purges":0,"victory":false,"master_deck":["Strike_R","Strike_R","Strike_R","Strike_R","Defend_R","Defend_R","Defend_R","Defend_R","Bash+1","Pommel Strike","Inflame+1","True Grit+1","Clothesline+1","Bludgeon+1","Heavy Blade","Bludgeon+1","Shrug It Off+1","Rage+1","Pommel Strike"],"max_hp_per_floor":[80,80,80,80,80,80,80,80,80,80,80,80,80,80,80,80,80,80,80,80,80,80,80,80,80,80,80,80,80,80],"relics":["Burning Blood","NeowsBlessing","Orichalcum","Art of War","Smiling Mask","Dodecahedron","Meat on the Bone","Black Star","Toolbox","Toxic Egg 2","Tiny Chest"],"card_choices":[{"not_picked":["Clash","Flex"],"picked":"Pommel Strike","floor":1},{"not_picked":["Power Through","Seeing Red"],"picked":"Inflame","floor":3},{"not_picked":["Rage","Clash"],"picked":"True Grit","floor":4},{"not_picked":["Spot Weakness","Disarm"],"picked":"Clothesline","floor":5},{"not_picked":["Clash","Disarm"],"picked":"Bludgeon","floor":7},{"not_picked":["Wild Strike","Combust","Flex"],"picked":"SKIP","floor":10},{"not_picked":["Anger","Flex","Shockwave"],"picked":"SKIP","floor":12},{"not_picked":["Bloodletting","Dropkick"],"picked":"Heavy Blade","floor":13},{"not_picked":["Limit Break","Exhume"],"picked":"Bludgeon","floor":16},{"not_picked":["True Grit","Twin Strike","Thunderclap+1"],"picked":"SKIP","floor":18},{"not_picked":["Heavy Blade","Iron Wave"],"picked":"Shrug It Off+1","floor":19},{"not_picked":["Body Slam","Thunderclap+1","Intimidate"],"picked":"SKIP","floor":20},{"not_picked":["Perfected Strike","Warcry","Clothesline"],"picked":"SKIP","floor":21},{"not_picked":["True Grit","Seeing Red","Evolve"],"picked":"SKIP","floor":22},{"not_picked":["Dark Embrace","Armaments","Sword Boomerang+1"],"picked":"SKIP","floor":24},{"not_picked":["Pommel Strike","Perfected Strike+1"],"picked":"Rage+1","floor":25}],"player_experience":129471,"potions_floor_usage":[20,24,24,30],"damage_taken":[{"damage":0,"enemies":"2 Louse","floor":1,"turns":1},{"damage":0,"enemies":"Jaw Worm","floor":3,"turns":1},{"damage":0,"enemies":"Cultist","floor":4,"turns":1},{"damage":15,"enemies":"Lots of Slimes","floor":5,"turns":6},{"damage":14,"enemies":"Gremlin Nob","floor":7,"turns":4},{"damage":14,"enemies":"Lagavulin","floor":10,"turns":4},{"damage":8,"enemies":"Gremlin Gang","floor":12,"turns":6},{"damage":6,"enemies":"Gremlin Nob","floor":13,"turns":3},{"damage":36,"enemies":"The Guardian","floor":16,"turns":8},{"damage":8,"enemies":"Shell Parasite","floor":18,"turns":3},{"damage":5,"enemies":"Spheric Guardian","floor":19,"turns":3},{"damage":33,"enemies":"Slaver and Parasite","floor":20,"turns":6},{"damage":3,"enemies":"Centurion and Healer","floor":21,"turns":4},{"damage":26,"enemies":"Sentry and Sphere","floor":22,"turns":5},{"damage":15,"enemies":"Slavers","floor":24,"turns":4},{"damage":18,"enemies":"Snake Plant","floor":25,"turns":2},{"damage":54,"enemies":"Gremlin Leader","floor":30,"turns":6}],"event_choices":[{"event_name":"Living Wall","player_choice":"Forget","floor":2,"damage_taken":0},{"event_name":"Upgrade Shrine","player_choice":"Upgraded","floor":27,"damage_taken":0},{"event_name":"The Mausoleum","player_choice":"No","floor":28,"damage_taken":0},{"event_name":"The Library","player_choice":"Read","floor":29,"damage_taken":0}],"boss_relics":[{"not_picked":["Black Blood","Runic Cube"],"picked":"Black Star"}],"potions_floor_spawned":[3,7,10,12,18,20,21,25],"seed_played":"1606773916312098249","killed_by":"Gremlin Leader","ascension_level":4,"is_trial":false}