{"path_per_floor":["M","M","M","M","M","R","E","R","T","M","$","M","E","M","R","B",null,"M","M","?","M","M","R","?","R","T","M","M","R","M","M","R","B",null,"M","?","M","M","?","R","$","R","T","M","R","M","?","?","R"],"character_chosen":"THE_SILENT","items_purchased":["Madness","Calipers"],"gold_per_floor":[18,34,50,69,85,85,111,111,179,198,22,39,73,92,92,192,192,204,217,217,234,251,251,251,251,251,269,286,286,304,320,320,417,417,436,436,455,473,473,473,64,64,64,79,79,97,97,0,0,0],"floor_reached":50,"campfire_rested":0,"playtime":5768,"current_hp_per_floor":[70,68,68,61,61,61,56,56,56,56,56,56,53,53,53,51,70,68,66,66,64,64,64,48,48,48,60,47,47,47,46,46,35,70,70,70,70,70,70,70,67,67,67,65,67,51,43,43,53,0],"items_purged":["Strike_G","Parasite"],"gold":0,"score":462,"play_id":"1e0716b6-3035-4d49-a3e1-67cfd39479db","local_time":"20180408002432","is_prod":false,"is_daily":false,"is_ascension_mode":false,"campfire_upgraded":11,"timestamp":1523139872,"path_taken":["M","M","M","M","M","R","E","R","T","M","$","M","E","M","R","BOSS","M","M","?","?","M","R","?","R","T","M","M","R","M","M","R","BOSS","M","?","M","M","?","R","?","R","T","M","R","M","?","?","R","BOSS"],"build_version":"2018-04-05v2","purchased_purges":2,"victory":false,"master_deck":["Defend_G+1","Defend_G+1","Defend_G+1","Defend_G+1","Strike_G+1","Strike_G+1","Strike_G+1","Strike_G+1","Survivor+1","Neutralize+1","Heel Hook","Backstab","Acrobatics+1","Calculated Gamble+1","Venomology+1","Noxious Fumes+1","Footwork","Madness+1","After Image+1","Infinite Blades","Adrenaline+1","Underhanded Strike+1","Escape Plan+1","Necronomicurse","Choke+1","Well Laid Plans+1","Terror+1","Madness","Madness"],"max_hp_per_floor":[70,70,70,70,70,70,70,70,70,70,70,70,70,70,70,70,70,70,70,70,70,70,70,70,70,70,70,70,70,70,70,70,70,70,70,70,70,70,70,70,67,67,67,67,67,67,67,67,67,67],"relics":["Ring of the Snake","Tingsha","Regal Pillow","Bottled Lightning","Bag of Preparation","Cursed Key","Necronomicon","Sundial","Eternal Feather","Calipers","Red Mask"],"card_choices":[{"not_picked":["Deflect","Sucker Punch"],"picked":"Heel Hook","floor":1.0},{"not_picked":["Skewer","Slice"],"picked":"Backstab","floor":2.0},{"not_picked":["Bane","Choke"],"picked":"Acrobatics","floor":3.0},{"not_picked":["Leg Sweep","Eviscerate"],"picked":"Calculated Gamble","floor":4.0},{"not_picked":["Dagger Throw","Quick Slash"],"picked":"Venomology","floor":5.0},{"not_picked":["Accuracy","PiercingWail"],"picked":"Noxious Fumes","floor":7.0},{"not_picked":["PiercingWail","Outmaneuver"],"picked":"Footwork","floor":10.0},{"not_picked":["Dagger Throw","Dagger Spray"],"picked":"After Image","floor":12.0},{"not_picked":["Flying Knee","Dash"],"picked":"Infinite Blades","floor":14.0},{"not_picked":["Phantasmal Killer","After Image"],"picked":"Adrenaline","floor":16.0},{"not_picked":["Catalyst","Quick Slash"],"picked":"Underhanded Strike","floor":18},{"not_picked":["Poisoned Stab","Heel Hook"],"picked":"Escape Plan","floor":19},{"not_picked":["Flying Knee","Deadly Poison"],"picked":"Choke","floor":31},{"not_picked":["Heel Hook","Dash"],"picked":"Well Laid Plans","floor":35},{"not_picked":["Deflect","Blur"],"picked":"Terror","floor":37}],"player_experience":82053,"potions_floor_usage":[18,19,21,22,27,27,28,28,30,31,33,33,33,33,38,44,46,50,50,50],"damage_taken":[{"damage":0.0,"enemies":"2 Louse","floor":1.0,"turns":3.0},{"damage":2.0,"enemies":"Small Slimes","floor":2.0,"turns":4.0},{"damage":0.0,"enemies":"Cultist","floor":3.0,"turns":3.0},{"damage":7.0,"enemies":"Large Slime","floor":4.0,"turns":10.0},{"damage":0.0,"enemies":"3 Louse","floor":5.0,"turns":3.0},{"damage":5.0,"enemies":"Lagavulin","floor":7.0,"turns":5.0},{"damage":0.0,"enemies":"Exordium Thugs","floor":10.0,"turns":2.0},{"damage":0.0,"enemies":"Large Slime","floor":12.0,"turns":5.0},{"damage":3.0,"enemies":"3 Sentries","floor":13.0,"turns":8.0},{"damage":0.0,"enemies":"3 Louse","floor":14.0,"turns":3.0},{"damage":2.0,"enemies":"The Guardian","floor":16.0,"turns":11.0},{"damage":2,"enemies":"Chosen","floor":18,"turns":5},{"damage":2,"enemies":"Shell Parasite","floor":19,"turns":4},{"damage":2,"enemies":"Chosen and Byrds","floor":21,"turns":4},{"damage":0,"enemies":"Snake Plant","floor":22,"turns":4},{"damage":0,"enemies":"Snecko","floor":27,"turns":4},{"damage":23,"enemies":"Cultist and Chosen","floor":28,"turns":8},{"damage":0,"enemies":"Snake Plant","floor":30,"turns":2},{"damage":1,"enemies":"Slaver and Parasite","floor":31,"turns":6},{"damage":11,"enemies":"Collector","floor":33,"turns":5},{"damage":0,"enemies":"3 Shapes","floor":35,"turns":4},{"damage":0,"enemies":"Orb Walker","floor":37,"turns":2},{"damage":0,"enemies":"Maw","floor":38,"turns":5},{"damage":2,"enemies":"4 Shapes","floor":44,"turns":4},{"damage":16,"enemies":"Sphere and 2 Shapes","floor":46,"turns":5},{"damage":63,"enemies":"Awakened One","floor":50,"turns":5}],"event_choices":[{"event_name":"Back to Basics","player_choice":"Simplicity","floor":20,"damage_taken":0},{"event_name":"Cursed Tome","player_choice":"Obtained Book","floor":24,"damage_taken":0},{"event_name":"The Lab","player_choice":"Got Potions","floor":39,"damage_taken":0},{"event_name":"Winding Halls","player_choice":"Embrace Madness","floor":47,"damage_taken":0},{"event_name":"Tomb of Lord Red Mask","player_choice":"Paid","floor":48,"damage_taken":0}],"boss_relics":[{"not_picked":["Tiny House","Black Star"],"picked":"Cursed Key"},{"not_picked":["Runic Pyramid","Pandora\u0027s Box"],"picked":"Eternal Feather"}],"potions_floor_spawned":[2,5,10,12,16,18,19,27,30,33,37],"seed_played":"-4342556906655276044","killed_by":"Awakened One","ascension_level":0,"is_trial":false}