{"gold_per_floor":[119,69,82,157,157,157,80,98,98,48,48,68,99,113,113,216,216,233,243,256,269,62,62,93,93,93,93,93,106,106],"floor_reached":30,"playtime":852,"items_purged":[],"score":250,"play_id":"b9c8c283-2fca-411d-9c1c-17ab8326309b","local_time":"20180716074629","is_ascension_mode":false,"campfire_choices":[{"data":"Flex","floor":6,"key":"SMITH"},{"data":"Metallicize","floor":11,"key":"SMITH"},{"data":"Uppercut","floor":15,"key":"SMITH"},{"data":"Demon Form","floor":23,"key":"SMITH"},{"data":"Iron Wave","floor":25,"key":"SMITH"}],"neow_cost":"NONE","seed_source_timestamp":303099366076268,"circlet_count":0,"master_deck":["Strike_R","Strike_R","Strike_R","Strike_R","Defend_R","Defend_R","Defend_R","Defend_R","Bash","Flex+1","Armaments+1","Metallicize+1","Flex+1","Uppercut+1","Demon Form+1","Iron Wave+1"],"relics":["Burning Blood","NeowsBlessing","Orichalcum","Lantern","War Paint","Coffee Dripper","MealTicket","Bottled Tornado","Peace Pipe"],"potions_floor_usage":[16,18,19,21,30,30],"damage_taken":[{"damage":0,"enemies":"Jaw Worm","floor":1,"turns":1},{"damage":0,"enemies":"2 Louse","floor":3,"turns":2},{"damage":0,"enemies":"Cultist","floor":8,"turns":1},{"damage":12,"enemies":"3 Louse","floor":12,"turns":5},{"damage":20,"enemies":"3 Sentries","floor":13,"turns":11},{"damage":0,"enemies":"Exordium Thugs","floor":14,"turns":4},{"damage":18,"enemies":"The Guardian","floor":16,"turns":10},{"damage":0,"enemies":"Spheric Guardian","floor":18,"turns":2},{"damage":22,"enemies":"Chosen","floor":19,"turns":5},{"damage":25,"enemies":"Centurion and Healer","floor":20,"turns":7},{"damage":16,"enemies":"Snake Plant","floor":21,"turns":4},{"damage":22,"enemies":"Book of Stabbing","floor":24,"turns":6},{"damage":6,"enemies":"Cultist and Chosen","floor":29,"turns":7},{"damage":24,"enemies":"3 Cultists","floor":30,"turns":4}],"seed_played":"-2371757687322467287","potions_obtained":[{"floor":13,"key":"Regen Potion"},{"floor":14,"key":"SkillPotion"},{"floor":16,"key":"Swift Potion"},{"floor":19,"key":"LiquidBronze"},{"floor":29,"key":"Strength Potion"}],"is_trial":false,"path_per_floor":["M","$","M","?","T","R","$","M","T","?","R","M","E","M","R","B",null,"M","M","M","M","$","R","E","R","T","$","?","M"],"character_chosen":"IRONCLAD","items_purchased":["Fire Potion","Metallicize","MealTicket"],"campfire_rested":0,"item_purchase_floors":[2,7,22],"current_hp_per_floor":[80,80,80,69,69,69,69,75,75,75,75,69,55,61,61,49,80,80,64,45,44,44,44,28,28,28,28,19,19,0],"gold":106,"neow_bonus":"THREE_ENEMY_KILL","is_prod":false,"is_daily":false,"chose_seed":false,"campfire_upgraded":5,"win_rate":0,"timestamp":1531716389,"path_taken":["M","$","M","?","?","R","?","M","T","?","R","M","E","M","R","BOSS","M","M","M","M","$","R","E","R","T","?","?","M","?"],"build_version":"2018-07-12","purchased_purges":0,"victory":false,"max_hp_per_floor":[80,80,80,80,80,80,80,80,80,80,80,80,80,80,80,80,80,80,80,80,80,80,80,80,80,80,80,80,80,80],"card_choices":[{"not_picked":["Power Through","Fire Breathing"],"picked":"Flex","floor":1},{"not_picked":["Entrench","Flame Barrier"],"picked":"Armaments","floor":3},{"not_picked":["Searing Blow","Dual Wield"],"picked":"Flex","floor":8},{"not_picked":["Warcry","Sword Boomerang","Pummel"],"picked":"SKIP","floor":12},{"not_picked":["Shrug It Off","Pommel Strike"],"picked":"Uppercut","floor":13},{"not_picked":["Battle Trance","Thunderclap","Armaments"],"picked":"SKIP","floor":14},{"not_picked":["Exhume","Offering"],"picked":"Demon Form","floor":16},{"not_picked":["True Grit","Clash","Evolve+1"],"picked":"SKIP","floor":18},{"not_picked":["Twin Strike","Anger","Perfected Strike+1"],"picked":"SKIP","floor":19},{"not_picked":["Perfected Strike","Anger","Havoc"],"picked":"SKIP","floor":20},{"not_picked":["Cleave","Sword Boomerang+1","Pummel"],"picked":"SKIP","floor":21},{"not_picked":["Body Slam+1","Dropkick"],"picked":"Iron Wave","floor":24},{"not_picked":["Second Wind","Body Slam+1","Fire Breathing"],"picked":"SKIP","floor":29}],"player_experience":108742,"relics_obtained":[{"floor":5,"key":"Orichalcum"},{"floor":9,"key":"Lantern"},{"floor":13,"key":"War Paint"},{"floor":24,"key":"Bottled Tornado"},{"floor":26,"key":"Peace Pipe"}],"event_choices":[{"event_name":"World of Goop","player_choice":"Gather Gold","floor":4,"damage_taken":0},{"event_name":"The Cleric","player_choice":"Card Removal","floor":10,"damage_taken":0},{"event_name":"Cursed Tome","player_choice":"Stopped","floor":28,"damage_taken":0}],"boss_relics":[{"not_picked":["White Beast Statue","Runic Pyramid"],"picked":"Coffee Dripper"}],"items_purged_floors":[],"is_endless":false,"potions_floor_spawned":[13,14,16,19,29],"killed_by":"3 Cultists","ascension_level":0}