{"path_per_floor":["M","?","$","M","?","E","M","M","T","T","M","E","$","E","R","B",null,"M","M","?"],"character_chosen":"IRONCLAD","items_purchased":["Madness","Cleave","Tiny Chest"],"gold_per_floor":[367,367,144,157,107,133,144,163,163,163,182,215,92,117,117,220,220,230,244,244],"floor_reached":21,"campfire_rested":0,"playtime":2030,"current_hp_per_floor":[72,72,72,67,67,55,57,61,61,61,61,46,46,46,46,29,72,38,17,23],"items_purged":["Strike_R"],"gold":244,"play_id":"088ff83b-c7d2-45fe-81bc-f278003638fc","is_prod":false,"is_daily":false,"campfire_rituals":0,"campfire_upgraded":1,"is_hardmode":false,"path_taken":["M","?","?","M","?","E","M","?","T","?","M","E","?","E","R","BOSS","M","?","?","M"],"build_version":"2018-01-11-PROD2","purchased_purges":1,"victory":false,"master_deck":["Strike_R","Strike_R","Strike_R","Defend_R","Defend_R","Defend_R","Defend_R","Bash","Shrug It Off","Madness","Cleave","Headbutt","Bloodletting","Pommel Strike","Dropkick","Bloodletting","Dual Wield","Offering","Battle Trance","Writhe"],"max_hp_per_floor":[72,72,72,72,72,72,72,72,72,72,72,72,72,72,72,72,72,72,72,78],"relics":["Burning Blood","Bronze Scales","Dodecahedron","Molten Egg","Darkstone Periapt","Tiny Chest","Dream Catcher","Sozu","Regal Pillow"],"campfire_meditates":0,"card_choices":[{"not_picked":["Sword Boomerang","Shockwave"],"picked":"Shrug It Off"},{"not_picked":["Thunderclap","Twin Strike"],"picked":"Headbutt"},{"not_picked":["Body Slam","Pummel"],"picked":"Bloodletting"},{"not_picked":["Reckless Charge","Clash"],"picked":"Pommel Strike"},{"not_picked":["Rage","Clothesline"],"picked":"Dropkick"},{"not_picked":["Hemokinesis","Body Slam"],"picked":"Bloodletting"},{"not_picked":["True Grit","Rupture"],"picked":"Dual Wield"},{"not_picked":["Brutality","Barricade"],"picked":"Offering"},{"not_picked":["Sword Boomerang","Anger"],"picked":"Battle Trance"}],"player_experience":40473,"potions_floor_usage":[6,14,14,16],"damage_taken":[{"damage":0,"enemies":"Small Slimes","floor":1,"turns":4},{"damage":11,"enemies":"Blue Slaver","floor":4,"turns":5},{"damage":24,"enemies":"Gremlin Nob","floor":6,"turns":4},{"damage":4,"enemies":"Cultist","floor":7,"turns":4},{"damage":2,"enemies":"Looter","floor":8,"turns":4},{"damage":6,"enemies":"3 Louse","floor":11,"turns":5},{"damage":21,"enemies":"Lagavulin","floor":12,"turns":5},{"damage":6,"enemies":"Gremlin Nob","floor":14,"turns":3},{"damage":23,"enemies":"Hexaghost","floor":16,"turns":8},{"damage":40,"enemies":"Chosen","floor":18,"turns":5},{"damage":27,"enemies":"3 Byrds","floor":19,"turns":3},{"damage":27,"enemies":"Centurion and Healer","floor":21,"turns":3}],"event_choices":[{"event_name":"The Lab","player_choice":"Got Potions","floor":2,"damage_taken":0},{"event_name":"The Cleric","player_choice":"Card Removal","floor":5,"damage_taken":0},{"event_name":"The Mausoleum","player_choice":"Yes","floor":20,"damage_taken":0}],"boss_relics":[{"not_picked":["White Beast Statue","Runic Dome"],"picked":"Sozu"}],"potions_floor_spawned":[8,11,12,19],"seed_played":"8818399520501194056","killed_by":"Centurion and Healer","is_trial":false}