{"gold_per_floor":[113,63,81,81,99,99,126,126,153,164,194,227,237,237,237,237],"floor_reached":16,"playtime":6238,"items_purged":[],"score":165,"play_id":"5dfdfd02-28aa-44d7-b54b-cbb24695dcbf","local_time":"20190305224300","is_ascension_mode":true,"campfire_choices":[{"data":"Bash","floor":6.0,"key":"SMITH"},{"data":"True Grit","floor":15,"key":"SMITH"}],"neow_cost":"NONE","seed_source_timestamp":0,"circlet_count":0,"master_deck":["AscendersBane","Strike_R","Strike_R","Strike_R","Defend_R+1","Defend_R","Defend_R","Defend_R","Bash+1","Rampage+1","Feel No Pain","True Grit+1","Feel No Pain","Anger"],"special_seed":0,"relics":["Burning Blood","Omamori","Art of War","Tiny Chest","Ginger"],"potions_floor_usage":[13,13,16],"damage_taken":[{"damage":4.0,"enemies":"Small Slimes","floor":1.0,"turns":4.0},{"damage":3.0,"enemies":"2 Louse","floor":3.0,"turns":2.0},{"damage":15.0,"enemies":"Jaw Worm","floor":5.0,"turns":5.0},{"damage":18.0,"enemies":"Gremlin Nob","floor":7.0,"turns":4.0},{"damage":13.0,"enemies":"Large Slime","floor":10.0,"turns":8.0},{"damage":22.0,"enemies":"Lagavulin","floor":12.0,"turns":7.0},{"damage":0,"enemies":"Gremlin Gang","floor":13,"turns":3},{"damage":30,"enemies":"Hexaghost","floor":16,"turns":9}],"seed_played":"4167036876649780451","potions_obtained":[{"floor":0.0,"key":"Dexterity Potion"},{"floor":0.0,"key":"Poison Potion"},{"floor":0.0,"key":"BloodPotion"},{"floor":1.0,"key":"Energy Potion"},{"floor":10.0,"key":"Fire Potion"},{"floor":12.0,"key":"Explosive Potion"},{"floor":13,"key":"Dexterity Potion"}],"is_trial":false,"path_per_floor":["M","?","M","?","M","R","E","?","T","M","?","E","M","?","R","B"],"character_chosen":"IRONCLAD","items_purchased":[],"campfire_rested":0,"item_purchase_floors":[],"current_hp_per_floor":[74,74,77,82,73,73,61,61,61,54,54,38,44,27,27,0],"gold":237,"neow_bonus":"THREE_SMALL_POTIONS","is_prod":false,"is_daily":false,"chose_seed":false,"campfire_upgraded":2,"win_rate":0,"timestamp":1551843780,"path_taken":["M","?","M","?","M","R","E","?","T","?","?","E","?","?","R","BOSS"],"build_version":"2019-01-23","purchased_purges":0,"victory":false,"max_hp_per_floor":[80,80,80,85,85,85,85,85,85,85,85,85,85,85,85,85],"card_choices":[{"not_picked":["Intimidate","Clash"],"picked":"Rampage","floor":1.0},{"not_picked":["Wild Strike","Searing Blow"],"picked":"Feel No Pain","floor":3.0},{"not_picked":["Reckless Charge","Offering"],"picked":"True Grit","floor":5.0},{"not_picked":["Searing Blow","Perfected Strike"],"picked":"Feel No Pain","floor":7.0},{"not_picked":["Entrench","Seeing Red"],"picked":"Anger","floor":10.0},{"not_picked":["Heavy Blade","Perfected Strike","Pommel Strike"],"picked":"SKIP","floor":12.0},{"not_picked":["Inflame","Havoc","Thunderclap"],"picked":"SKIP","floor":13}],"player_experience":1722902,"relics_obtained":[{"floor":7.0,"key":"Omamori"},{"floor":9.0,"key":"Art of War"},{"floor":12.0,"key":"Ginger"}],"event_choices":[{"cards_removed":["Strike_R"],"damage_healed":0.0,"max_hp_gain":0.0,"max_hp_loss":0.0,"gold_gain":0.0,"event_name":"The Cleric","player_choice":"Card Removal","floor":2.0,"gold_loss":50.0,"damage_taken":0.0},{"damage_healed":0.0,"max_hp_gain":5.0,"max_hp_loss":0.0,"gold_gain":0.0,"event_name":"Big Fish","player_choice":"Donut","floor":4.0,"gold_loss":0.0,"damage_taken":0.0},{"cards_removed":["Strike_R"],"damage_healed":0.0,"max_hp_gain":0.0,"max_hp_loss":0.0,"gold_gain":0.0,"event_name":"Living Wall","player_choice":"Forget","floor":8.0,"gold_loss":0.0,"damage_taken":0.0},{"damage_healed":0.0,"max_hp_gain":0.0,"max_hp_loss":0.0,"gold_gain":0.0,"event_name":"WeMeetAgain","player_choice":"Gave Potion","floor":11.0,"gold_loss":0.0,"damage_taken":0.0,"relics_obtained":["Tiny Chest"]},{"damage_healed":0,"gold_gain":0,"player_choice":"Entered Light","damage_taken":17,"max_hp_gain":0,"max_hp_loss":0,"event_name":"Shining Light","floor":14,"gold_loss":0,"cards_upgraded":["Rampage","Defend_R"]}],"is_beta":false,"boss_relics":[],"items_purged_floors":[],"is_endless":false,"potions_floor_spawned":[1,10,12,13],"killed_by":"Hexaghost","ascension_level":10}