{"gold_per_floor":[118,130,130,140,157,157,189,202,202,202,202,202,202,182,182,257,257,257,61,61,61,61,61,61,61,61,61,61,61,21,21,21,21,21,21,21,21],"floor_reached":37,"playtime":2440,"items_purged":["Strike_R"],"score":695,"play_id":"9cc66f82-d7f1-499d-ad10-992bd3b78f87","local_time":"20190219201733","is_ascension_mode":true,"campfire_choices":[{"data":"Bash","floor":6,"key":"SMITH"},{"data":"True Grit","floor":10,"key":"SMITH"},{"data":"Disarm","floor":12,"key":"SMITH"},{"data":"Inflame","floor":15,"key":"SMITH"},{"data":"Pommel Strike","floor":23,"key":"SMITH"},{"data":"Clothesline","floor":25,"key":"SMITH"},{"data":"Feel No Pain","floor":27,"key":"SMITH"},{"data":"Whirlwind","floor":32,"key":"SMITH"}],"neow_cost":"NONE","seed_source_timestamp":0,"circlet_count":0,"master_deck":["AscendersBane","Strike_R","Strike_R","Strike_R","Strike_R+1","Defend_R+1","Defend_R","Defend_R","Defend_R","Bash+1","Iron Wave","Shrug It Off","Inflame+1","Disarm+1","Cleave","True Grit+1","Clothesline+1","Reaper","Pommel Strike+1","Feel No Pain+1","Shrug It Off","Flame Barrier","Burning Pact","Feel No Pain","Disarm","Barricade","Whirlwind+1","Juggernaut","Entrench"],"special_seed":0,"relics":["Burning Blood","Juzu Bracelet","Torii","Ice Cream","Ectoplasm","Dodecahedron","Vajra","StoneCalendar","Runic Pyramid"],"potions_floor_usage":[7,24,24,35,37],"damage_taken":[{"damage":10,"enemies":"Small Slimes","floor":1,"turns":3},{"damage":2,"enemies":"Jaw Worm","floor":2,"turns":3},{"damage":0,"enemies":"Cultist","floor":4,"turns":4},{"damage":0,"enemies":"2 Fungi Beasts","floor":5,"turns":4},{"damage":26,"enemies":"Gremlin Nob","floor":7,"turns":5},{"damage":0,"enemies":"Large Slime","floor":8,"turns":4},{"damage":1,"enemies":"Exordium Thugs","floor":14,"turns":5},{"damage":19,"enemies":"Hexaghost","floor":16,"turns":10},{"damage":4,"enemies":"3 Byrds","floor":18,"turns":6},{"damage":12,"enemies":"Chosen","floor":20,"turns":8},{"damage":0,"enemies":"Snecko","floor":21,"turns":5},{"damage":31,"enemies":"Gremlin Leader","floor":24,"turns":9},{"damage":1,"enemies":"Book of Stabbing","floor":29,"turns":9},{"damage":11,"enemies":"Centurion and Healer","floor":31,"turns":6},{"damage":71,"enemies":"Automaton","floor":33,"turns":13},{"damage":34,"enemies":"3 Shapes","floor":35,"turns":6},{"damage":53,"enemies":"3 Darklings","floor":36,"turns":6},{"damage":56,"enemies":"2 Orb Walkers","floor":37,"turns":4}],"seed_played":"6718339862279518471","potions_obtained":[{"floor":4,"key":"Dexterity Potion"},{"floor":5,"key":"PowerPotion"},{"floor":14,"key":"Dexterity Potion"},{"floor":21,"key":"Strength Potion"},{"floor":29,"key":"Dexterity Potion"},{"floor":31,"key":"Fire Potion"}],"is_trial":false,"path_per_floor":["M","M","?","M","M","R","E","M","T","R","T","R","?","M","R","B",null,"M","$","M","M","?","R","E","R","T","R","?","E","$","M","R","B",null,"M","M","?"],"character_chosen":"IRONCLAD","items_purchased":["Feel No Pain","Shrug It Off","Whirlwind"],"campfire_rested":0,"item_purchase_floors":[19,19,30],"current_hp_per_floor":[71,75,59,65,71,71,51,57,57,57,57,57,62,67,67,54,79,87,87,81,87,87,87,87,87,87,87,87,87,87,87,87,22,71,55,23,0],"gold":21,"neow_bonus":"TEN_PERCENT_HP_BONUS","is_prod":false,"is_daily":false,"chose_seed":false,"campfire_upgraded":8,"win_rate":0,"timestamp":1550629053,"path_taken":["M","M","?","M","M","R","E","M","T","R","?","R","?","M","R","BOSS","M","$","M","M","?","R","E","R","T","R","?","E","$","M","R","BOSS","M","M","?"],"build_version":"2019-01-23","purchased_purges":1,"victory":false,"max_hp_per_floor":[82,82,82,82,82,82,82,82,82,82,82,82,87,87,87,87,87,87,87,87,87,87,87,87,87,87,87,87,87,87,87,87,87,87,87,87,87],"card_choices":[{"not_picked":["Thunderclap","Havoc"],"picked":"Iron Wave","floor":1},{"not_picked":["True Grit","Heavy Blade"],"picked":"Shrug It Off","floor":2},{"not_picked":["Fire Breathing","Rampage"],"picked":"Inflame","floor":4},{"not_picked":["Offering","Clash"],"picked":"Disarm","floor":5},{"not_picked":["Dropkick","Dual Wield"],"picked":"Cleave","floor":7},{"not_picked":["Entrench","Heavy Blade"],"picked":"True Grit","floor":8},{"not_picked":["Combust","Armaments"],"picked":"Clothesline","floor":14},{"not_picked":["Limit Break","Bludgeon"],"picked":"Reaper","floor":16},{"not_picked":["Combust","Cleave"],"picked":"Pommel Strike","floor":18},{"not_picked":["Havoc","Clash"],"picked":"Flame Barrier","floor":20},{"not_picked":["Sword Boomerang","Perfected Strike"],"picked":"Burning Pact","floor":21},{"not_picked":["Wild Strike","Anger+1"],"picked":"Disarm","floor":24},{"not_picked":["Flex","Havoc"],"picked":"Barricade","floor":29},{"not_picked":["Clash","Anger","Combust+1"],"picked":"SKIP","floor":31},{"not_picked":["Fiend Fire","Exhume"],"picked":"Juggernaut","floor":33},{"not_picked":["Iron Wave","Armaments"],"picked":"Entrench","floor":35},{"not_picked":["Entrench","Fire Breathing","Seeing Red"],"picked":"SKIP","floor":36}],"player_experience":511840,"relics_obtained":[{"floor":7,"key":"Juzu Bracelet"},{"floor":9,"key":"Torii"},{"floor":11,"key":"Ice Cream"},{"floor":24,"key":"Dodecahedron"},{"floor":26,"key":"Vajra"},{"floor":29,"key":"StoneCalendar"}],"event_choices":[{"damage_healed":0,"gold_gain":0,"player_choice":"Entered Light","damage_taken":16,"max_hp_gain":0,"max_hp_loss":0,"event_name":"Shining Light","floor":3,"gold_loss":0,"cards_upgraded":["Strike_R","Defend_R"]},{"damage_healed":0,"gold_gain":0,"player_choice":"Donut","damage_taken":0,"max_hp_gain":5,"max_hp_loss":0,"event_name":"Big Fish","floor":13,"gold_loss":0},{"damage_healed":0,"gold_gain":0,"player_choice":"Read","damage_taken":0,"max_hp_gain":0,"max_hp_loss":0,"event_name":"The Library","floor":22,"gold_loss":0,"cards_obtained":["Feel No Pain"]},{"damage_healed":0,"gold_gain":0,"player_choice":"Ignored","damage_taken":0,"max_hp_gain":0,"max_hp_loss":0,"event_name":"Beggar","floor":28,"gold_loss":0},{"damage_healed":0,"gold_gain":0,"player_choice":"Fight","damage_taken":0,"max_hp_gain":0,"max_hp_loss":0,"event_name":"Mysterious Sphere","floor":37,"gold_loss":0}],"is_beta":false,"boss_relics":[{"not_picked":["Astrolabe","Busted Crown"],"picked":"Ectoplasm"},{"not_picked":["Calling Bell","Fusion Hammer"],"picked":"Runic Pyramid"}],"items_purged_floors":[19],"is_endless":false,"potions_floor_spawned":[4,5,14,21,29,31],"killed_by":"2 Orb Walkers","ascension_level":14}