{"path_per_floor":["M","?","$","M","?","R","E","M","T","M","R","M","R","M","R","B",null,"M","?","$","?","T","R","M","?","T","M","M","R","M","E","R","B",null,"M","?","M","$","?","R","?","?","T","R","M","R","M","$","R","B"],"character_chosen":"IRONCLAD","items_purchased":["Dark Shackles","Regen Potion","Orichalcum","Dexterity Potion"],"gold_per_floor":[215,215,140,155,155,155,185,199,199,210,210,225,225,243,243,347,347,358,358,258,258,281,281,293,393,440,455,468,468,482,515,515,614,614,629,629,639,207,207,207,207,207,259,259,275,275,286,85,85,85],"floor_reached":51,"campfire_rested":1,"playtime":4628,"current_hp_per_floor":[79,79,79,77,77,77,48,55,55,58,58,64,64,67,67,17,80,66,66,66,51,51,51,47,47,47,48,56,56,50,30,55,21,85,74,74,73,73,73,73,73,85,85,85,82,82,80,80,80,57],"items_purged":["Strike_R","Strike_R","Strike_R","Writhe"],"gold":85,"play_id":"025aef2f-bfd8-4aed-a4e9-a5985409ad40","is_prod":false,"is_daily":false,"campfire_rituals":0,"campfire_upgraded":10,"is_hardmode":false,"path_taken":["M","?","$","M","?","R","E","M","T","M","R","M","R","?","R","BOSS","M","?","$","?","?","R","M","?","T","M","M","R","M","E","R","BOSS","M","?","M","$","?","R","?","?","T","R","M","R","M","$","R","BOSS"],"build_version":"2018-01-18-PROD4","purchased_purges":4,"victory":true,"master_deck":["Strike_R","Defend_R","Defend_R","Defend_R","Defend_R","Heavy Blade","Clothesline","Shrug It Off","Pommel Strike","Spot Weakness","Sever Soul","Headbutt","Limit Break","Shrug It Off","Uppercut","Pummel","True Grit","Disarm","Flex","Offering","Feel No Pain","Ghostly Armor","Dark Shackles","Dual Wield","Dropkick"],"max_hp_per_floor":[80,80,80,80,80,80,80,80,80,80,80,80,80,80,80,80,80,80,80,80,85,85,85,85,85,85,85,85,85,85,85,85,85,85,85,85,85,85,85,85,85,85,85,85,85,85,85,85,85,85],"relics":["Burning Blood","Blood Vial","Charon\u0027s Ashes","Velvet Choker","Gremlin Horn","Juzu Bracelet","Singing Bowl","Dream Catcher","Black Star","Orichalcum","Lantern"],"campfire_meditates":0,"card_choices":[{"not_picked":["Rage","Blood for Blood"],"picked":"Heavy Blade"},{"not_picked":["Flame Barrier","Ghostly Armor"],"picked":"Clothesline"},{"not_picked":["Perfected Strike","Flex"],"picked":"Shrug It Off"},{"not_picked":["Dark Embrace","Wild Strike"],"picked":"Pommel Strike"},{"not_picked":["Cleave","Combust"],"picked":"Spot Weakness"},{"not_picked":["Intimidate","Bloodletting"],"picked":"Sever Soul"},{"not_picked":["Ghostly Armor","Anger"],"picked":"Headbutt"},{"not_picked":["Exhume","Brutality"],"picked":"Limit Break"},{"not_picked":["Shockwave","Power Through"],"picked":"Shrug It Off"},{"not_picked":["Corruption","Clothesline"],"picked":"Uppercut"},{"not_picked":["Blood for Blood","Clothesline"],"picked":"Pummel"},{"not_picked":["Perfected Strike","Clash"],"picked":"True Grit"},{"not_picked":["Shrug It Off","Dark Embrace"],"picked":"Disarm"},{"not_picked":["Entrench","Fire Breathing"],"picked":"Flex"},{"not_picked":["Exhume","Berserk"],"picked":"Offering"},{"not_picked":["Shockwave","Twin Strike"],"picked":"Feel No Pain"},{"not_picked":["Searing Blow","Warcry"],"picked":"Ghostly Armor"},{"not_picked":["Twin Strike","Seeing Red"],"picked":"Dual Wield"},{"not_picked":["Cleave","Warcry"],"picked":"Dropkick"}],"player_experience":205536,"potions_floor_usage":[50,50,50],"damage_taken":[{"damage":7.0,"enemies":"2 Louse","floor":1.0,"turns":3.0},{"damage":8.0,"enemies":"Blue Slaver","floor":4.0,"turns":7.0},{"damage":35.0,"enemies":"Lagavulin","floor":7.0,"turns":6.0},{"damage":1.0,"enemies":"Jaw Worm","floor":8.0,"turns":4.0},{"damage":5.0,"enemies":"2 Fungi Beasts","floor":10.0,"turns":4.0},{"damage":2.0,"enemies":"Large Slime","floor":12.0,"turns":5.0},{"damage":5.0,"enemies":"Red Slaver","floor":14.0,"turns":6.0},{"damage":58.0,"enemies":"Hexaghost","floor":16.0,"turns":10.0},{"damage":20.0,"enemies":"3 Byrds","floor":18.0,"turns":6.0},{"damage":12.0,"enemies":"2 Thieves","floor":24.0,"turns":3.0},{"damage":7.0,"enemies":"3 Cultists","floor":27.0,"turns":5.0},{"damage":0.0,"enemies":"Centurion and Healer","floor":28.0,"turns":5.0},{"damage":14.0,"enemies":"Snake Plant","floor":30.0,"turns":4.0},{"damage":28.0,"enemies":"Slavers","floor":31.0,"turns":5.0},{"damage":42.0,"enemies":"Collector","floor":33.0,"turns":9.0},{"damage":17,"enemies":"3 Darklings","floor":35,"turns":5},{"damage":9,"enemies":"Orb Walker","floor":37,"turns":3},{"damage":9,"enemies":"Sphere and 2 Shapes","floor":45,"turns":7},{"damage":10,"enemies":"Maw","floor":47,"turns":9},{"damage":31,"enemies":"Time Eater","floor":50,"turns":10}],"event_choices":[{"event_name":"Purifier","player_choice":"One Purge","floor":2.0,"damage_taken":0.0},{"event_name":"Liars Game","player_choice":"disagreed","floor":5.0,"damage_taken":0.0},{"event_name":"The Mausoleum","player_choice":"Yes","floor":19.0,"damage_taken":0.0},{"event_name":"Forgotten Altar","player_choice":"Shed Blood","floor":21.0,"damage_taken":0.0},{"event_name":"Golden Shrine","player_choice":"Pray","floor":25.0,"damage_taken":0.0},{"event_name":"Fountain of Cleansing","player_choice":"Removed Curse","floor":36,"damage_taken":0},{"event_name":"Mysterious Sphere","player_choice":"Ignore","floor":41,"damage_taken":0},{"event_name":"Winding Halls","player_choice":"Writhe","floor":42,"damage_taken":0}],"boss_relics":[{"not_picked":["Pandora\u0027s Box","Snecko Eye"],"picked":"Black Star"}],"potions_floor_spawned":[1,4,7,16,18,24,31,33,35,45],"seed_played":"-5986572735822533711","is_trial":false}