{"gold_per_floor":[114,131,131,141,41,41,72,88,114,132,307,307,307],"floor_reached":13,"playtime":255,"items_purged":[],"score":85,"play_id":"45c8a703-4075-4853-b0a5-70c34b43d483","local_time":"20190301172841","is_ascension_mode":false,"campfire_choices":[{"data":"Bash","floor":6,"key":"SMITH"},{"data":"Pommel Strike","floor":12,"key":"SMITH"}],"neow_cost":"NONE","seed_source_timestamp":1275244663323266,"circlet_count":0,"master_deck":["Strike_R","Strike_R","Strike_R","Strike_R","Strike_R","Defend_R","Defend_R","Defend_R","Defend_R","Bash+1","Armaments","Wild Strike","Dark Embrace","Sword Boomerang","Inflame","True Grit","Exhume","Pommel Strike+1"],"relics":["Burning Blood","Omamori","Blood Vial"],"potions_floor_usage":[],"damage_taken":[{"damage":8,"enemies":"Small Slimes","floor":1,"turns":3},{"damage":6,"enemies":"Cultist","floor":2,"turns":3},{"damage":5,"enemies":"2 Louse","floor":4,"turns":2},{"damage":55,"enemies":"3 Sentries","floor":7,"turns":8},{"damage":19,"enemies":"Blue Slaver","floor":8,"turns":4},{"damage":7,"enemies":"Exordium Wildlife","floor":10,"turns":4},{"damage":30,"enemies":"3 Louse","floor":13,"turns":2}],"seed_played":"3725826738273067783","potions_obtained":[{"floor":7,"key":"GamblersBrew"},{"floor":8,"key":"SmokeBomb"},{"floor":10,"key":"Energy Potion"}],"is_trial":false,"path_per_floor":["M","M","?","M","$","R","E","M","T","M","?","R","M"],"character_chosen":"IRONCLAD","items_purchased":["Inflame","True Grit"],"campfire_rested":0,"item_purchase_floors":[5,5],"current_hp_per_floor":[86,86,86,87,87,87,38,25,25,26,26,26,0],"gold":307,"neow_bonus":"TEN_PERCENT_HP_BONUS","is_prod":false,"is_daily":false,"chose_seed":false,"campfire_upgraded":2,"win_rate":0,"timestamp":1551482921,"path_taken":["M","M","?","M","?","R","E","M","T","M","?","R","M"],"build_version":"2019-01-23","purchased_purges":0,"victory":false,"max_hp_per_floor":[88,88,88,88,88,88,88,88,88,88,88,88,88],"card_choices":[{"not_picked":["Thunderclap","Wild Strike"],"picked":"Armaments","floor":1},{"not_picked":["Sentinel","Burning Pact"],"picked":"Wild Strike","floor":2},{"not_picked":["Bloodletting","Clash"],"picked":"Sword Boomerang","floor":4},{"not_picked":["Rage","Twin Strike"],"picked":"Exhume","floor":7},{"not_picked":["Searing Blow","Second Wind"],"picked":"Pommel Strike","floor":8},{"not_picked":["Rage","Sword Boomerang","Thunderclap"],"picked":"SKIP","floor":10}],"player_experience":548484,"relics_obtained":[{"floor":7,"key":"Omamori"},{"floor":9,"key":"Blood Vial"}],"event_choices":[{"damage_healed":0,"gold_gain":0,"player_choice":"1 cards matched","damage_taken":0,"max_hp_gain":0,"max_hp_loss":0,"event_name":"Match and Keep!","floor":3,"gold_loss":0,"cards_obtained":["Dark Embrace"]},{"damage_healed":0,"gold_gain":175,"player_choice":"AGREE","damage_taken":0,"max_hp_gain":0,"max_hp_loss":0,"event_name":"Liars Game","floor":11,"gold_loss":0,"cards_obtained":["Doubt"]}],"is_beta":false,"boss_relics":[],"items_purged_floors":[],"is_endless":false,"potions_floor_spawned":[7,8,10],"killed_by":"3 Louse","ascension_level":0}