{"gold_per_floor":[117,147,161,161,172,172,203,203,229,246,246,266,301,316,316,420,420,438,454],"floor_reached":19,"playtime":1328,"items_purged":[],"score":190,"play_id":"24f2ccf8-515b-4711-a2bb-0a442a8010f4","local_time":"20190303044856","is_ascension_mode":true,"campfire_choices":[{"data":"Fusion","floor":6,"key":"SMITH"},{"data":"Zap","floor":8,"key":"SMITH"},{"data":"Streamline","floor":11,"key":"SMITH"},{"data":"Go for the Eyes","floor":15,"key":"SMITH"}],"neow_cost":"NONE","seed_source_timestamp":39575254090081,"circlet_count":0,"master_deck":["Strike_B","Strike_B","Strike_B","Strike_B","Defend_B","Defend_B+1","Defend_B","Defend_B","Zap+1","Dualcast+1","Fusion+1","FTL","Streamline+1","Ball Lightning","Conserve Battery","Go for the Eyes+1","Steam","Auto Shields","Core Surge","Reinforced Body","Aggregate"],"relics":["Cracked Core","Tiny Chest","Pen Nib","War Paint","Symbiotic Virus","Inserter"],"potions_floor_usage":[],"damage_taken":[{"damage":0,"enemies":"2 Louse","floor":1,"turns":3},{"damage":5,"enemies":"Small Slimes","floor":3,"turns":4},{"damage":1,"enemies":"Cultist","floor":5,"turns":3},{"damage":16,"enemies":"Lagavulin","floor":7,"turns":7},{"damage":6,"enemies":"3 Louse","floor":10,"turns":3},{"damage":8,"enemies":"Red Slaver","floor":12,"turns":3},{"damage":6,"enemies":"Gremlin Nob","floor":13,"turns":3},{"damage":0,"enemies":"Blue Slaver","floor":14,"turns":2},{"damage":3,"enemies":"Hexaghost","floor":16,"turns":9},{"damage":7,"enemies":"Spheric Guardian","floor":18,"turns":4},{"damage":12,"enemies":"Shell Parasite","floor":19,"turns":5}],"seed_played":"-3706844440102230360","potions_obtained":[{"floor":1,"key":"EssenceOfSteel"},{"floor":5,"key":"SteroidPotion"},{"floor":10,"key":"Swift Potion"}],"is_trial":false,"path_per_floor":["M","?","M","?","M","R","E","R","T","M","R","M","E","M","R","B",null,"M","M"],"character_chosen":"DEFECT","items_purchased":[],"campfire_rested":0,"item_purchase_floors":[],"current_hp_per_floor":[82,79,74,79,78,78,62,62,62,56,56,48,42,42,42,39,87,80,68],"gold":454,"neow_bonus":"TEN_PERCENT_HP_BONUS","is_prod":false,"is_daily":false,"chose_seed":false,"campfire_upgraded":4,"win_rate":0,"timestamp":1551581336,"path_taken":["M","?","M","?","M","R","E","R","T","M","R","M","E","M","R","BOSS","M","M"],"build_version":"2019-01-23","purchased_purges":0,"victory":false,"max_hp_per_floor":[82,82,82,87,87,87,87,87,87,87,87,87,87,87,87,87,87,87,87],"card_choices":[{"not_picked":["Aggregate","Recycle"],"picked":"Fusion","floor":1},{"not_picked":["Storm","Stack"],"picked":"FTL","floor":3},{"not_picked":["Conserve Battery","Sweeping Beam"],"picked":"Streamline","floor":5},{"not_picked":["Coolheaded","Steam"],"picked":"Ball Lightning","floor":7},{"not_picked":["Coolheaded","FTL"],"picked":"Conserve Battery","floor":10},{"not_picked":["Chill","Compile Driver"],"picked":"Go for the Eyes","floor":12},{"not_picked":["Streamline","Turbo"],"picked":"Steam","floor":13},{"not_picked":["Beam Cell","Meteor Strike"],"picked":"Auto Shields","floor":14},{"not_picked":["Fission","Thunder Strike"],"picked":"Core Surge","floor":16},{"not_picked":["Turbo+1","Ball Lightning"],"picked":"Reinforced Body","floor":18},{"not_picked":["Compile Driver","Amplify"],"picked":"Aggregate","floor":19}],"player_experience":596829,"relics_obtained":[{"floor":7,"key":"Pen Nib"},{"floor":9,"key":"War Paint"},{"floor":13,"key":"Symbiotic Virus"}],"event_choices":[{"damage_healed":0,"gold_gain":0,"player_choice":"Success","damage_taken":3,"relics_obtained":["Tiny Chest"],"max_hp_gain":0,"max_hp_loss":0,"event_name":"Scrap Ooze","floor":2,"gold_loss":0},{"damage_healed":0,"gold_gain":0,"player_choice":"Donut","damage_taken":0,"max_hp_gain":5,"max_hp_loss":0,"event_name":"Big Fish","floor":4,"gold_loss":0}],"is_beta":false,"boss_relics":[{"not_picked":["Runic Dome","Philosopher\u0027s Stone"],"picked":"Inserter"}],"items_purged_floors":[],"is_endless":false,"potions_floor_spawned":[1,5,10,16],"killed_by":"Shell Parasite","ascension_level":1}