{"gold_per_floor":[119,69,69,83,100,100,126,126,180,180,209,209,226,261,261,261],"floor_reached":16,"playtime":735,"items_purged":[],"score":184,"play_id":"df2842f4-77e9-43fe-9a2e-3d087c760860","local_time":"20190218194203","is_ascension_mode":true,"campfire_choices":[{"data":"Uppercut","floor":6,"key":"SMITH"},{"data":"Bash","floor":8,"key":"SMITH"},{"data":"Blind","floor":10,"key":"SMITH"},{"data":"Cleave","floor":12,"key":"SMITH"},{"data":"Wild Strike","floor":15,"key":"SMITH"}],"neow_cost":"NONE","seed_source_timestamp":332359977763277,"circlet_count":0,"master_deck":["AscendersBane","Strike_R","Strike_R","Strike_R","Defend_R","Defend_R","Defend_R","Defend_R","Bash+1","Blind+1","Cleave+1","Wild Strike+1","Uppercut+1","Pummel","Headbutt","Shrug It Off"],"relics":["Burning Blood","Orichalcum","Potion Belt","Odd Mushroom","Happy Flower"],"potions_floor_usage":[7,14,15,16],"damage_taken":[{"damage":1,"enemies":"Jaw Worm","floor":1,"turns":5},{"damage":0,"enemies":"2 Louse","floor":4,"turns":3},{"damage":0,"enemies":"Small Slimes","floor":5,"turns":3},{"damage":25,"enemies":"Lagavulin","floor":7,"turns":9},{"damage":10,"enemies":"The Mushroom Lair","floor":11,"turns":4},{"damage":7,"enemies":"Looter","floor":13,"turns":3},{"damage":9,"enemies":"3 Sentries","floor":14,"turns":5},{"damage":60,"enemies":"Slime Boss","floor":16,"turns":11}],"seed_played":"3455784363413536816","potions_obtained":[{"floor":1,"key":"Block Potion"},{"floor":7,"key":"Dexterity Potion"},{"floor":11,"key":"AttackPotion"},{"floor":14,"key":"Fruit Juice"}],"is_trial":false,"path_per_floor":["M","?","?","M","M","R","E","R","T","R","?","R","M","E","R","B"],"character_chosen":"IRONCLAD","items_purchased":[],"campfire_rested":0,"item_purchase_floors":[],"current_hp_per_floor":[73,73,73,75,75,75,56,56,56,56,52,52,51,48,53,0],"gold":261,"neow_bonus":"RANDOM_COLORLESS","is_prod":false,"is_daily":false,"chose_seed":false,"campfire_upgraded":5,"win_rate":0,"timestamp":1550540523,"path_taken":["M","?","?","M","M","R","E","R","T","R","?","R","M","E","R","BOSS"],"build_version":"2019-01-23","purchased_purges":0,"victory":false,"max_hp_per_floor":[75,75,75,75,75,75,75,75,75,75,75,75,75,75,80,80],"card_choices":[{"not_picked":["Thunderclap","Dual Wield"],"picked":"Cleave","floor":1},{"not_picked":["Warcry","Body Slam","Heavy Blade"],"picked":"SKIP","floor":4},{"not_picked":["Thunderclap","Combust"],"picked":"Uppercut","floor":5},{"not_picked":["Dual Wield","Perfected Strike"],"picked":"Pummel","floor":7},{"not_picked":["Flex","Seeing Red"],"picked":"Headbutt","floor":13},{"not_picked":["Havoc","Anger"],"picked":"Shrug It Off","floor":14}],"player_experience":507419,"relics_obtained":[{"floor":7,"key":"Orichalcum"},{"floor":9,"key":"Potion Belt"},{"floor":11,"key":"Odd Mushroom"},{"floor":14,"key":"Happy Flower"}],"event_choices":[{"cards_removed":["Strike_R"],"damage_healed":0,"gold_gain":0,"player_choice":"Card Removal","damage_taken":0,"max_hp_gain":0,"max_hp_loss":0,"event_name":"The Cleric","floor":2,"gold_loss":50},{"damage_healed":0,"gold_gain":0,"cards_transformed":["Strike_R"],"player_choice":"Change","damage_taken":0,"max_hp_gain":0,"max_hp_loss":0,"event_name":"Living Wall","floor":3,"gold_loss":0,"cards_obtained":["Wild Strike"]},{"damage_healed":0,"gold_gain":0,"player_choice":"Fought Mushrooms","damage_taken":0,"max_hp_gain":0,"max_hp_loss":0,"event_name":"Mushrooms","floor":11,"gold_loss":0}],"is_beta":false,"boss_relics":[],"items_purged_floors":[],"is_endless":false,"potions_floor_spawned":[1,7,11,14],"killed_by":"Slime Boss","ascension_level":14}