{"gold_per_floor":[111,125,140,140,315,315,343,362,362,381,381,398,415,444,444,544,544,554,173,190,190,12,39,39],"floor_reached":24,"playtime":2374,"items_purged":["Doubt","Strike_B"],"score":251,"play_id":"cdd59936-de02-4664-a976-1f760c034645","local_time":"20190205223953","is_ascension_mode":true,"campfire_choices":[{"data":"Hologram","floor":6,"key":"SMITH"},{"floor":11,"key":"REST"},{"floor":15,"key":"REST"}],"neow_cost":"PERCENT_DAMAGE","seed_source_timestamp":180197005790385,"circlet_count":0,"master_deck":["Strike_B","Strike_B","Defend_B","Defend_B","Defend_B","Defend_B","Zap","Dualcast","Doom and Gloom","Sunder","Go for the Eyes","Stack","Auto Shields","Hologram+1","Coolheaded","Gash+1","Leap","Beam Cell+1","Self Repair","Turbo","Reboot","Genetic Algorithm","Capacitor","BootSequence","Thunder Strike","Redo+1","Redo","Loop","Jack Of All Trades","Conserve Battery","Leap","Chaos","Cold Snap"],"relics":["Cracked Core","Prayer Wheel","DataDisk","Ancient Tea Set","Gremlin Horn","Eternal Feather","Happy Flower","GremlinMask","Whetstone"],"potions_floor_usage":[10,14,14,23,23],"damage_taken":[{"damage":2,"enemies":"2 Louse","floor":1,"turns":3},{"damage":4,"enemies":"Small Slimes","floor":2,"turns":3},{"damage":1,"enemies":"Cultist","floor":3,"turns":3},{"damage":18,"enemies":"Lagavulin","floor":7,"turns":10},{"damage":3,"enemies":"3 Louse","floor":8,"turns":3},{"damage":15,"enemies":"Lots of Slimes","floor":10,"turns":4},{"damage":4,"enemies":"Looter","floor":12,"turns":2},{"damage":1,"enemies":"Blue Slaver","floor":13,"turns":5},{"damage":19,"enemies":"Gremlin Nob","floor":14,"turns":4},{"damage":29,"enemies":"The Guardian","floor":16,"turns":13},{"damage":46,"enemies":"3 Byrds","floor":18,"turns":5},{"damage":28,"enemies":"Shell Parasite","floor":20,"turns":8},{"damage":14,"enemies":"Book of Stabbing","floor":23,"turns":7},{"damage":15,"enemies":"3 Cultists","floor":24,"turns":4}],"seed_played":"7464655907706098117","potions_obtained":[{"floor":1,"key":"Fire Potion"},{"floor":7,"key":"Fire Potion"},{"floor":12,"key":"Fire Potion"},{"floor":16,"key":"Poison Potion"},{"floor":20,"key":"Poison Potion"}],"is_trial":false,"path_per_floor":["M","M","M","?","?","R","E","M","T","M","R","M","M","E","R","B",null,"M","$","M","?","$","E","M"],"character_chosen":"DEFECT","items_purchased":["Loop","Happy Flower","Jack Of All Trades","Chaos"],"campfire_rested":2,"item_purchase_floors":[19,19,19,22],"current_hp_per_floor":[52,48,47,40,40,40,22,19,19,4,26,22,28,16,38,16,75,36,36,15,15,15,8,0],"gold":39,"neow_bonus":"ONE_RARE_RELIC","is_prod":false,"is_daily":false,"chose_seed":false,"campfire_upgraded":1,"win_rate":0,"timestamp":1549402793,"path_taken":["M","M","M","?","?","R","E","M","T","M","R","M","M","E","R","BOSS","M","$","M","?","$","E","M"],"build_version":"2019-01-23","purchased_purges":2,"victory":false,"max_hp_per_floor":[75,75,75,75,75,75,75,75,75,75,75,75,75,75,75,75,75,75,75,75,75,75,75,75],"card_choices":[{"not_picked":["Double Energy","Turbo"],"picked":"Doom and Gloom","floor":1},{"not_picked":["Streamline","Sweeping Beam"],"picked":"Sunder","floor":1},{"not_picked":["Stack","Heatsinks"],"picked":"Go for the Eyes","floor":2},{"not_picked":["Sweeping Beam","Force Field"],"picked":"Stack","floor":2},{"not_picked":["Force Field","FTL"],"picked":"Auto Shields","floor":3},{"not_picked":["Compile Driver","Stack"],"picked":"Hologram","floor":3},{"not_picked":["Ball Lightning","Static Discharge"],"picked":"Coolheaded","floor":7},{"not_picked":["White Noise","Rebound"],"picked":"Gash","floor":8},{"not_picked":["Steam","Sunder"],"picked":"Leap","floor":8},{"not_picked":["Rebound","Coolheaded"],"picked":"Beam Cell","floor":10},{"not_picked":["Leap","Doom and Gloom"],"picked":"Self Repair","floor":10},{"not_picked":["Hologram","Skim"],"picked":"Turbo","floor":12},{"not_picked":["Redo","Hologram"],"picked":"Reboot","floor":12},{"not_picked":["Barrage","Capacitor"],"picked":"Genetic Algorithm","floor":13},{"not_picked":["Sweeping Beam","Lockon"],"picked":"Capacitor","floor":13},{"not_picked":["Gash","Barrage"],"picked":"BootSequence","floor":14},{"not_picked":["Creative AI","Amplify"],"picked":"Thunder Strike","floor":16},{"not_picked":["Compile Driver","Undo"],"picked":"Redo+1","floor":18},{"not_picked":["Go for the Eyes","Doom and Gloom"],"picked":"Redo","floor":18},{"not_picked":["Capacitor","Turbo+1"],"picked":"Conserve Battery","floor":20},{"not_picked":["Doom and Gloom","Redo"],"picked":"Leap","floor":20},{"not_picked":["Static Discharge","Compile Driver"],"picked":"Cold Snap","floor":23}],"player_experience":222667,"relics_obtained":[{"floor":7,"key":"DataDisk"},{"floor":9,"key":"Ancient Tea Set"},{"floor":14,"key":"Gremlin Horn"},{"floor":23,"key":"Whetstone"}],"event_choices":[{"cards_removed":["Strike_B"],"damage_healed":0,"gold_gain":0,"player_choice":"Card Removal","damage_taken":7,"max_hp_gain":0,"max_hp_loss":0,"event_name":"Golden Wing","floor":4,"gold_loss":0},{"damage_healed":0,"gold_gain":175,"player_choice":"AGREE","damage_taken":0,"max_hp_gain":0,"max_hp_loss":0,"event_name":"Liars Game","floor":5,"gold_loss":0,"cards_obtained":["Doubt"]},{"damage_healed":0,"gold_gain":0,"player_choice":"Trade","damage_taken":0,"relics_obtained":["GremlinMask"],"max_hp_gain":0,"max_hp_loss":0,"event_name":"FaceTrader","floor":21,"gold_loss":0}],"is_beta":false,"boss_relics":[{"not_picked":["Coffee Dripper","Ectoplasm"],"picked":"Eternal Feather"}],"items_purged_floors":[19,22],"is_endless":false,"potions_floor_spawned":[1,7,12,16,20],"killed_by":"3 Cultists","ascension_level":2}