{"gold_per_floor":[114,33,33,52,52,52,83,96,122,122,222,236,236,254,254,332,332,343,354,186,186,34,34],"floor_reached":23,"playtime":964,"items_purged":[],"score":340,"play_id":"a3e58bbe-4081-4320-9345-941855df02d2","local_time":"20190309090236","is_ascension_mode":true,"campfire_choices":[{"data":"Uppercut","floor":6,"key":"SMITH"},{"data":"True Grit","floor":10,"key":"SMITH"},{"data":"Battle Trance","floor":13,"key":"SMITH"},{"data":"Strike_R","floor":15,"key":"SMITH"}],"neow_cost":"NONE","seed_source_timestamp":150053344394902,"circlet_count":0,"master_deck":["AscendersBane","Strike_R+1","Strike_R+1","Strike_R+1","Strike_R+1","Strike_R","Defend_R","Defend_R","Defend_R","Defend_R","Bash+1","Uppercut+1","Clothesline+1","Battle Trance+1","True Grit+1","Reaper","Battle Trance","Impervious"],"relics":["Black Blood","Lantern","Letter Opener","Whetstone","PreservedInsect"],"potions_floor_usage":[14,16,18,19],"damage_taken":[{"damage":1,"enemies":"2 Louse","floor":1,"turns":2},{"damage":3,"enemies":"Jaw Worm","floor":4,"turns":5},{"damage":47,"enemies":"3 Sentries","floor":7,"turns":9},{"damage":0,"enemies":"Cultist","floor":8,"turns":2},{"damage":1,"enemies":"3 Louse","floor":12,"turns":4},{"damage":8,"enemies":"Large Slime","floor":14,"turns":4},{"damage":18,"enemies":"The Guardian","floor":16,"turns":14},{"damage":41,"enemies":"3 Byrds","floor":18,"turns":8},{"damage":4,"enemies":"Chosen","floor":19,"turns":5},{"damage":66,"enemies":"Slavers","floor":23,"turns":7}],"seed_played":"5851047634098181543","potions_obtained":[{"floor":4,"key":"FairyPotion"},{"floor":7,"key":"Dexterity Potion"},{"floor":12,"key":"SkillPotion"},{"floor":16,"key":"BloodPotion"},{"floor":18,"key":"Explosive Potion"}],"is_trial":false,"path_per_floor":["M","$","?","M","?","R","E","M","T","R","?","M","R","M","R","B",null,"M","M","$","?","$","E"],"character_chosen":"IRONCLAD","items_purchased":["Uppercut","PreservedInsect","Impervious"],"campfire_rested":0,"item_purchase_floors":[2,20,22],"current_hp_per_floor":[73,73,62,65,42,42,13,19,19,19,19,24,24,22,22,10,59,45,57,57,57,57,5],"gold":34,"neow_bonus":"UPGRADE_CARD","is_prod":false,"is_daily":false,"chose_seed":false,"campfire_upgraded":4,"win_rate":0,"timestamp":1552143756,"path_taken":["M","$","?","M","?","R","E","M","T","R","?","?","R","M","R","BOSS","M","M","$","?","$","E"],"build_version":"2019-01-23","purchased_purges":0,"victory":false,"max_hp_per_floor":[75,75,75,75,75,75,75,75,75,75,75,75,75,75,75,75,75,75,75,75,75,75,75],"card_choices":[{"not_picked":["Headbutt","Flex","Dual Wield"],"picked":"SKIP","floor":1},{"not_picked":["Sever Soul","Body Slam"],"picked":"Clothesline","floor":4},{"not_picked":["Twin Strike","Heavy Blade"],"picked":"Battle Trance","floor":7},{"not_picked":["Berserk","Evolve"],"picked":"True Grit","floor":8},{"not_picked":["Intimidate","Clash","Power Through"],"picked":"SKIP","floor":12},{"not_picked":["Twin Strike","Anger","Rage"],"picked":"SKIP","floor":14},{"not_picked":["Impervious","Bludgeon"],"picked":"Reaper","floor":16},{"not_picked":["Headbutt","Sword Boomerang"],"picked":"Battle Trance","floor":18},{"not_picked":["Wild Strike","Iron Wave","Flex"],"picked":"SKIP","floor":19}],"player_experience":331882,"relics_obtained":[{"floor":7,"key":"Letter Opener"},{"floor":9,"key":"Whetstone"}],"event_choices":[{"damage_healed":0,"gold_gain":0,"player_choice":"Success","damage_taken":11,"relics_obtained":["Lantern"],"max_hp_gain":0,"max_hp_loss":0,"event_name":"Scrap Ooze","floor":3,"gold_loss":0},{"damage_healed":0,"gold_gain":0,"player_choice":"Entered Light","damage_taken":23,"max_hp_gain":0,"max_hp_loss":0,"event_name":"Shining Light","floor":5,"gold_loss":0,"cards_upgraded":["Strike_R","Strike_R"]},{"damage_healed":0,"gold_gain":100,"player_choice":"Gold","damage_taken":0,"max_hp_gain":0,"max_hp_loss":0,"event_name":"Wheel of Change","floor":11,"gold_loss":0},{"damage_healed":0,"gold_gain":0,"player_choice":"Ignored","damage_taken":0,"max_hp_gain":0,"max_hp_loss":0,"event_name":"Beggar","floor":21,"gold_loss":0}],"is_beta":false,"boss_relics":[{"not_picked":["Runic Pyramid","Fusion Hammer"],"picked":"Black Blood"}],"items_purged_floors":[],"is_endless":false,"potions_floor_spawned":[4,7,12,16,18],"killed_by":"Slavers","ascension_level":16}