{"gold_per_floor":[117,72,147,167,167,167,197,197,224,234,244,264,264,274,274,371,371,387,102,113,127,37,37,51,68,68,68,78,91,107,107,107,107],"floor_reached":33,"playtime":2805,"items_purged":["Strike_R","Strike_R"],"score":253,"play_id":"0b4dbdfe-f4dd-4ac2-9858-afeff87c5e13","local_time":"20190220204023","is_ascension_mode":false,"campfire_choices":[{"data":"Rampage","floor":6,"key":"SMITH"},{"data":"Reckless Charge","floor":8,"key":"SMITH"},{"data":"Pommel Strike","floor":13,"key":"SMITH"},{"data":"Evolve","floor":15,"key":"SMITH"},{"data":"Power Through","floor":23,"key":"SMITH"},{"data":"Immolate","floor":27,"key":"SMITH"},{"floor":32,"key":"REST"}],"neow_cost":"NONE","seed_source_timestamp":21602904765193,"circlet_count":0,"master_deck":["Strike_R","Strike_R","Strike_R","Defend_R","Defend_R","Defend_R","Defend_R","Bash+1","Rampage+1","Shrug It Off","Thunderclap","Reckless Charge+1","Pommel Strike+1","Evolve+1","Immolate+1","Warcry","Metallicize","Power Through+1","Headbutt","Clothesline+1","Reaper"],"relics":["Burning Blood","Bottled Flame","Boot","Cursed Key","Membership Card"],"potions_floor_usage":[16,20,24,33],"damage_taken":[{"damage":0,"enemies":"Small Slimes","floor":1,"turns":4},{"damage":0,"enemies":"Jaw Worm","floor":4,"turns":3},{"damage":31,"enemies":"3 Sentries","floor":7,"turns":7},{"damage":1,"enemies":"Cultist","floor":10,"turns":3},{"damage":15,"enemies":"Gremlin Gang","floor":11,"turns":6},{"damage":3,"enemies":"Red Slaver","floor":12,"turns":3},{"damage":1,"enemies":"3 Louse","floor":14,"turns":4},{"damage":44,"enemies":"The Guardian","floor":16,"turns":11},{"damage":20,"enemies":"2 Thieves","floor":18,"turns":3},{"damage":10,"enemies":"Shell Parasite","floor":20,"turns":5},{"damage":15,"enemies":"Centurion and Healer","floor":21,"turns":6},{"damage":14,"enemies":"3 Cultists","floor":24,"turns":5},{"damage":18,"enemies":"Snake Plant","floor":25,"turns":4},{"damage":9,"enemies":"Centurion and Healer","floor":28,"turns":7},{"damage":0,"enemies":"Snecko","floor":29,"turns":6},{"damage":0,"enemies":"3 Cultists","floor":30,"turns":2},{"damage":91,"enemies":"Champ","floor":33,"turns":13}],"seed_played":"-4573985415013371738","potions_obtained":[{"floor":10,"key":"Energy Potion"},{"floor":11,"key":"EssenceOfSteel"},{"floor":16,"key":"Fire Potion"},{"floor":20,"key":"Block Potion"},{"floor":21,"key":"GamblersBrew"},{"floor":24,"key":"Dexterity Potion"}],"is_trial":false,"path_per_floor":["M","$","?","M","?","R","E","R","T","M","M","M","R","M","R","B",null,"M","$","M","M","$","R","M","M","T","R","M","M","M","T","R","B"],"character_chosen":"IRONCLAD","items_purchased":["Shrug It Off","Membership Card","Warcry","Metallicize","Power Through"],"campfire_rested":1,"item_purchase_floors":[2,19,19,19,22],"current_hp_per_floor":[80,80,69,75,75,75,50,50,50,55,46,49,49,54,54,16,80,66,66,62,53,53,53,45,33,33,33,30,41,47,47,71,0],"gold":107,"neow_bonus":"UPGRADE_CARD","is_prod":false,"is_daily":false,"chose_seed":false,"campfire_upgraded":6,"win_rate":0,"timestamp":1550688023,"path_taken":["M","$","?","M","?","R","E","R","T","M","M","?","R","M","R","BOSS","M","$","M","M","$","R","M","M","T","R","M","M","?","?","R","BOSS"],"build_version":"2019-01-23","purchased_purges":2,"victory":false,"max_hp_per_floor":[80,80,80,80,80,80,80,80,80,80,80,80,80,80,80,80,80,80,80,80,80,80,80,80,80,80,80,80,80,80,80,80,80],"card_choices":[{"not_picked":["Warcry","Anger"],"picked":"Rampage","floor":1},{"not_picked":["Warcry","Armaments"],"picked":"Thunderclap","floor":4},{"not_picked":["Evolve","Anger"],"picked":"Reckless Charge","floor":7},{"not_picked":["Rage","Pummel","Heavy Blade"],"picked":"SKIP","floor":10},{"not_picked":["Rage","Pummel","Heavy Blade"],"picked":"SKIP","floor":10},{"not_picked":["Havoc","Flex"],"picked":"Pommel Strike","floor":11},{"not_picked":["Juggernaut","Warcry"],"picked":"Evolve","floor":12},{"not_picked":["Heavy Blade","Reckless Charge","Clash"],"picked":"SKIP","floor":14},{"not_picked":["Double Tap","Reaper"],"picked":"Immolate","floor":16},{"not_picked":["Infernal Blade+1","Sentinel","Fire Breathing"],"picked":"SKIP","floor":18},{"not_picked":["Feel No Pain","Searing Blow","Warcry"],"picked":"SKIP","floor":20},{"not_picked":["Warcry","Sever Soul","Havoc+1"],"picked":"SKIP","floor":21},{"not_picked":["Evolve","Warcry"],"picked":"Headbutt","floor":24},{"not_picked":["Wild Strike","Iron Wave"],"picked":"Clothesline+1","floor":25},{"not_picked":["Flex","Armaments"],"picked":"Reaper","floor":28},{"not_picked":["Iron Wave","Flex+1","Twin Strike"],"picked":"SKIP","floor":29},{"not_picked":["Wild Strike","Rampage","Whirlwind+1"],"picked":"SKIP","floor":30}],"player_experience":459530,"relics_obtained":[{"floor":7,"key":"Bottled Flame"},{"floor":9,"key":"Boot"}],"event_choices":[{"damage_healed":0,"gold_gain":75,"player_choice":"Gather Gold","damage_taken":11,"max_hp_gain":0,"max_hp_loss":0,"event_name":"World of Goop","floor":3,"gold_loss":0},{"damage_healed":0,"gold_gain":0,"player_choice":"Ignored","damage_taken":0,"max_hp_gain":0,"max_hp_loss":0,"event_name":"NoteForYourself","floor":5,"gold_loss":0}],"is_beta":false,"boss_relics":[{"not_picked":["Mark of Pain","Ectoplasm"],"picked":"Cursed Key"}],"items_purged_floors":[19,22],"is_endless":false,"potions_floor_spawned":[10,11,16,20,21,24,30],"killed_by":"Champ","ascension_level":0}