{"gold_per_floor":[214,226,36,46,60,85,102,133,157,8,8,19,19,50,50,145,145,163,163,163,65,84,110,110,110,110,127,139,165,21,21,21,125,125,141,141,141,141,241,273,292,292,292,292,48,48,48,68,68,68],"floor_reached":51,"playtime":2546,"items_purged":["Strike_B","Writhe"],"score":901,"play_id":"e78bfae8-961c-49f2-a040-df31002a788e","local_time":"20190222204934","is_ascension_mode":true,"campfire_choices":[{"floor":11,"key":"REST"},{"data":"Apotheosis","floor":15,"key":"SMITH"},{"data":"Reboot","floor":25,"key":"SMITH"},{"data":"Steam","floor":32,"key":"SMITH"},{"floor":44,"key":"REST"},{"floor":49,"key":"REST"}],"neow_cost":"NONE","seed_source_timestamp":168106805865558,"circlet_count":0,"master_deck":["Strike_B","Strike_B+1","Defend_B","Defend_B","Defend_B","Defend_B","Zap","Dualcast","Lockon","Sunder","Apotheosis+1","Turbo","Skim","All For One+1","Hologram","Chill","Auto Shields","Turbo","All For One","Go for the Eyes","Steam+1","Reboot+1","All For One","Normality"],"relics":["Cracked Core","Vajra","Bronze Scales","Bag of Marbles","Oddly Smooth Stone","Sozu","Nloth\u0027s Gift","Pen Nib","Singing Bowl","Whetstone","Juzu Bracelet","Cursed Key","Bag of Preparation","Thread and Needle","Letter Opener","Turnip","DataDisk","Orichalcum"],"potions_floor_usage":[6,6,7,28,33],"damage_taken":[{"damage":4,"enemies":"Jaw Worm","floor":1,"turns":3},{"damage":0,"enemies":"2 Louse","floor":2,"turns":2},{"damage":0,"enemies":"Cultist","floor":4,"turns":2},{"damage":12,"enemies":"Exordium Thugs","floor":5,"turns":3},{"damage":20,"enemies":"3 Sentries","floor":6,"turns":6},{"damage":2,"enemies":"Exordium Wildlife","floor":7,"turns":3},{"damage":27,"enemies":"Lagavulin","floor":8,"turns":4},{"damage":0,"enemies":"3 Louse","floor":12,"turns":1},{"damage":20,"enemies":"Gremlin Nob","floor":14,"turns":3},{"damage":4,"enemies":"Hexaghost","floor":16,"turns":5},{"damage":1,"enemies":"Chosen","floor":18,"turns":3},{"damage":0,"enemies":"Spheric Guardian","floor":22,"turns":3},{"damage":8,"enemies":"Slavers","floor":23,"turns":4},{"damage":0,"enemies":"Centurion and Healer","floor":27,"turns":5},{"damage":0,"enemies":"3 Cultists","floor":28,"turns":3},{"damage":38,"enemies":"Collector","floor":33,"turns":8},{"damage":0,"enemies":"3 Darklings","floor":35,"turns":4},{"damage":0,"enemies":"Mind Bloom Boss Battle","floor":39,"turns":3},{"damage":20,"enemies":"Nemesis","floor":40,"turns":9},{"damage":0,"enemies":"3 Shapes","floor":41,"turns":2},{"damage":3,"enemies":"3 Darklings","floor":48,"turns":3},{"damage":86,"enemies":"Awakened One","floor":50,"turns":20}],"seed_played":"2923001375808292971","potions_obtained":[{"floor":2,"key":"GamblersBrew"},{"floor":5,"key":"GamblersBrew"},{"floor":6,"key":"Energy Potion"},{"floor":14,"key":"GamblersBrew"},{"floor":16,"key":"FocusPotion"}],"is_trial":false,"path_per_floor":["M","M","$","M","M","E","M","E","T","$","R","M","?","E","R","B",null,"M","?","?","$","M","E","$","R","T","M","M","T","$","?","R","B",null,"M","?","?","?","?","E","M","?","T","R","$","T","$","M","R","B",null],"character_chosen":"DEFECT","items_purchased":["Apotheosis","Oddly Smooth Stone","Steam","Juzu Bracelet","DataDisk"],"campfire_rested":3,"item_purchase_floors":[3,10,21,30,45],"current_hp_per_floor":[71,71,71,71,59,39,37,10,10,10,32,32,57,37,37,33,65,64,50,50,50,50,42,42,42,42,44,46,46,46,46,46,8,65,67,67,67,67,69,51,53,53,53,80,80,80,80,79,94,8],"gold":68,"neow_bonus":"HUNDRED_GOLD","is_prod":false,"is_daily":false,"chose_seed":false,"campfire_upgraded":3,"win_rate":0,"timestamp":1550886574,"path_taken":["M","M","$","M","M","E","M","E","T","$","R","M","?","E","R","BOSS","M","?","?","$","?","E","$","R","T","M","M","?","?","?","R","BOSS","M","?","?","?","?","E","M","?","T","R","$","?","$","M","R","BOSS"],"build_version":"2019-01-23","purchased_purges":2,"victory":true,"max_hp_per_floor":[75,75,75,75,75,75,75,75,75,75,75,75,75,75,75,75,75,75,80,80,80,80,80,80,80,80,82,84,84,84,84,84,84,84,86,86,86,86,88,90,92,92,92,92,92,92,92,94,94,94],"card_choices":[{"not_picked":["Compile Driver","Coolheaded"],"picked":"Lockon","floor":1},{"not_picked":["Barrage","Turbo"],"picked":"Sunder","floor":2},{"not_picked":["Beam Cell","Streamline"],"picked":"Turbo","floor":4},{"not_picked":["Redo","Beam Cell"],"picked":"Skim","floor":5},{"not_picked":["Reprogram","Ball Lightning"],"picked":"All For One","floor":6},{"not_picked":["Steam","Leap"],"picked":"Hologram","floor":7},{"not_picked":["Thunder Strike","Chaos"],"picked":"Chill","floor":8},{"not_picked":["Ball Lightning","Turbo"],"picked":"Auto Shields","floor":12},{"not_picked":["Capacitor","Creative AI"],"picked":"Turbo","floor":14},{"not_picked":["Biased Cognition","Amplify"],"picked":"All For One","floor":16},{"not_picked":["Streamline","Ball Lightning"],"picked":"Go for the Eyes","floor":18},{"not_picked":["Go for the Eyes","Hello World","Leap"],"picked":"SKIP","floor":22},{"not_picked":["Hologram","Gash"],"picked":"Reboot","floor":23},{"not_picked":["Compile Driver","Double Energy+1","Hologram"],"picked":"Singing Bowl","floor":27},{"not_picked":["Ball Lightning","Fission","Coolheaded"],"picked":"Singing Bowl","floor":28},{"not_picked":["Buffer","Hyperbeam"],"picked":"All For One","floor":33},{"not_picked":["Cold Snap","Ball Lightning+1","Streamline"],"picked":"Singing Bowl","floor":35},{"not_picked":["Self Repair+1","Glacier+1","Barrage"],"picked":"Singing Bowl","floor":39},{"not_picked":["Leap+1","Biased Cognition","Ball Lightning+1"],"picked":"Singing Bowl","floor":40},{"not_picked":["Steam","Redo","Gash"],"picked":"Singing Bowl","floor":41},{"not_picked":["Redo+1","Aggregate","Cold Snap"],"picked":"Singing Bowl","floor":48}],"player_experience":677567,"relics_obtained":[{"floor":6,"key":"Vajra"},{"floor":8,"key":"Bronze Scales"},{"floor":9,"key":"Bag of Marbles"},{"floor":14,"key":"Dream Catcher"},{"floor":23,"key":"Pen Nib"},{"floor":26,"key":"Singing Bowl"},{"floor":29,"key":"Whetstone"},{"floor":37,"key":"Bag of Preparation"},{"floor":39,"key":"Thread and Needle"},{"floor":40,"key":"Letter Opener"},{"floor":43,"key":"Turnip"},{"floor":46,"key":"Orichalcum"}],"event_choices":[{"damage_healed":25,"gold_gain":0,"player_choice":"Banana","damage_taken":0,"max_hp_gain":0,"max_hp_loss":0,"event_name":"Big Fish","floor":13,"gold_loss":0},{"damage_healed":0,"gold_gain":0,"player_choice":"Shed Blood","damage_taken":19,"max_hp_gain":5,"max_hp_loss":0,"event_name":"Forgotten Altar","floor":19,"gold_loss":0},{"damage_healed":0,"gold_gain":0,"player_choice":"Traded Relic","damage_taken":0,"relics_obtained":["Nloth\u0027s Gift"],"max_hp_gain":0,"max_hp_loss":0,"event_name":"N\u0027loth","floor":20,"relics_lost":["Dream Catcher"],"gold_loss":0},{"damage_healed":0,"gold_gain":0,"player_choice":"Ignored","damage_taken":0,"max_hp_gain":0,"max_hp_loss":0,"event_name":"The Mausoleum","floor":31,"gold_loss":0},{"cards_removed":["Strike_B"],"damage_healed":0,"gold_gain":0,"player_choice":"Removed Attack","damage_taken":0,"max_hp_gain":0,"max_hp_loss":0,"event_name":"Falling","floor":36,"gold_loss":0},{"damage_healed":0,"gold_gain":0,"player_choice":"Relic","damage_taken":0,"max_hp_gain":0,"max_hp_loss":0,"event_name":"Wheel of Change","floor":37,"gold_loss":0},{"damage_healed":0,"gold_gain":0,"player_choice":"Ignored","damage_taken":0,"max_hp_gain":0,"max_hp_loss":0,"event_name":"Mysterious Sphere","floor":38,"gold_loss":0},{"damage_healed":0,"gold_gain":0,"player_choice":"Fight","damage_taken":0,"max_hp_gain":0,"max_hp_loss":0,"event_name":"MindBloom","floor":39,"gold_loss":0},{"damage_healed":0,"gold_gain":0,"player_choice":"Ignored","damage_taken":0,"max_hp_gain":0,"max_hp_loss":0,"event_name":"Tomb of Lord Red Mask","floor":42,"gold_loss":0}],"is_beta":false,"boss_relics":[{"not_picked":["Black Star","White Beast Statue"],"picked":"Sozu"},{"not_picked":["Philosopher\u0027s Stone","Runic Dome"],"picked":"Cursed Key"}],"items_purged_floors":[21,45],"is_endless":false,"potions_floor_spawned":[2,5,6,14,16,18,23,35,39,41],"ascension_level":5}