{"gold_per_floor":[109,119,139,158,176,210,63,63,90,102,113,127,127,145,145,145],"floor_reached":16,"playtime":1687,"items_purged":[],"score":108,"play_id":"f7b3d9d7-60e6-455c-95f0-9560266caedb","local_time":"20180923002415","is_ascension_mode":false,"campfire_choices":[{"data":"Heavy Blade","floor":8,"key":"SMITH"},{"floor":15,"key":"REST"}],"neow_cost":"","seed_source_timestamp":0,"circlet_count":0,"master_deck":["Strike_R","Strike_R","Strike_R","Strike_R","Strike_R","Defend_R","Defend_R","Defend_R","Defend_R","Bash","Warcry","Heavy Blade+1","Headbutt","Twin Strike","Double Tap+1","Heavy Blade","Bloodletting"],"special_seed":0,"relics":["Burning Blood","Ice Cream","Bag of Preparation"],"potions_floor_usage":[],"damage_taken":[{"damage":3.0,"enemies":"2 Louse","floor":1.0,"turns":3.0},{"damage":3.0,"enemies":"Cultist","floor":2.0,"turns":5.0},{"damage":10.0,"enemies":"Jaw Worm","floor":3.0,"turns":4.0},{"damage":15.0,"enemies":"Blue Slaver","floor":4.0,"turns":6.0},{"damage":0.0,"enemies":"Exordium Wildlife","floor":5.0,"turns":4.0},{"damage":38.0,"enemies":"Lagavulin","floor":6.0,"turns":8.0},{"damage":5,"enemies":"Looter","floor":10,"turns":3},{"damage":4,"enemies":"2 Fungi Beasts","floor":11,"turns":3},{"damage":9,"enemies":"Blue Slaver","floor":12,"turns":5},{"damage":27,"enemies":"Gremlin Gang","floor":14,"turns":6},{"damage":46,"enemies":"Slime Boss","floor":16,"turns":5}],"seed_played":"-1612880794347191652","potions_obtained":[{"floor":3.0,"key":"LiquidBronze"},{"floor":4.0,"key":"Dexterity Potion"},{"floor":5.0,"key":"Block Potion"},{"floor":6.0,"key":"GamblersBrew"},{"floor":10,"key":"GamblersBrew"}],"is_trial":false,"path_per_floor":["M","M","M","M","M","E","$","R","T","M","M","M","?","M","R"],"character_chosen":"IRONCLAD","items_purchased":["Double Tap"],"campfire_rested":1,"item_purchase_floors":[7],"current_hp_per_floor":[80,80,76,67,73,41,41,41,41,42,44,41,41,20,44,0],"gold":145,"neow_bonus":"","is_prod":false,"is_daily":false,"chose_seed":false,"campfire_upgraded":1,"win_rate":0.0,"timestamp":1537651455,"path_taken":["M","M","M","M","M","E","$","R","T","M","M","M","?","M","R","BOSS"],"build_version":"2018-09-20","purchased_purges":0,"victory":false,"max_hp_per_floor":[80,80,80,80,80,80,80,80,80,80,80,80,80,80,80,80],"card_choices":[{"not_picked":["Clothesline","Clash","Shrug It Off"],"picked":"SKIP","floor":1.0},{"not_picked":["Clothesline","Fire Breathing"],"picked":"Warcry","floor":2.0},{"not_picked":["Dark Embrace","Body Slam"],"picked":"Heavy Blade","floor":3.0},{"not_picked":["Reckless Charge","Thunderclap"],"picked":"Headbutt","floor":4.0},{"not_picked":["Heavy Blade","Corruption"],"picked":"Twin Strike","floor":5.0},{"not_picked":["Thunderclap","Intimidate","Flame Barrier"],"picked":"SKIP","floor":6.0},{"not_picked":["Reckless Charge","Sever Soul"],"picked":"Heavy Blade","floor":10},{"not_picked":["Body Slam","Corruption","Armaments"],"picked":"SKIP","floor":11},{"not_picked":["Pommel Strike","Infernal Blade","Burning Pact"],"picked":"SKIP","floor":12},{"not_picked":["Headbutt","Blood for Blood"],"picked":"Bloodletting","floor":14}],"player_experience":32414,"relics_obtained":[{"floor":6.0,"key":"Ice Cream"},{"floor":9,"key":"Bag of Preparation"}],"event_choices":[{"event_name":"Accursed Blacksmith","player_choice":"Forge","floor":13,"damage_taken":0}],"is_beta":false,"boss_relics":[],"items_purged_floors":[],"is_endless":false,"potions_floor_spawned":[3,4,5,6,10],"killed_by":"Slime Boss","ascension_level":0}