{"gold_per_floor":[209,16,34,109,127,152,171,191,191,225,238,265,276,289,289,393,393,403,403,403,428,78,112,112,44,44,44,44,44,74,74,104,209,209,229,229,229,248,498,533,533,80,80,109,109,458,487,487,487,487],"floor_reached":51,"playtime":3532,"items_purged":["Strike_B"],"score":862,"play_id":"829d728d-9a91-4655-b47a-8eb9d5b9a593","local_time":"20180801023953","is_ascension_mode":false,"campfire_choices":[{"floor":15,"key":"REST"},{"floor":27,"key":"REST"},{"floor":29,"key":"REST"},{"floor":32,"key":"DIG"},{"floor":41,"key":"DIG"},{"floor":49,"key":"REST"}],"neow_cost":"NONE","seed_source_timestamp":0,"circlet_count":0,"master_deck":["Strike_B+1","Strike_B","Defend_B","Defend_B","Defend_B","Defend_B","Zap","Dualcast","BootSequence","Loop","Defragment","Sweeping Beam","Conserve Battery","Ball Lightning+1","Hologram","Leap","Beam Cell","Glacier","Electrodynamics","Cold Snap","RitualDagger","Go for the Eyes","Static Discharge","Streamline","Buffer+1","Turbo+1","Regret","Madness+1","Madness+1","Streamline+1","Doubt"],"special_seed":0,"relics":["Cracked Core","Sling","Omamori","Ornamental Fan","Juzu Bracelet","Meat on the Bone","Cursed Key","Singing Bowl","Red Mask","Shuriken","Shovel","Blue Candle","Nilry\u0027s Codex","Blood Vial","Tiny Chest","Velvet Choker","Potion Belt","Toxic Egg 2","Anchor","Whetstone","Bottled Tornado","Regal Pillow","Old Coin","Oddly Smooth Stone","Ice Cream"],"potions_floor_usage":[6,12,16,21,23,35,38,47,50,50],"damage_taken":[{"damage":6.0,"enemies":"2 Louse","floor":1.0,"turns":3.0},{"damage":1.0,"enemies":"Cultist","floor":3.0,"turns":3.0},{"damage":1.0,"enemies":"Small Slimes","floor":5.0,"turns":3.0},{"damage":13,"enemies":"3 Sentries","floor":6,"turns":7},{"damage":2,"enemies":"Blue Slaver","floor":7,"turns":4},{"damage":0,"enemies":"Looter","floor":8,"turns":3},{"damage":14,"enemies":"Lagavulin","floor":10,"turns":6},{"damage":1,"enemies":"Lots of Slimes","floor":11,"turns":3},{"damage":13,"enemies":"Gremlin Nob","floor":12,"turns":3},{"damage":6,"enemies":"Exordium Wildlife","floor":13,"turns":3},{"damage":2,"enemies":"Blue Slaver","floor":14,"turns":3},{"damage":27,"enemies":"Slime Boss","floor":16,"turns":14},{"damage":1,"enemies":"Chosen","floor":18,"turns":4},{"damage":17,"floor":21,"turns":4},{"damage":34,"enemies":"Book of Stabbing","floor":23,"turns":5},{"damage":15,"enemies":"Gremlin Leader","floor":30,"turns":6},{"damage":3,"enemies":"Collector","floor":33,"turns":9},{"damage":16,"enemies":"Flame Bruiser 1 Orb","floor":35,"turns":7},{"damage":0,"enemies":"3 Shapes","floor":38,"turns":5},{"damage":7,"enemies":"Nemesis","floor":40,"turns":9},{"damage":49,"enemies":"2 Orb Walkers","floor":44,"turns":7},{"damage":13,"floor":46,"turns":3},{"damage":39,"enemies":"Nemesis","floor":47,"turns":7},{"damage":58,"enemies":"Time Eater","floor":50,"turns":13}],"seed_played":"8264693981635252211","potions_obtained":[{"floor":1.0,"key":"EssenceOfSteel"},{"floor":10,"key":"Block Potion"},{"floor":11,"key":"FearPotion"},{"floor":13,"key":"Energy Potion"},{"floor":14,"key":"Regen Potion"},{"floor":18,"key":"Regen Potion"},{"floor":33,"key":"PowerPotion"},{"floor":44,"key":"Energy Potion"},{"floor":46,"key":"Regen Potion"},{"floor":47,"key":"Dexterity Potion"}],"is_trial":false,"path_per_floor":["M","$","M","?","M","E","M","M","T","E","M","E","M","M","R","B",null,"M","?","?","?","$","E","?","$","T","R","?","R","E","?","R","B",null,"M","?","?","M","?","E","R","$","T","E","?","?","E","T","R","B"],"character_chosen":"DEFECT","items_purchased":["Sling","Shuriken","Go for the Eyes","Fire Potion","Static Discharge","Anchor","Whetstone","FocusPotion"],"campfire_rested":4,"item_purchase_floors":[2,22,22,22,25,42,42,42],"current_hp_per_floor":[69,69,68,61,60,47,45,45,45,31,30,17,23,33,55,40,75,74,68,68,58,58,50,35,35,35,60,44,69,54,54,54,53,84,70,70,70,74,74,88,88,88,88,53,42,43,34,34,76,32],"gold":487,"neow_bonus":"HUNDRED_GOLD","is_prod":false,"is_daily":false,"chose_seed":false,"campfire_upgraded":0,"win_rate":0,"timestamp":1533080393,"path_taken":["M","$","M","?","M","E","M","M","T","E","M","E","M","M","R","BOSS","M","?","?","?","$","E","?","$","T","R","?","R","E","?","R","BOSS","M","?","?","M","?","E","R","?","T","E","?","?","E","?","R","BOSS"],"build_version":"2018-07-26","purchased_purges":1,"victory":true,"max_hp_per_floor":[75,75,75,75,75,75,75,75,75,75,75,75,75,75,75,75,75,75,75,75,77,77,79,84,84,84,84,84,84,84,84,84,84,84,86,86,86,88,88,88,88,88,88,90,90,90,92,92,92,92],"card_choices":[{"not_picked":["Undo","Beam Cell"],"picked":"BootSequence","floor":1.0},{"not_picked":["Turbo","Redo"],"picked":"Loop","floor":3.0},{"not_picked":["Compile Driver","Turbo"],"picked":"Defragment","floor":5.0},{"not_picked":["Turbo","Blizzard"],"picked":"Sweeping Beam","floor":6},{"not_picked":["Sweeping Beam","Chill"],"picked":"Conserve Battery","floor":7},{"not_picked":["Gash","Redo"],"picked":"Ball Lightning","floor":8},{"not_picked":["Auto Shields","Turbo"],"picked":"Hologram","floor":10},{"not_picked":["Chaos","Scrape"],"picked":"Leap","floor":11},{"not_picked":["Capacitor","Streamline"],"picked":"Beam Cell","floor":12},{"not_picked":["Ball Lightning","Steam Power","Compile Driver"],"picked":"SKIP","floor":13},{"not_picked":["Cold Snap","Rebound"],"picked":"Glacier","floor":14},{"not_picked":["Reboot","Fission"],"picked":"Electrodynamics","floor":16},{"not_picked":["Rebound","Leap"],"picked":"Cold Snap","floor":18},{"not_picked":["Turbo","Beam Cell+1","Cold Snap"],"picked":"Singing Bowl","floor":21},{"not_picked":["Amplify","Conserve Battery+1","Rebound"],"picked":"Singing Bowl","floor":23},{"not_picked":["Go for the Eyes+1","Redo"],"picked":"Streamline","floor":30},{"not_picked":["Amplify","All For One"],"picked":"Buffer","floor":33},{"not_picked":["Redo+1","Recycle","Coolheaded+1"],"picked":"Singing Bowl","floor":35},{"not_picked":["Auto Shields","BootSequence+1","Ball Lightning+1"],"picked":"Singing Bowl","floor":38},{"not_picked":["Streamline","Barrage"],"picked":"Turbo+1","floor":40},{"not_picked":["Hyperbeam","Barrage","Undo+1"],"picked":"Singing Bowl","floor":44},{"not_picked":["Coolheaded+1","Redo+1"],"picked":"Streamline+1","floor":46},{"not_picked":["Reprogram+1","Streamline","Consume+1"],"picked":"Singing Bowl","floor":47}],"player_experience":151439,"relics_obtained":[{"floor":6,"key":"Omamori"},{"floor":9,"key":"Ornamental Fan"},{"floor":10,"key":"Juzu Bracelet"},{"floor":12,"key":"Meat on the Bone"},{"floor":21,"key":"Red Mask"},{"floor":23,"key":"Shovel"},{"floor":26,"key":"Blue Candle"},{"floor":28,"key":"Nilry\u0027s Codex"},{"floor":30,"key":"Blood Vial"},{"floor":32,"key":"Tiny Chest"},{"floor":40,"key":"Potion Belt"},{"floor":41,"key":"Toxic Egg 2"},{"floor":43,"key":"Bottled Tornado"},{"floor":44,"key":"Regal Pillow"},{"floor":46,"key":"Old Coin"},{"floor":47,"key":"Oddly Smooth Stone"},{"floor":48,"key":"Ice Cream"}],"event_choices":[{"event_name":"FaceTrader","player_choice":"Touch","floor":4.0,"damage_taken":0.0},{"event_name":"Nest","player_choice":"Joined the Cult","floor":19,"damage_taken":0},{"event_name":"The Mausoleum","player_choice":"Yes","floor":20,"damage_taken":0},{"event_name":"Masked Bandits","player_choice":"Fought over 403 gold","floor":21,"damage_taken":0},{"event_name":"Forgotten Altar","player_choice":"Shed Blood","floor":24,"damage_taken":0},{"event_name":"Cursed Tome","player_choice":"Obtained Book","floor":28,"damage_taken":0},{"event_name":"Addict","player_choice":"Ignored","floor":31,"damage_taken":0},{"event_name":"Falling","player_choice":"Removed Attack","floor":36,"damage_taken":0},{"event_name":"Upgrade Shrine","player_choice":"Upgraded","floor":37,"damage_taken":0},{"event_name":"Golden Shrine","player_choice":"Desecrate","floor":39,"damage_taken":0},{"event_name":"Winding Halls","player_choice":"Embrace Madness","floor":45,"damage_taken":0},{"event_name":"Mysterious Sphere","player_choice":"Fight","floor":46,"damage_taken":0}],"is_beta":false,"boss_relics":[{"not_picked":["White Beast Statue","Tiny House"],"picked":"Cursed Key"},{"not_picked":["Philosopher\u0027s Stone","Coffee Dripper"],"picked":"Velvet Choker"}],"items_purged_floors":[42],"is_endless":false,"potions_floor_spawned":[1,10,11,13,14,18,33,44,46,47],"ascension_level":0}