{"gold_per_floor":[116,86,100,116,116,116,127,91,91,2,2,14,44],"floor_reached":13,"playtime":446,"items_purged":[],"score":139,"play_id":"7fa8c46f-5578-47b9-a876-91e2c131bc36","local_time":"20190227131414","is_ascension_mode":true,"campfire_choices":[{"data":"Neutralize","floor":6,"key":"SMITH"},{"data":"Dagger Spray","floor":11,"key":"SMITH"}],"neow_cost":"NONE","seed_source_timestamp":27719698404316,"circlet_count":0,"master_deck":["AscendersBane","Defend_G","Defend_G","Defend_G","Defend_G","Defend_G","Strike_G","Strike_G","Strike_G","Strike_G","Strike_G","Survivor","Neutralize+1","Adrenaline","Prepared","Cloak And Dagger","Footwork","Dagger Spray+1","Riddle With Holes","Footwork","PiercingWail"],"relics":["Ring of the Snake","Bottled Lightning"],"potions_floor_usage":[7,7,13,13],"damage_taken":[{"damage":0,"enemies":"2 Louse","floor":1,"turns":2},{"damage":3,"enemies":"Cultist","floor":3,"turns":4},{"damage":0,"enemies":"Jaw Worm","floor":4,"turns":5},{"damage":2,"enemies":"Gremlin Gang","floor":7,"turns":5},{"damage":3,"enemies":"2 Fungi Beasts","floor":12,"turns":3},{"damage":55,"enemies":"Lagavulin Event","floor":13,"turns":8}],"seed_played":"8210829053806937959","potions_obtained":[{"floor":1,"key":"SpeedPotion"},{"floor":2,"key":"Poison Potion"},{"floor":7,"key":"Ancient Potion"},{"floor":12,"key":"AttackPotion"}],"is_trial":false,"path_per_floor":["M","?","M","M","?","R","M","$","T","$","R","M","?"],"character_chosen":"THE_SILENT","items_purchased":["Riddle With Holes","Footwork"],"campfire_rested":0,"item_purchase_floors":[8,10],"current_hp_per_floor":[59,59,56,56,47,47,45,45,45,45,45,42,0],"gold":44,"neow_bonus":"ONE_RANDOM_RARE_CARD","is_prod":false,"is_daily":false,"chose_seed":false,"campfire_upgraded":2,"win_rate":0,"timestamp":1551240854,"path_taken":["M","?","M","?","?","R","?","$","T","$","R","M","?"],"build_version":"2019-01-23","purchased_purges":0,"victory":false,"max_hp_per_floor":[66,66,66,66,66,66,66,66,66,66,66,66,66],"card_choices":[{"not_picked":["Expertise","Accuracy"],"picked":"Prepared","floor":1},{"not_picked":["Slice","Quick Slash"],"picked":"Cloak And Dagger","floor":3},{"not_picked":["Infinite Blades","Outmaneuver"],"picked":"Footwork","floor":4},{"not_picked":["Underhanded Strike","After Image"],"picked":"Dagger Spray","floor":7},{"not_picked":["Acrobatics","Cloak And Dagger"],"picked":"PiercingWail","floor":12}],"player_experience":592416,"relics_obtained":[{"floor":9,"key":"Bottled Lightning"}],"event_choices":[{"damage_healed":0,"gold_gain":0,"player_choice":"Bought 2 Potions","damage_taken":0,"max_hp_gain":0,"max_hp_loss":0,"event_name":"The Woman in Blue","floor":2,"gold_loss":0},{"damage_healed":0,"gold_gain":0,"player_choice":"Damaged","damage_taken":9,"max_hp_gain":0,"max_hp_loss":0,"event_name":"Wheel of Change","floor":5,"gold_loss":0},{"damage_healed":0,"gold_gain":30,"player_choice":"Searched \u00272\u0027 times","damage_taken":0,"max_hp_gain":0,"max_hp_loss":0,"event_name":"Dead Adventurer","floor":13,"gold_loss":0}],"is_beta":false,"boss_relics":[],"items_purged_floors":[],"is_endless":false,"potions_floor_spawned":[1,7,12],"killed_by":"Lagavulin Event","ascension_level":17}