{"path_per_floor":["M","M","M","M","M","E","R","E","T","M","M","R","$","E","R"],"character_chosen":"THE_SILENT","items_purchased":["Backflip"],"gold_per_floor":[119,134,154,174,186,217,217,251,306,326,338,338,215,247,247,247],"floor_reached":16,"campfire_rested":1,"playtime":1533,"current_hp_per_floor":[69,67,67,65,65,7,43,49,49,49,46,46,46,46,46,0],"items_purged":["Strike_G"],"gold":247,"score":149,"play_id":"5b23ae30-079a-41b7-9eb4-5abb71684ec0","local_time":"20180411230946","is_prod":false,"is_daily":false,"is_ascension_mode":true,"campfire_upgraded":1,"timestamp":1523480986,"path_taken":["M","M","M","M","M","E","R","E","T","M","M","R","$","E","R","BOSS"],"build_version":"2018-04-05v2","purchased_purges":1,"victory":false,"master_deck":["Defend_G","Defend_G","Defend_G","Defend_G","Strike_G","Strike_G","Strike_G","Strike_G","Survivor","Neutralize","Leg Sweep","Dodge and Roll","Malaise","Backstab","PiercingWail","Glass Knife+1","Setup","Cloak And Dagger","Flying Knee","Backflip","Adrenaline"],"max_hp_per_floor":[70,70,70,70,70,70,70,70,70,70,70,70,70,70,70,70],"relics":["Ring of the Snake","Regal Pillow","Art of War","Meat on the Bone","Ancient Tea Set","Peace Pipe"],"card_choices":[{"not_picked":["Outmaneuver","Blade Dance"],"picked":"Leg Sweep","floor":1},{"not_picked":["Slice","Acrobatics"],"picked":"Dodge and Roll","floor":2},{"not_picked":["Quick Slash","Escape Plan"],"picked":"Malaise","floor":3},{"not_picked":["Dodge and Roll","Acrobatics"],"picked":"Backstab","floor":4},{"not_picked":["Deadly Poison","Poisoned Stab"],"picked":"PiercingWail","floor":5},{"not_picked":["Reflex","Predator"],"picked":"Glass Knife","floor":6},{"not_picked":["Dagger Spray","Underhanded Strike"],"picked":"Setup","floor":8},{"not_picked":["Flying Knee","PiercingWail"],"picked":"Cloak And Dagger","floor":10},{"not_picked":["Setup","Dagger Spray"],"picked":"Flying Knee","floor":11},{"not_picked":["Bane","Sucker Punch"],"picked":"Adrenaline","floor":14}],"player_experience":207321,"potions_floor_usage":[6,8,16,16],"damage_taken":[{"damage":1,"enemies":"Cultist","floor":1,"turns":5},{"damage":2,"enemies":"Jaw Worm","floor":2,"turns":8},{"damage":0,"enemies":"2 Louse","floor":3,"turns":5},{"damage":2,"enemies":"Exordium Wildlife","floor":4,"turns":7},{"damage":0,"enemies":"Looter","floor":5,"turns":4},{"damage":58,"enemies":"Lagavulin","floor":6,"turns":15},{"damage":9,"enemies":"3 Sentries","floor":8,"turns":15},{"damage":0,"enemies":"Red Slaver","floor":10,"turns":5},{"damage":3,"enemies":"Blue Slaver","floor":11,"turns":4},{"damage":12,"enemies":"Lagavulin","floor":14,"turns":8},{"damage":47,"enemies":"Hexaghost","floor":16,"turns":21}],"event_choices":[],"boss_relics":[],"potions_floor_spawned":[2,4,10,14],"seed_played":"-6070943788525301998","killed_by":"Hexaghost","ascension_level":4,"is_trial":false}