{"path_per_floor":["M","M","M","M","$","R","?","R","T","?","R","$","?","M","R","B",null,"M","?","M","?","M","R","?","M","T","$","?","?","R","M","R"],"character_chosen":"THE_SILENT","items_purchased":["Burst","Dagger Throw"],"gold_per_floor":[117,132,151,167,92,92,92,92,92,92,92,92,92,116,116,235,235,259,259,274,274,287,287,287,300,300,107,107,107,107,127,127],"floor_reached":33,"campfire_rested":1,"playtime":2637,"current_hp_per_floor":[70,65,64,59,59,59,42,42,42,42,42,42,47,47,47,11,75,60,60,60,60,44,44,44,48,48,48,48,32,32,15,37],"items_purged":["Defend_G"],"gold":127,"play_id":"d5ef2b81-2ac0-4347-98d7-90603f1e85c0","is_prod":false,"is_daily":false,"campfire_rituals":0,"campfire_upgraded":6,"is_hardmode":false,"path_taken":["M","M","M","M","$","R","?","R","T","?","R","$","?","M","R","BOSS","M","?","M","?","?","R","?","M","T","$","?","?","R","M","R","BOSS"],"build_version":"2018-01-11-PROD2","purchased_purges":1,"victory":false,"master_deck":["Defend_G","Defend_G","Defend_G","Strike_G","Strike_G","Strike_G","Strike_G","Strike_G","Survivor","Neutralize","Sucker Punch","Predator","Prepared","Backflip","Finisher","Phantasmal Killer","Backflip","Escape Plan","Quick Slash","Acrobatics","Burst","Dagger Throw","Outmaneuver"],"max_hp_per_floor":[70,70,70,70,70,70,70,70,70,70,70,70,75,75,75,75,75,75,75,75,75,75,75,75,75,75,75,75,75,75,75,75],"relics":["Runic Dome","Bloody Idol","Calipers","Sozu","Girya","Nilry\u0027s Codex"],"campfire_meditates":0,"card_choices":[{"not_picked":["Slice","A Thousand Cuts"],"picked":"Sucker Punch"},{"not_picked":["Sucker Punch","Quick Slash"],"picked":"Predator"},{"not_picked":["Quick Slash","Flying Knee"],"picked":"Prepared"},{"not_picked":["Deadly Poison","Flying Knee"],"picked":"Backflip"},{"not_picked":["Bouncing Flask","Malaise"],"picked":"Finisher"},{"not_picked":["A Thousand Cuts","Unload"],"picked":"Phantasmal Killer"},{"not_picked":["Dagger Spray","Finisher"],"picked":"Backflip"},{"not_picked":["Infinite Blades","Calculated Gamble"],"picked":"Escape Plan"},{"not_picked":["Prepared","Terror"],"picked":"Quick Slash"},{"not_picked":["Deflect","Flying Knee"],"picked":"Acrobatics"},{"not_picked":["Prepared","Dagger Throw"],"picked":"Outmaneuver"}],"player_experience":10172,"potions_floor_usage":[],"damage_taken":[{"damage":0,"enemies":"Jaw Worm","floor":1,"turns":3},{"damage":5,"enemies":"Small Slimes","floor":2,"turns":4},{"damage":1,"enemies":"Cultist","floor":3,"turns":3},{"damage":5,"enemies":"Large Slime","floor":4,"turns":7},{"damage":0,"enemies":"Looter","floor":14,"turns":2},{"damage":36,"enemies":"Slime Boss","floor":16,"turns":10},{"damage":15,"enemies":"2 Thieves","floor":18,"turns":3},{"damage":0,"enemies":"3 Byrds","floor":20,"turns":4},{"damage":16,"enemies":"Snake Plant","floor":22,"turns":4},{"damage":1,"enemies":"Centurion and Healer","floor":25,"turns":5},{"damage":22,"enemies":"Snecko","floor":31,"turns":5},{"damage":53,"enemies":"Automaton","floor":33,"turns":6}],"event_choices":[{"event_name":"Golden Idol","player_choice":"Take Damage","floor":7,"damage_taken":0},{"event_name":"Liars Game","player_choice":"disagreed","floor":10,"damage_taken":0},{"event_name":"Big Fish","player_choice":"Donut","floor":13,"damage_taken":0},{"event_name":"The Woman in Blue","player_choice":"Bought 0 Potions","floor":19,"damage_taken":0},{"event_name":"Drug Dealer","player_choice":"Ignored","floor":21,"damage_taken":0},{"event_name":"Forgotten Altar","player_choice":"Gave Idol","floor":24,"damage_taken":0},{"event_name":"Purifier","player_choice":"One Purge","floor":28,"damage_taken":0},{"event_name":"Cursed Tome","player_choice":"Obtained Book","floor":29,"damage_taken":0}],"boss_relics":[{"not_picked":["Cursed Key","Astrolabe"],"picked":"Sozu"}],"potions_floor_spawned":[4,14,18,31],"seed_played":"6225869321058399736","killed_by":"Automaton","is_trial":false}