{"gold_per_floor":[215,43,118,118,38,38,50,50,50,79,79,97,117,16,16,87,87,106,121,121,171,6,16,16,33,112,112,132,149,159,159,159,159],"floor_reached":33,"playtime":1263,"items_purged":[],"score":494,"play_id":"be7a69a3-0d1a-4775-83e7-49fb0103ac01","local_time":"20190218100941","is_ascension_mode":true,"campfire_choices":[{"data":"Zap","floor":6.0,"key":"SMITH"},{"data":"Sunder","floor":8.0,"key":"SMITH"},{"floor":11.0,"key":"REST"},{"data":"Enlightenment","floor":15.0,"key":"SMITH"},{"floor":24,"key":"REST"},{"floor":27,"key":"REST"},{"floor":32,"key":"REST"}],"neow_cost":"NONE","seed_source_timestamp":2247252404164212,"circlet_count":0,"master_deck":["AscendersBane","Strike_B","Strike_B","Strike_B","Strike_B","Defend_B","Defend_B","Defend_B","Defend_B","Zap+1","Dualcast","FTL","Defragment","Sunder+1","Chill","Enlightenment+1","Echo Form","BootSequence","Ball Lightning","Glacier","Buffer","Capacitor","Barrage+1","Decay"],"special_seed":0,"relics":["Cracked Core","Potion Belt","DataDisk","PreservedInsect","Cables","Lantern","Molten Egg 2"],"potions_floor_usage":[33,33,33],"damage_taken":[{"damage":4.0,"enemies":"2 Louse","floor":1.0,"turns":3.0},{"damage":0.0,"enemies":"Cultist","floor":7.0,"turns":3.0},{"damage":30.0,"enemies":"Lagavulin","floor":10.0,"turns":6.0},{"damage":5.0,"enemies":"Small Slimes","floor":12.0,"turns":2.0},{"damage":0.0,"enemies":"Exordium Wildlife","floor":13.0,"turns":2.0},{"damage":25.0,"enemies":"Slime Boss","floor":16.0,"turns":8.0},{"damage":13.0,"enemies":"Chosen","floor":18.0,"turns":5.0},{"damage":21,"enemies":"2 Thieves","floor":19,"turns":5},{"damage":20,"enemies":"Snecko","floor":23,"turns":4},{"damage":14,"enemies":"Cultist and Chosen","floor":25,"turns":7},{"damage":0,"enemies":"Centurion and Healer","floor":28,"turns":5},{"damage":0,"enemies":"Snecko","floor":29,"turns":6},{"damage":1,"enemies":"3 Cultists","floor":30,"turns":6},{"damage":51,"enemies":"Automaton","floor":33,"turns":8}],"seed_played":"-2196473692378874353","potions_obtained":[{"floor":1.0,"key":"Strength Potion"},{"floor":4.0,"key":"SpeedPotion"},{"floor":4.0,"key":"GamblersBrew"},{"floor":7.0,"key":"Explosive Potion"},{"floor":10.0,"key":"PowerPotion"},{"floor":28,"key":"SpeedPotion"},{"floor":29,"key":"SpeedPotion"}],"is_trial":false,"path_per_floor":["M","$","?","?","$","R","M","R","T","E","R","M","M","$","R","B",null,"M","M","T","?","$","M","R","M","T","R","M","M","M","?","R","B"],"character_chosen":"DEFECT","items_purchased":["Potion Belt","Defragment","Enlightenment","Lantern"],"campfire_rested":4,"item_purchase_floors":[2,5,14,22],"current_hp_per_floor":[60,60,49,49,49,49,49,49,49,19,40,35,35,35,35,10,56,43,22,22,22,22,2,23,9,9,30,30,30,29,29,50,0],"gold":159,"neow_bonus":"HUNDRED_GOLD","is_prod":false,"is_daily":false,"chose_seed":false,"campfire_upgraded":3,"win_rate":0,"timestamp":1550452181,"path_taken":["M","$","?","?","$","R","M","R","T","E","R","M","?","$","R","BOSS","M","M","?","?","?","?","R","M","T","R","?","M","M","?","R","BOSS"],"build_version":"2019-01-23","purchased_purges":0,"victory":false,"max_hp_per_floor":[71,71,71,71,71,71,71,71,71,71,71,71,71,71,71,71,71,71,71,71,71,71,71,71,71,71,71,71,71,71,71,71,71],"card_choices":[{"not_picked":["Melter","Leap"],"picked":"FTL","floor":1.0},{"not_picked":["Defragment","Go for the Eyes"],"picked":"Sunder","floor":7.0},{"not_picked":["Barrage","Streamline","Turbo"],"picked":"SKIP","floor":10.0},{"not_picked":["Coolheaded","Leap"],"picked":"Chill","floor":12.0},{"not_picked":["Barrage","Loop","Cold Snap"],"picked":"SKIP","floor":13.0},{"not_picked":["Reboot","Amplify"],"picked":"Echo Form","floor":16.0},{"not_picked":["Turbo","Gash"],"picked":"BootSequence","floor":18.0},{"not_picked":["Stack","Sweeping Beam"],"picked":"Ball Lightning","floor":19},{"not_picked":["Doom and Gloom","Sweeping Beam"],"picked":"Glacier","floor":23},{"not_picked":["Lockon","Redo+1","Streamline"],"picked":"SKIP","floor":25},{"not_picked":["Heatsinks+1","Turbo"],"picked":"Buffer","floor":28},{"not_picked":["Stack","Turbo"],"picked":"Capacitor","floor":29},{"not_picked":["Capacitor","Leap"],"picked":"Barrage+1","floor":30}],"player_experience":560092,"relics_obtained":[{"floor":9.0,"key":"DataDisk"},{"floor":10.0,"key":"PreservedInsect"},{"floor":20,"key":"Cables"},{"floor":26,"key":"Molten Egg 2"}],"event_choices":[{"damage_healed":0.0,"max_hp_gain":0.0,"max_hp_loss":0.0,"gold_gain":75.0,"event_name":"World of Goop","player_choice":"Gather Gold","floor":3.0,"gold_loss":0.0,"damage_taken":11.0},{"damage_healed":0.0,"max_hp_gain":0.0,"max_hp_loss":0.0,"gold_gain":0.0,"event_name":"Lab","player_choice":"Got Potions","floor":4.0,"gold_loss":0.0,"damage_taken":0.0},{"damage_healed":0,"gold_gain":50,"player_choice":"Stole From Cult","damage_taken":0,"max_hp_gain":0,"max_hp_loss":0,"event_name":"Nest","floor":21,"gold_loss":0},{"damage_healed":0,"gold_gain":0,"player_choice":"Smashed Altar","damage_taken":0,"max_hp_gain":0,"max_hp_loss":0,"event_name":"Forgotten Altar","floor":31,"gold_loss":0,"cards_obtained":["Decay"]}],"is_beta":false,"boss_relics":[{"not_picked":["Pandora\u0027s Box","Snecko Eye","Sozu"]}],"items_purged_floors":[],"is_endless":false,"potions_floor_spawned":[1,7,10,28,29],"killed_by":"Automaton","ascension_level":20}