{"gold_per_floor":[109,8,8,8,24,24,82,410,410,410,410],"floor_reached":11,"playtime":344,"items_purged":[],"score":110,"play_id":"ac032e79-58e6-4e0f-8b0f-256542f13d47","local_time":"20190309080729","is_ascension_mode":true,"campfire_choices":[{"data":"Hologram","floor":6,"key":"SMITH"}],"neow_cost":"PERCENT_DAMAGE","seed_source_timestamp":147367594044243,"circlet_count":0,"master_deck":["AscendersBane","Strike_B","Strike_B","Strike_B","Strike_B","Defend_B","Defend_B","Defend_B","Defend_B","Zap","Dualcast","Hologram+1","Coolheaded"],"relics":["Cracked Core","Unceasing Top","Emotion Chip","Old Coin","Gremlin Horn","Golden Idol"],"potions_floor_usage":[7,8,8],"damage_taken":[{"damage":4,"enemies":"Small Slimes","floor":1,"turns":4},{"damage":0,"enemies":"Cultist","floor":5,"turns":4},{"damage":32,"enemies":"Gremlin Nob","floor":7,"turns":4},{"damage":13,"enemies":"Lagavulin","floor":8,"turns":8},{"damage":1,"enemies":"2 Louse","floor":11,"turns":2}],"seed_played":"-6264871597522188677","potions_obtained":[{"floor":5,"key":"Energy Potion"},{"floor":7,"key":"Fire Potion"}],"is_trial":false,"path_per_floor":["M","$","?","$","M","R","?","E","T","?","M"],"character_chosen":"DEFECT","items_purchased":["Coolheaded","PowerPotion"],"campfire_rested":0,"item_purchase_floors":[2,2],"current_hp_per_floor":[46,46,46,46,46,46,14,1,1,1,0],"gold":410,"neow_bonus":"ONE_RARE_RELIC","is_prod":false,"is_daily":false,"chose_seed":false,"campfire_upgraded":1,"win_rate":0,"timestamp":1552140449,"path_taken":["M","$","?","?","M","R","?","E","T","?","M"],"build_version":"2019-01-23","purchased_purges":0,"victory":false,"max_hp_per_floor":[75,75,75,75,75,75,75,75,75,69,69],"card_choices":[{"not_picked":["Force Field","Streamline"],"picked":"Hologram","floor":1},{"not_picked":["Beam Cell","Stack","Streamline"],"picked":"SKIP","floor":5},{"not_picked":["Scrape","Leap","White Noise"],"picked":"SKIP","floor":8}],"player_experience":329369,"relics_obtained":[{"floor":8,"key":"Old Coin"},{"floor":9,"key":"Gremlin Horn"}],"event_choices":[{"damage_healed":0,"gold_gain":0,"player_choice":"Ignored","damage_taken":0,"max_hp_gain":0,"max_hp_loss":0,"event_name":"Purifier","floor":3,"gold_loss":0},{"damage_healed":0,"gold_gain":30,"player_choice":"Searched \u00273\u0027 times","damage_taken":0,"relics_obtained":["Emotion Chip"],"max_hp_gain":0,"max_hp_loss":0,"event_name":"Dead Adventurer","floor":7,"gold_loss":0},{"damage_healed":0,"gold_gain":0,"player_choice":"Lose Max HP","damage_taken":0,"relics_obtained":["Golden Idol"],"max_hp_gain":0,"max_hp_loss":6,"event_name":"Golden Idol","floor":10,"gold_loss":0}],"is_beta":false,"boss_relics":[],"items_purged_floors":[],"is_endless":false,"potions_floor_spawned":[5,7],"killed_by":"2 Louse","ascension_level":12}