{"path_per_floor":["M","?","M","M","M","E","R","M","T","R","M","M","M","E","R","B",null,"M","M","$","?","M","R","M","R","T","M","M","?","$","?","R"],"character_chosen":"IRONCLAD","items_purchased":["Shrug It Off","Fiend Fire"],"gold_per_floor":[111,111,130,149,162,218,218,234,234,234,244,263,273,303,303,404,404,404,344,70,70,70,70,70,70,70,70,70,70,70,30,30],"floor_reached":33,"campfire_rested":0,"playtime":2405,"current_hp_per_floor":[72,72,72,72,72,60,60,55,55,55,61,67,66,49,49,32,72,68,47,47,47,50,50,50,50,50,53,60,60,60,60,60],"items_purged":["Strike_R"],"gold":30,"play_id":"996e6ad8-8e74-4673-b4d0-4247ee54609e","is_prod":false,"is_daily":false,"campfire_rituals":0,"campfire_upgraded":6,"is_hardmode":false,"path_taken":["M","?","M","M","M","E","R","M","T","R","M","M","M","E","R","BOSS","M","M","$","?","M","R","M","R","T","?","M","?","$","?","R","BOSS"],"build_version":"2018-01-18-PROD4","purchased_purges":1,"victory":false,"master_deck":["Strike_R","Strike_R","Strike_R","Defend_R","Defend_R","Defend_R","Defend_R","Bash","True Grit","Clothesline","Cleave","Pommel Strike","Dual Wield","Whirlwind","Sever Soul","Uppercut","Inflame","Reaper","Burning Pact","Carnage","Shrug It Off","Fiend Fire","Twin Strike","True Grit","Double Tap"],"max_hp_per_floor":[72,72,72,72,72,72,72,72,72,72,72,72,72,72,72,72,72,72,72,72,72,72,72,72,72,72,72,72,72,72,72,72],"relics":["Burning Blood","Red Skull","Tiny Chest","Meat on the Bone","Paper Frog","Ectoplasm","Dead Branch"],"campfire_meditates":0,"card_choices":[{"not_picked":["Burning Pact","Warcry"],"picked":"True Grit"},{"not_picked":["Fire Breathing","Hemokinesis"],"picked":"Cleave"},{"not_picked":["Bloodletting","Perfected Strike"],"picked":"Pommel Strike"},{"not_picked":["Clothesline","Perfected Strike"],"picked":"Dual Wield"},{"not_picked":["Twin Strike","Hemokinesis"],"picked":"Whirlwind"},{"not_picked":["True Grit","Clash"],"picked":"Sever Soul"},{"not_picked":["Flex","Searing Blow"],"picked":"Uppercut"},{"not_picked":["Havoc","Sever Soul"],"picked":"Inflame"},{"not_picked":["Exhume","Bludgeon"],"picked":"Reaper"},{"not_picked":["Sword Boomerang","Searing Blow"],"picked":"Burning Pact"},{"not_picked":["Clothesline","Sword Boomerang"],"picked":"Carnage"},{"not_picked":["Burning Pact","Iron Wave"],"picked":"Twin Strike"},{"not_picked":["Wild Strike","Warcry"],"picked":"True Grit"},{"not_picked":["Perfected Strike","Flame Barrier"],"picked":"Double Tap"}],"player_experience":216472,"potions_floor_usage":[14,19,22,22,33],"damage_taken":[{"damage":6,"enemies":"Jaw Worm","floor":1,"turns":3},{"damage":4,"enemies":"Blue Slaver","floor":3,"turns":6},{"damage":0,"enemies":"2 Louse","floor":4,"turns":2},{"damage":4,"enemies":"Looter","floor":5,"turns":4},{"damage":18,"enemies":"Gremlin Nob","floor":6,"turns":4},{"damage":11,"enemies":"Lots of Slimes","floor":8,"turns":3},{"damage":0,"enemies":"3 Louse","floor":11,"turns":1},{"damage":0,"enemies":"Gremlin Gang","floor":12,"turns":1},{"damage":7,"enemies":"Exordium Thugs","floor":13,"turns":4},{"damage":23,"enemies":"3 Sentries","floor":14,"turns":5},{"damage":35,"enemies":"Slime Boss","floor":16,"turns":11},{"damage":10,"enemies":"Spheric Guardian","floor":18,"turns":3},{"damage":27,"enemies":"2 Thieves","floor":19,"turns":4},{"damage":21,"enemies":"Snake Plant","floor":22,"turns":3},{"damage":25,"enemies":"Centurion and Healer","floor":24,"turns":6},{"damage":15,"enemies":"Snecko","floor":27,"turns":3},{"damage":9,"enemies":"Chosen and Byrds","floor":28,"turns":5},{"damage":77,"enemies":"Champ","floor":33,"turns":13}],"event_choices":[{"event_name":"Match and Keep!","player_choice":"1 cards matched","floor":2,"damage_taken":0},{"event_name":"Drug Dealer","player_choice":"Ignored","floor":21,"damage_taken":0},{"event_name":"Purifier","player_choice":"One Purge","floor":29,"damage_taken":0},{"event_name":"The Woman in Blue","player_choice":"Bought 3 Potions","floor":31,"damage_taken":0}],"boss_relics":[{"not_picked":["Astrolabe","Tiny House"],"picked":"Ectoplasm"}],"potions_floor_spawned":[4,6,11,13,14,16,18,28],"seed_played":"-4640846805641527043","killed_by":"Champ","is_trial":false}