{"gold_per_floor":[366,366,379,396,31,31,63,80,132,132,132,6,33,33,33,135,135,147,147,147,160,160,160,187,187,237,237,0,0,16,16,16,112,112,128,108,127,140,140,174,174,14,37,37,66,66,66,83,83,83],"floor_reached":51,"playtime":3503,"items_purged":["Normality","Strike_G"],"score":1032,"play_id":"44d3a14d-c13e-4697-a725-96cd5487c8f1","local_time":"20190223151855","is_ascension_mode":true,"campfire_choices":[{"data":"Neutralize","floor":6.0,"key":"SMITH"},{"data":"Endless Agony","floor":11.0,"key":"SMITH"},{"floor":15,"key":"REST"},{"data":"A Thousand Cuts","floor":23,"key":"SMITH"},{"data":"Envenom","floor":25,"key":"SMITH"},{"data":"Cloak And Dagger","floor":27,"key":"SMITH"},{"data":"Cloak And Dagger","floor":32,"key":"SMITH"},{"data":"Envenom","floor":41,"key":"SMITH"},{"data":"Phantasmal Killer","floor":46,"key":"SMITH"},{"data":"Footwork","floor":49,"key":"SMITH"}],"neow_cost":"CURSE","seed_source_timestamp":0,"circlet_count":0,"master_deck":["Defend_G+1","Defend_G+1","Defend_G+1","Defend_G+1","Strike_G+1","Strike_G+1","Survivor","Neutralize+1","Cloak And Dagger+1","Infinite Blades","Slice","Endless Agony+1","PiercingWail","Envenom+1","A Thousand Cuts+1","Backflip","Blade Dance+1","Flying Knee+1","Cloak And Dagger+1","Endless Agony","Cloak And Dagger+1","Die Die Die","Quick Slash+1","Backflip+1","Dodge and Roll+1","Envenom+1","Footwork+1","Leg Sweep","Phantasmal Killer+1","PiercingWail+1"],"special_seed":0,"relics":["Ring of the Snake","Gambling Chip","Juzu Bracelet","Centennial Puzzle","Coffee Dripper","Nloth\u0027s Gift","Bag of Preparation","PreservedInsect","Bronze Scales","Black Star","Mango","Shovel","Pen Nib","Happy Flower","Snake Skull","Gremlin Horn"],"potions_floor_usage":[24,33,33,40,50,50,50],"damage_taken":[{"damage":0.0,"enemies":"2 Louse","floor":1.0,"turns":6.0},{"damage":3.0,"enemies":"Cultist","floor":3.0,"turns":5.0},{"damage":12.0,"enemies":"Jaw Worm","floor":4.0,"turns":6.0},{"damage":15.0,"enemies":"3 Sentries","floor":7.0,"turns":11.0},{"damage":0.0,"enemies":"2 Fungi Beasts","floor":8.0,"turns":5.0},{"damage":24,"enemies":"Gremlin Nob","floor":13,"turns":4},{"damage":10,"enemies":"The Guardian","floor":16,"turns":12},{"damage":1,"enemies":"Chosen","floor":18,"turns":5},{"damage":1,"enemies":"3 Byrds","floor":21,"turns":3},{"damage":8,"enemies":"Slavers","floor":24,"turns":3},{"damage":0,"enemies":"Cultist and Chosen","floor":30,"turns":5},{"damage":5,"enemies":"Champ","floor":33,"turns":9},{"damage":0,"enemies":"3 Shapes","floor":35,"turns":1},{"damage":2,"enemies":"3 Darklings","floor":37,"turns":2},{"damage":0,"enemies":"4 Shapes","floor":38,"turns":4},{"damage":7,"enemies":"Giant Head","floor":40,"turns":7},{"damage":28,"enemies":"Nemesis","floor":45,"turns":5},{"damage":3,"enemies":"Maw","floor":48,"turns":5},{"damage":25,"enemies":"Awakened One","floor":50,"turns":10}],"seed_played":"-1911771651099551805","potions_obtained":[{"floor":1.0,"key":"GhostInAJar"},{"floor":3.0,"key":"Energy Potion"},{"floor":13,"key":"Dexterity Potion"},{"floor":24,"key":"SteroidPotion"},{"floor":33,"key":"Poison Potion"},{"floor":35,"key":"Swift Potion"},{"floor":45,"key":"Dexterity Potion"}],"is_trial":false,"path_per_floor":["M","?","M","M","$","R","E","M","T","?","R","$","E","?","R","B",null,"M","?","?","M","?","R","E","R","T","R","$","?","M","?","R","B",null,"M","?","M","M","?","E","R","$","T","?","E","R","$","M","R","B",null],"character_chosen":"THE_SILENT","items_purchased":["Gambling Chip","PiercingWail","Bronze Scales","Cloak And Dagger","Endless Agony","Footwork","Leg Sweep","AttackPotion"],"campfire_rested":1,"item_purchase_floors":[5,12,28,28,28,42,42,42],"current_hp_per_floor":[63,63,60,48,48,48,43,43,43,43,43,43,19,19,43,33,68,67,67,67,66,71,71,63,63,63,63,63,48,48,48,48,43,75,75,75,73,73,87,80,80,80,80,80,52,52,52,49,49,24],"gold":83,"neow_bonus":"TWO_FIFTY_GOLD","is_prod":false,"is_daily":false,"chose_seed":false,"campfire_upgraded":9,"win_rate":0,"timestamp":1550956735,"path_taken":["M","?","M","M","$","R","E","M","T","?","R","$","E","?","R","BOSS","M","?","?","M","?","R","E","R","T","R","?","?","M","?","R","BOSS","M","?","M","M","?","E","R","?","T","?","E","R","$","M","R","BOSS"],"build_version":"2019-01-23","purchased_purges":2,"victory":true,"max_hp_per_floor":[70,70,70,70,70,70,80,80,80,80,80,80,80,80,80,80,80,80,80,80,80,80,80,80,80,80,80,80,85,85,85,85,85,85,85,85,85,85,99,99,99,99,99,99,99,99,99,99,99,99],"card_choices":[{"not_picked":["Prepared","Acrobatics"],"picked":"Cloak And Dagger","floor":1.0},{"not_picked":["Catalyst","Blade Dance","Venomology"],"picked":"SKIP","floor":3.0},{"not_picked":["Reflex","Setup","Bane"],"picked":"SKIP","floor":4.0},{"not_picked":["Blur","Tactician"],"picked":"Dagger Throw","floor":7.0},{"not_picked":["Backflip","Quick Slash"],"picked":"Slice","floor":8.0},{"not_picked":["Backflip","Venomology"],"picked":"Envenom","floor":13},{"not_picked":["Malaise","Envenom"],"picked":"A Thousand Cuts","floor":16},{"not_picked":["Slice+1","Sucker Punch"],"picked":"Backflip","floor":18},{"not_picked":["All Out Attack","Deflect"],"picked":"Blade Dance+1","floor":21},{"not_picked":["Outmaneuver","Storm of Steel"],"picked":"Flying Knee+1","floor":24},{"not_picked":["Bane","Deadly Poison+1"],"picked":"Cloak And Dagger+1","floor":30},{"not_picked":["Night Terror","Storm of Steel"],"picked":"Die Die Die","floor":33},{"not_picked":["Bouncing Flask+1","Riddle With Holes"],"picked":"Quick Slash+1","floor":35},{"not_picked":["Underhanded Strike+1","Cloak And Dagger+1"],"picked":"Backflip+1","floor":37},{"not_picked":["Underhanded Strike+1","Dagger Spray+1"],"picked":"Dodge and Roll+1","floor":38},{"not_picked":["Dagger Throw+1","Prepared"],"picked":"Envenom","floor":40},{"not_picked":["Bouncing Flask","Glass Knife"],"picked":"Phantasmal Killer","floor":45},{"not_picked":["Grand Finale","Setup+1"],"picked":"PiercingWail+1","floor":48}],"player_experience":519956,"relics_obtained":[{"floor":7.0,"key":"Pear"},{"floor":9.0,"key":"Juzu Bracelet"},{"floor":13,"key":"Centennial Puzzle"},{"floor":24,"key":"Bag of Preparation"},{"floor":26,"key":"PreservedInsect"},{"floor":40,"key":"Shovel"},{"floor":40,"key":"Pen Nib"},{"floor":43,"key":"Happy Flower"},{"floor":45,"key":"Snake Skull"},{"floor":45,"key":"Gremlin Horn"}],"event_choices":[{"damage_healed":0.0,"max_hp_gain":0.0,"max_hp_loss":0.0,"gold_gain":0.0,"cards_transformed":["Strike_G"],"event_name":"Transmorgrifier","player_choice":"Transformed","floor":2.0,"gold_loss":0.0,"damage_taken":0.0,"cards_obtained":["Infinite Blades"]},{"damage_healed":0.0,"max_hp_gain":0.0,"max_hp_loss":0.0,"gold_gain":0.0,"cards_transformed":["Strike_G"],"event_name":"Living Wall","player_choice":"Change","floor":10.0,"gold_loss":0.0,"damage_taken":0.0,"cards_obtained":["Endless Agony"]},{"damage_healed":0,"gold_gain":0,"player_choice":"Ignored","damage_taken":0,"max_hp_gain":0,"max_hp_loss":0,"event_name":"Shining Light","floor":14,"gold_loss":0},{"damage_healed":0,"gold_gain":0,"player_choice":"Simplicity","damage_taken":0,"max_hp_gain":0,"max_hp_loss":0,"event_name":"Back to Basics","floor":19,"gold_loss":0,"cards_upgraded":["Defend_G","Defend_G","Defend_G","Defend_G","Defend_G","Strike_G","Strike_G"]},{"damage_healed":0,"gold_gain":0,"player_choice":"Traded Relic","damage_taken":0,"relics_obtained":["Nloth\u0027s Gift"],"max_hp_gain":0,"max_hp_loss":0,"event_name":"N\u0027loth","floor":20,"relics_lost":["Pear"],"gold_loss":0},{"cards_removed":["Dagger Throw"],"damage_healed":5,"gold_gain":0,"player_choice":"Offered Common","damage_taken":0,"max_hp_gain":0,"max_hp_loss":0,"event_name":"Bonfire Elementals","floor":22,"gold_loss":0},{"cards_removed":["Dagger Throw"],"damage_healed":5,"gold_gain":0,"player_choice":"Offered Special","damage_taken":0,"max_hp_gain":0,"max_hp_loss":0,"event_name":"Bonfire Elementals","floor":22,"gold_loss":0},{"damage_healed":0,"gold_gain":0,"player_choice":"Shed Blood","damage_taken":20,"max_hp_gain":5,"max_hp_loss":0,"event_name":"Forgotten Altar","floor":29,"gold_loss":0},{"damage_healed":0,"gold_gain":0,"player_choice":"Ignored","damage_taken":0,"max_hp_gain":0,"max_hp_loss":0,"event_name":"Cursed Tome","floor":31,"gold_loss":0},{"damage_healed":0,"gold_gain":0,"player_choice":"Bought 1 Potion","damage_taken":0,"max_hp_gain":0,"max_hp_loss":0,"event_name":"The Woman in Blue","floor":36,"gold_loss":0},{"damage_healed":0,"gold_gain":0,"player_choice":"Gave Potion","damage_taken":0,"relics_obtained":["Mango"],"max_hp_gain":0,"max_hp_loss":0,"event_name":"WeMeetAgain","floor":39,"gold_loss":0},{"cards_removed":["Defend_G"],"damage_healed":0,"gold_gain":0,"player_choice":"Removed Skill","damage_taken":0,"max_hp_gain":0,"max_hp_loss":0,"event_name":"Falling","floor":44,"gold_loss":0}],"is_beta":false,"boss_relics":[{"not_picked":["HoveringKite","Pandora\u0027s Box"],"picked":"Coffee Dripper"},{"not_picked":["Busted Crown","Empty Cage"],"picked":"Black Star"}],"items_purged_floors":[5,12],"is_endless":false,"potions_floor_spawned":[1,3,13,24,33,35,45,48],"ascension_level":9}