{"gold_per_floor":[115,115,115,131,149,149,184,184,207,238,253,253,273,290,290,390,390,400,52,65,65,75,75],"floor_reached":23,"playtime":1074,"items_purged":[],"score":333,"play_id":"f6b0ac5d-0d67-4e0f-89ef-5b622d55ff32","local_time":"20181001232210","is_ascension_mode":true,"campfire_choices":[{"data":"Chaos","floor":6,"key":"SMITH"},{"data":"Zap","floor":8,"key":"SMITH"},{"data":"Loop","floor":15,"key":"SMITH"}],"neow_cost":"NONE","seed_source_timestamp":12461282856408,"circlet_count":0,"master_deck":["Defend_B","Defend_B","Defend_B","Defend_B","Zap+1","Dualcast","Rebound","Turbo","Chaos+1","All For One","Genetic Algorithm","Compile Driver","Leap","Loop+1","Creative AI","Beam Cell","Compile Driver+1","Bite","Bite","Bite","Bite","Bite","Go for the Eyes+1"],"relics":["Cracked Core","Bag of Marbles","PreservedInsect","Anchor","Girya","Sozu","Runic Capacitor","Bag of Preparation"],"potions_floor_usage":[7,10,16,16,18],"damage_taken":[{"damage":0,"enemies":"Small Slimes","floor":1,"turns":3},{"damage":2,"enemies":"2 Louse","floor":4,"turns":3},{"damage":2,"enemies":"Jaw Worm","floor":5,"turns":2},{"damage":18,"enemies":"Lagavulin","floor":7,"turns":5},{"damage":0,"enemies":"Gremlin Nob","floor":10,"turns":2},{"damage":6,"enemies":"Blue Slaver","floor":11,"turns":3},{"damage":17,"enemies":"Lots of Slimes","floor":13,"turns":4},{"damage":0,"enemies":"Large Slime","floor":14,"turns":4},{"damage":7,"enemies":"The Guardian","floor":16,"turns":11},{"damage":13,"enemies":"3 Byrds","floor":18,"turns":3},{"damage":17,"enemies":"Spheric Guardian","floor":20,"turns":4},{"damage":43,"enemies":"3 Cultists","floor":22,"turns":6},{"damage":10,"enemies":"Slavers","floor":23,"turns":1}],"seed_played":"5807866494353232464","potions_obtained":[{"floor":4,"key":"Strength Potion"},{"floor":5,"key":"Fire Potion"},{"floor":7,"key":"AttackPotion"},{"floor":13,"key":"Weak Potion"},{"floor":14,"key":"Explosive Potion"}],"is_trial":false,"path_per_floor":["M","?","?","M","M","R","E","R","T","E","M","$","M","M","R","B",null,"M","$","M","?","M"],"character_chosen":"DEFECT","items_purchased":["Runic Capacitor","Bag of Preparation"],"campfire_rested":0,"item_purchase_floors":[19,19],"current_hp_per_floor":[68,68,68,66,64,64,46,46,46,46,40,40,23,23,23,16,60,47,47,30,30,1,0],"gold":75,"neow_bonus":"RANDOM_COMMON_RELIC","is_prod":false,"is_daily":false,"chose_seed":false,"campfire_upgraded":3,"win_rate":0,"timestamp":1538450530,"path_taken":["M","?","?","M","M","R","E","R","T","E","M","$","?","M","R","BOSS","M","$","M","?","M","E"],"build_version":"2018-09-27","purchased_purges":0,"victory":false,"max_hp_per_floor":[75,75,75,75,75,75,75,75,75,75,75,75,75,75,75,75,75,75,75,75,52,52,52],"card_choices":[{"not_picked":["Gash","BootSequence"],"picked":"Rebound","floor":1},{"not_picked":["Storm","Auto Shields"],"picked":"Turbo","floor":4},{"not_picked":["FTL","Consume"],"picked":"Chaos","floor":5},{"not_picked":["Electrodynamics","Barrage"],"picked":"All For One","floor":7},{"not_picked":["Scrape","Turbo"],"picked":"Genetic Algorithm","floor":10},{"not_picked":["Stack","Go for the Eyes"],"picked":"Compile Driver","floor":11},{"not_picked":["Go for the Eyes","Redo"],"picked":"Leap","floor":13},{"not_picked":["Redo","Skim"],"picked":"Loop","floor":14},{"not_picked":["Rainbow","Core Surge"],"picked":"Creative AI","floor":16},{"not_picked":["Stack","Sweeping Beam"],"picked":"Beam Cell","floor":18},{"not_picked":["Stack+1","Ball Lightning+1"],"picked":"Compile Driver+1","floor":20},{"not_picked":["Sweeping Beam+1","Hologram"],"picked":"Go for the Eyes+1","floor":22}],"player_experience":640174,"relics_obtained":[{"floor":7,"key":"PreservedInsect"},{"floor":9,"key":"Anchor"},{"floor":10,"key":"Girya"}],"event_choices":[{"event_name":"The Cleric","player_choice":"Leave","floor":2,"damage_taken":0},{"event_name":"Purifier","player_choice":"One Purge","floor":3,"damage_taken":0},{"event_name":"Vampires","player_choice":"Became a vampire","floor":21,"damage_taken":0}],"is_beta":false,"boss_relics":[{"not_picked":["Orrery","Calling Bell"],"picked":"Sozu"}],"items_purged_floors":[],"is_endless":false,"potions_floor_spawned":[4,5,7,13,14,18,20],"killed_by":"Slavers","ascension_level":7}