{"gold_per_floor":[118,118,118,70,83,126,126,142,215,239,239,204,229,229,229,354,354],"floor_reached":17,"playtime":854,"items_purged":[],"score":155,"play_id":"4ab289a3-2988-41ad-8f4f-25f106d3c418","local_time":"20190301205424","is_ascension_mode":false,"campfire_choices":[{"floor":7.0,"key":"REST"},{"data":"Zap","floor":11.0,"key":"SMITH"},{"data":"Hologram","floor":15.0,"key":"SMITH"}],"neow_cost":"NONE","seed_source_timestamp":0,"circlet_count":0,"master_deck":["Strike_B","Strike_B","Strike_B","Strike_B","Defend_B","Defend_B","Defend_B+1","Defend_B","Zap+1","Dualcast","Leap+1","Compile Driver","Compile Driver","Genetic Algorithm","Hologram+1","Ball Lightning","Machine Learning"],"special_seed":0,"relics":["Cracked Core","Golden Idol","Happy Flower","War Paint","Kunai","Ectoplasm"],"potions_floor_usage":[],"damage_taken":[{"damage":2.0,"enemies":"Jaw Worm","floor":1.0,"turns":4.0},{"damage":2.0,"enemies":"2 Louse","floor":5.0,"turns":3.0},{"damage":41.0,"enemies":"Lagavulin","floor":6.0,"turns":7.0},{"damage":0.0,"enemies":"Small Slimes","floor":8.0,"turns":4.0},{"damage":0.0,"enemies":"Looter","floor":10.0,"turns":3.0},{"damage":7.0,"enemies":"Exordium Thugs","floor":13.0,"turns":3.0},{"damage":25,"enemies":"The Guardian","floor":16,"turns":10}],"seed_played":"5918977521933236663","potions_obtained":[{"floor":10.0,"key":"Regen Potion"},{"floor":13.0,"key":"Fire Potion"},{"floor":16,"key":"Block Potion"}],"is_trial":false,"path_per_floor":["M","?","?","$","M","E","R","M","T","M","R","?","M","?","R","B",null],"character_chosen":"DEFECT","items_purchased":["Compile Driver"],"campfire_rested":1,"item_purchase_floors":[4],"current_hp_per_floor":[80,76,58,58,56,15,37,37,37,37,37,56,49,49,49,24,76],"gold":354,"neow_bonus":"TEN_PERCENT_HP_BONUS","is_prod":false,"is_daily":false,"chose_seed":false,"campfire_upgraded":2,"win_rate":0,"timestamp":1551466464,"path_taken":["M","?","?","$","M","E","R","M","T","M","R","?","M","?","R","BOSS"],"build_version":"2019-01-23","purchased_purges":0,"victory":false,"max_hp_per_floor":[82,76,76,76,76,76,76,76,76,76,76,76,76,76,76,76,76],"card_choices":[{"not_picked":["Turbo","Chaos"],"picked":"Leap","floor":1.0},{"not_picked":["Turbo","Leap"],"picked":"Compile Driver","floor":5.0},{"not_picked":["Creative AI","Hologram"],"picked":"Genetic Algorithm","floor":6.0},{"not_picked":["Beam Cell","Rebound","Chaos"],"picked":"SKIP","floor":8.0},{"not_picked":["Gash","Melter"],"picked":"Hologram","floor":10.0},{"not_picked":["Defragment","Conserve Battery"],"picked":"Ball Lightning","floor":13.0},{"not_picked":["Reboot","All For One"],"picked":"Machine Learning","floor":16}],"player_experience":550697,"relics_obtained":[{"floor":6.0,"key":"War Paint"},{"floor":9.0,"key":"Kunai"}],"event_choices":[{"damage_healed":0.0,"max_hp_gain":0.0,"max_hp_loss":6.0,"gold_gain":0.0,"event_name":"Golden Idol","player_choice":"Lose Max HP","floor":2.0,"gold_loss":0.0,"damage_taken":0.0,"relics_obtained":["Golden Idol"]},{"damage_healed":0.0,"max_hp_gain":0.0,"max_hp_loss":0.0,"gold_gain":0.0,"event_name":"Scrap Ooze","player_choice":"Success","floor":3.0,"gold_loss":0.0,"damage_taken":18.0,"relics_obtained":["Happy Flower"]},{"damage_healed":19.0,"max_hp_gain":0.0,"max_hp_loss":0.0,"gold_gain":0.0,"event_name":"The Cleric","player_choice":"Healed","floor":12.0,"gold_loss":35.0,"damage_taken":0.0},{"damage_healed":0.0,"max_hp_gain":0.0,"max_hp_loss":0.0,"gold_gain":0.0,"event_name":"Dead Adventurer","player_choice":"Searched \u00270\u0027 times","floor":14.0,"gold_loss":0.0,"damage_taken":0.0}],"is_beta":false,"boss_relics":[{"not_picked":["Black Star","Nuclear Battery"],"picked":"Ectoplasm"}],"items_purged_floors":[],"is_endless":false,"potions_floor_spawned":[10,13,16],"ascension_level":0}