{"gold_per_floor":[119,119,138,49,49,80,80,119,199,223,223,248,268,326,326,455,455,480,480,330,314,314,314,335,353,353,353,368,29],"floor_reached":29,"playtime":2819,"items_purged":["Writhe"],"score":324,"play_id":"f528a85a-5b55-4644-808f-1fedd2cbfd9c","local_time":"20190307034520","is_ascension_mode":true,"campfire_choices":[{"data":"True Grit","floor":7,"key":"SMITH"},{"data":"Corruption","floor":11,"key":"SMITH"},{"data":"Uppercut","floor":15,"key":"SMITH"},{"data":"Bludgeon","floor":23,"key":"SMITH"},{"data":"Disarm","floor":27,"key":"SMITH"}],"neow_cost":"NONE","seed_source_timestamp":61410722456953,"circlet_count":0,"master_deck":["Defend_R","Defend_R","Defend_R","Defend_R+1","Bash+1","True Grit+1","Iron Wave","Corruption+1","Wild Strike","Spot Weakness+1","Ghostly Armor","Uppercut+1","Bludgeon+1","Bite","Bite","Bite","Bite","Bite","Disarm+1","Shrug It Off+1","Offering","Feel No Pain","Shrug It Off"],"relics":["Burning Blood","NeowsBlessing","Golden Idol","Pen Nib","Kunai","Sozu","Orichalcum","War Paint","Pantograph","Strawberry"],"potions_floor_usage":[],"damage_taken":[{"damage":0,"enemies":"2 Louse","floor":1,"turns":1},{"damage":0,"enemies":"Jaw Worm","floor":3,"turns":1},{"damage":0,"enemies":"Lagavulin","floor":6,"turns":1},{"damage":46,"enemies":"Gremlin Nob","floor":8,"turns":5},{"damage":0,"enemies":"Cultist","floor":10,"turns":3},{"damage":3,"enemies":"Looter","floor":12,"turns":4},{"damage":5,"enemies":"3 Louse","floor":13,"turns":5},{"damage":15,"enemies":"The Guardian","floor":16,"turns":12},{"damage":24,"enemies":"3 Byrds","floor":18,"turns":7},{"damage":14,"enemies":"2 Thieves","floor":21,"turns":4},{"damage":15,"enemies":"Shelled Parasite and Fungi","floor":24,"turns":7},{"damage":16,"enemies":"Snake Plant","floor":25,"turns":4},{"damage":3,"enemies":"3 Cultists","floor":28,"turns":6}],"seed_played":"5666190251738896921","potions_obtained":[{"floor":1,"key":"Explosive Potion"},{"floor":8,"key":"Block Potion"},{"floor":13,"key":"Fire Potion"}],"is_trial":false,"path_per_floor":["M","?","M","$","?","E","R","E","T","M","R","M","M","?","R","B",null,"M","?","$","M","?","R","M","M","T","R","M","$"],"character_chosen":"IRONCLAD","items_purchased":["Corruption","Wild Strike","Orichalcum","Feel No Pain","Strawberry","Shrug It Off"],"campfire_rested":0,"item_purchase_floors":[4,4,20,29,29,29],"current_hp_per_floor":[80,80,80,80,74,74,74,34,34,40,40,43,44,44,44,35,74,56,51,51,51,51,51,50,41,41,41,50,57],"gold":29,"neow_bonus":"THREE_ENEMY_KILL","is_prod":false,"is_daily":false,"chose_seed":false,"campfire_upgraded":5,"win_rate":0,"timestamp":1551923120,"path_taken":["M","?","M","$","?","E","R","E","T","M","R","?","?","?","R","BOSS","M","?","$","M","?","R","M","M","T","R","M","$"],"build_version":"2019-01-23","purchased_purges":1,"victory":false,"max_hp_per_floor":[80,80,80,80,74,74,74,74,74,74,74,74,74,74,74,74,74,74,51,51,51,51,51,51,51,51,51,51,58],"card_choices":[{"not_picked":["Dropkick","Pummel"],"picked":"True Grit","floor":1},{"not_picked":["Anger","Ghostly Armor"],"picked":"Iron Wave","floor":3},{"not_picked":["Second Wind","Intimidate"],"picked":"Spot Weakness","floor":6},{"not_picked":["Corruption","Second Wind","Searing Blow"],"picked":"SKIP","floor":8},{"not_picked":["Pommel Strike","Headbutt"],"picked":"Ghostly Armor","floor":10},{"not_picked":["True Grit","Twin Strike"],"picked":"Uppercut","floor":12},{"not_picked":["Inflame","Exhume","Pommel Strike"],"picked":"SKIP","floor":13},{"not_picked":["Barricade","Brutality"],"picked":"Bludgeon","floor":16},{"not_picked":["Pommel Strike","Reckless Charge+1","Iron Wave"],"picked":"SKIP","floor":18},{"not_picked":["Clash","Blood for Blood"],"picked":"Disarm","floor":21},{"not_picked":["Wild Strike","Evolve"],"picked":"Shrug It Off+1","floor":24},{"not_picked":["Body Slam","Clothesline","Dual Wield"],"picked":"SKIP","floor":25},{"not_picked":["Sever Soul","Pummel"],"picked":"Offering","floor":28}],"player_experience":683192,"relics_obtained":[{"floor":6,"key":"Pen Nib"},{"floor":9,"key":"Kunai"},{"floor":26,"key":"Pantograph"}],"event_choices":[{"damage_healed":0,"gold_gain":0,"player_choice":"Grow","damage_taken":0,"max_hp_gain":0,"max_hp_loss":0,"event_name":"Living Wall","floor":2,"gold_loss":0,"cards_upgraded":["Bash"]},{"damage_healed":0,"gold_gain":0,"player_choice":"Lose Max HP","damage_taken":0,"relics_obtained":["Golden Idol"],"max_hp_gain":0,"max_hp_loss":6,"event_name":"Golden Idol","floor":5,"gold_loss":0},{"damage_healed":0,"gold_gain":58,"player_choice":"Gained Gold","damage_taken":0,"max_hp_gain":0,"max_hp_loss":0,"event_name":"Golden Wing","floor":14,"gold_loss":0},{"damage_healed":0,"gold_gain":0,"player_choice":"Became a vampire","damage_taken":0,"max_hp_gain":0,"max_hp_loss":23,"event_name":"Vampires","floor":19,"gold_loss":0,"cards_obtained":["Bite","Bite","Bite","Bite","Bite"]},{"damage_healed":0,"gold_gain":0,"player_choice":"Opened","damage_taken":0,"relics_obtained":["War Paint"],"max_hp_gain":0,"max_hp_loss":0,"event_name":"The Mausoleum","floor":22,"gold_loss":0,"cards_obtained":["Writhe"]}],"is_beta":false,"boss_relics":[{"not_picked":["Runic Pyramid","White Beast Statue"],"picked":"Sozu"}],"items_purged_floors":[29],"is_endless":false,"potions_floor_spawned":[1,8,13,16,21,25,28],"ascension_level":3}