{"gold_per_floor":[219,234,248,248,248,248,274,288,312,312,331,84,95,107,107,207,207,207,80,80,80,80,80],"floor_reached":23,"playtime":1008,"items_purged":["Strike_B","Strike_B"],"score":266,"play_id":"5822811c-4bca-4bca-9078-c74447931b08","local_time":"20181001193207","is_ascension_mode":true,"campfire_choices":[{"data":"Chaos","floor":6,"key":"SMITH"},{"floor":15,"key":"REST"}],"neow_cost":"NONE","seed_source_timestamp":14375779711470,"circlet_count":0,"master_deck":["Strike_B","Strike_B+1","Defend_B","Defend_B","Defend_B+1","Defend_B","Zap","Dualcast","Chaos+1","Go for the Eyes","Loop+1","Turbo","Steam Power","Core Surge","Deadly Poison","Loop","Dodge and Roll+1","Tools of the Trade","Reinforced Body+1"],"relics":["Cracked Core","Anchor","Orichalcum","Smiling Mask","PrismaticShard","Ectoplasm"],"potions_floor_usage":[2,7,16,23],"damage_taken":[{"damage":0,"enemies":"Small Slimes","floor":1,"turns":3},{"damage":0,"enemies":"2 Louse","floor":2,"turns":3},{"damage":0,"enemies":"Jaw Worm","floor":3,"turns":3},{"damage":16,"enemies":"3 Sentries","floor":7,"turns":7},{"damage":4,"enemies":"Looter","floor":8,"turns":3},{"damage":0,"enemies":"Red Slaver","floor":11,"turns":3},{"damage":8,"enemies":"Lots of Slimes","floor":13,"turns":4},{"damage":1,"enemies":"3 Louse","floor":14,"turns":3},{"damage":13,"enemies":"The Guardian","floor":16,"turns":8},{"damage":6,"enemies":"Spheric Guardian","floor":18,"turns":3},{"damage":12,"enemies":"3 Byrds","floor":20,"turns":5},{"damage":20,"enemies":"Shelled Parasite and Fungi","floor":21,"turns":5},{"damage":27,"enemies":"Snake Plant","floor":22,"turns":4},{"damage":14,"enemies":"Gremlin Leader","floor":23,"turns":4}],"seed_played":"-4483359793393530647","potions_obtained":[{"floor":1,"key":"AttackPotion"},{"floor":2,"key":"Fruit Juice"},{"floor":7,"key":"Energy Potion"},{"floor":13,"key":"AttackPotion"},{"floor":18,"key":"Dexterity Potion"},{"floor":22,"key":"Swift Potion"}],"is_trial":false,"path_per_floor":["M","M","M","?","?","R","E","M","T","?","M","$","M","M","R","B",null,"M","$","M","M","M"],"character_chosen":"DEFECT","items_purchased":["PrismaticShard","Loop"],"campfire_rested":1,"item_purchase_floors":[12,19],"current_hp_per_floor":[68,73,73,57,57,57,41,37,37,37,37,37,29,28,52,39,70,64,64,52,32,5,0],"gold":80,"neow_bonus":"HUNDRED_GOLD","is_prod":false,"is_daily":false,"chose_seed":false,"campfire_upgraded":1,"win_rate":0,"timestamp":1538436727,"path_taken":["M","M","M","?","?","R","E","M","T","?","M","$","M","M","R","BOSS","M","$","M","M","M","E"],"build_version":"2018-09-27","purchased_purges":2,"victory":false,"max_hp_per_floor":[75,80,80,80,80,80,80,80,80,80,80,80,80,80,80,80,80,80,80,80,80,80,80],"card_choices":[{"not_picked":["Scrape","Barrage"],"picked":"Chaos","floor":1},{"not_picked":["Gash","Hologram"],"picked":"Go for the Eyes","floor":2},{"not_picked":["Force Field","Sweeping Beam"],"picked":"Loop","floor":3},{"not_picked":["Doom and Gloom","BootSequence"],"picked":"Turbo","floor":7},{"not_picked":["Coolheaded","Tempest","Turbo"],"picked":"SKIP","floor":8},{"not_picked":["Skim","Meteor Strike"],"picked":"Steam Power","floor":11},{"not_picked":["Bane","Reprogram","Conserve Battery"],"picked":"SKIP","floor":13},{"not_picked":["Skewer","Tempest","Sweeping Beam"],"picked":"SKIP","floor":14},{"not_picked":["Unload","Hyperbeam"],"picked":"Core Surge","floor":16},{"not_picked":["Slice","Redo"],"picked":"Deadly Poison","floor":18},{"not_picked":["Compile Driver","Feel No Pain+1"],"picked":"Dodge and Roll+1","floor":20},{"not_picked":["Steam","Clash"],"picked":"Tools of the Trade","floor":21},{"not_picked":["Chill","Ball Lightning+1"],"picked":"Reinforced Body+1","floor":22}],"player_experience":636741,"relics_obtained":[{"floor":5,"key":"Anchor"},{"floor":7,"key":"Orichalcum"},{"floor":9,"key":"Smiling Mask"}],"event_choices":[{"event_name":"Shining Light","player_choice":"Entered Light","floor":4,"damage_taken":0},{"event_name":"Wheel of Change","player_choice":"Relic","floor":5,"damage_taken":0},{"event_name":"Living Wall","player_choice":"Grow","floor":10,"damage_taken":0}],"is_beta":false,"boss_relics":[{"not_picked":["Fusion Hammer","Eternal Feather"],"picked":"Ectoplasm"}],"items_purged_floors":[12,19],"is_endless":false,"potions_floor_spawned":[1,2,7,13,18,22],"killed_by":"Gremlin Leader","ascension_level":7}