{"gold_per_floor":[217,51,61,76,76,76,93,93,120,151,12,12,22,40,40,40],"floor_reached":16,"playtime":741,"items_purged":[],"score":204,"play_id":"5559a1d6-040d-4426-b4cc-7a54ca57dd13","local_time":"20190307131051","is_ascension_mode":true,"campfire_choices":[{"data":"Neutralize","floor":6,"key":"SMITH"},{"data":"Footwork","floor":8,"key":"SMITH"},{"floor":12,"key":"REST"},{"floor":15,"key":"REST"}],"neow_cost":"NONE","seed_source_timestamp":29815671624451,"circlet_count":0,"master_deck":["AscendersBane","Defend_G","Defend_G","Defend_G","Defend_G","Defend_G","Strike_G","Strike_G","Strike_G","Strike_G","Survivor","Neutralize+1","Prepared","Backflip","Footwork+1","Infinite Blades","Flying Knee","Cloak And Dagger","Infinite Blades","Cloak And Dagger"],"relics":["Ring of the Snake","Vajra","Ancient Tea Set","Happy Flower"],"potions_floor_usage":[16,16],"damage_taken":[{"damage":0,"enemies":"2 Louse","floor":1,"turns":4},{"damage":1,"enemies":"Cultist","floor":3,"turns":4},{"damage":0,"enemies":"Small Slimes","floor":4,"turns":3},{"damage":0,"enemies":"Red Slaver","floor":7,"turns":7},{"damage":54,"enemies":"3 Sentries","floor":10,"turns":17},{"damage":11,"enemies":"3 Louse","floor":13,"turns":4},{"damage":0,"enemies":"Blue Slaver","floor":14,"turns":5},{"damage":34,"enemies":"Slime Boss","floor":16,"turns":8}],"seed_played":"-6177312371360592091","potions_obtained":[{"floor":10,"key":"GamblersBrew"},{"floor":13,"key":"Poison Potion"}],"is_trial":false,"path_per_floor":["M","$","M","M","?","R","M","R","T","E","$","R","M","M","R","B"],"character_chosen":"THE_SILENT","items_purchased":["Vajra","Cloak And Dagger","Infinite Blades"],"campfire_rested":2,"item_purchase_floors":[2,11,11],"current_hp_per_floor":[59,59,58,58,58,58,58,58,58,4,4,23,12,12,31,0],"gold":40,"neow_bonus":"HUNDRED_GOLD","is_prod":false,"is_daily":false,"chose_seed":false,"campfire_upgraded":2,"win_rate":0,"timestamp":1551931851,"path_taken":["M","$","M","M","?","R","M","R","T","E","?","R","M","M","R","BOSS"],"build_version":"2019-01-23","purchased_purges":0,"victory":false,"max_hp_per_floor":[66,66,66,66,66,66,66,66,66,66,66,66,66,66,66,66],"card_choices":[{"not_picked":["Sucker Punch","Well Laid Plans"],"picked":"Prepared","floor":1},{"not_picked":["Acrobatics","Finisher"],"picked":"Backflip","floor":3},{"not_picked":["PiercingWail","Cloak And Dagger"],"picked":"Footwork","floor":4},{"not_picked":["Unload","Calculated Gamble"],"picked":"Infinite Blades","floor":7},{"not_picked":["Deadly Poison","Blur"],"picked":"Flying Knee","floor":10},{"not_picked":["Setup","Bane","Deflect"],"picked":"SKIP","floor":13},{"not_picked":["Sucker Punch","Bane"],"picked":"Cloak And Dagger","floor":14}],"player_experience":637920,"relics_obtained":[{"floor":9,"key":"Ancient Tea Set"},{"floor":10,"key":"Happy Flower"}],"event_choices":[{"cards_removed":["Strike_G"],"damage_healed":0,"gold_gain":0,"player_choice":"Purged","damage_taken":0,"max_hp_gain":0,"max_hp_loss":0,"event_name":"Purifier","floor":5,"gold_loss":0}],"is_beta":false,"boss_relics":[],"items_purged_floors":[],"is_endless":false,"potions_floor_spawned":[10,13,14],"killed_by":"Slime Boss","ascension_level":20}