{"gold_per_floor":[217,227,242,242,242,242,268,280,333,344,57,57,76,28,28,28],"floor_reached":16,"playtime":643,"items_purged":["Strike_B"],"score":112,"play_id":"bfaaabeb-5ccf-4322-a1ba-0f04461faf6f","local_time":"20180922200019","is_ascension_mode":true,"campfire_choices":[{"data":"Beam Cell","floor":6,"key":"SMITH"},{"data":"Zap","floor":12,"key":"SMITH"},{"data":"Scrape","floor":15,"key":"SMITH"}],"neow_cost":"NONE","seed_source_timestamp":80899530959197,"circlet_count":0,"master_deck":["Strike_B","Strike_B","Strike_B","Defend_B","Defend_B","Defend_B","Defend_B","Zap+1","Dualcast+1","Beam Cell+1","Auto Shields","Gash","Scrape+1","Seek","Scrape","Reprogram","Beam Cell","Ball Lightning"],"relics":["Cracked Core","Mummified Hand","Centennial Puzzle","Art of War"],"potions_floor_usage":[7,16,16],"damage_taken":[{"damage":7,"enemies":"Small Slimes","floor":1,"turns":3},{"damage":1,"enemies":"2 Louse","floor":2,"turns":2},{"damage":1,"enemies":"Cultist","floor":3,"turns":3},{"damage":15,"enemies":"3 Sentries","floor":7,"turns":7},{"damage":3,"enemies":"Blue Slaver","floor":8,"turns":2},{"damage":0,"enemies":"3 Louse","floor":10,"turns":2},{"damage":1,"enemies":"Looter","floor":13,"turns":2},{"damage":39,"enemies":"The Guardian","floor":16,"turns":8}],"seed_played":"-58530789208847256","potions_obtained":[{"floor":3,"key":"Energy Potion"},{"floor":8,"key":"Regen Potion"},{"floor":10,"key":"Energy Potion"}],"is_trial":false,"path_per_floor":["M","M","M","?","?","R","E","M","T","M","$","R","M","$","R"],"character_chosen":"DEFECT","items_purchased":["Scrape","Reprogram","Beam Cell","SteroidPotion"],"campfire_rested":0,"item_purchase_floors":[11,11,11,14],"current_hp_per_floor":[68,67,66,41,41,41,26,23,23,23,23,23,22,22,22,0],"gold":28,"neow_bonus":"HUNDRED_GOLD","is_prod":false,"is_daily":false,"chose_seed":false,"campfire_upgraded":3,"win_rate":0,"timestamp":1537660819,"path_taken":["M","M","M","?","?","R","E","M","T","M","?","R","M","$","R","BOSS"],"build_version":"2018-09-20","purchased_purges":1,"victory":false,"max_hp_per_floor":[75,75,75,75,75,75,75,75,75,75,75,75,75,75,75,75],"card_choices":[{"not_picked":["Conserve Battery","Turbo"],"picked":"Beam Cell","floor":1},{"not_picked":["Rebound","Cold Snap"],"picked":"Auto Shields","floor":2},{"not_picked":["Barrage","Conserve Battery"],"picked":"Gash","floor":3},{"not_picked":["Skim","Beam Cell"],"picked":"Scrape","floor":7},{"not_picked":["Conserve Battery","Barrage"],"picked":"Seek","floor":8},{"not_picked":["Compile Driver","Hello World","Aggregate"],"picked":"SKIP","floor":10},{"not_picked":["Barrage","Consume"],"picked":"Ball Lightning","floor":13}],"player_experience":572924,"relics_obtained":[{"floor":7,"key":"Centennial Puzzle"},{"floor":9,"key":"Art of War"}],"event_choices":[{"event_name":"Scrap Ooze","player_choice":"success","floor":4,"damage_taken":25},{"event_name":"Accursed Blacksmith","player_choice":"Forge","floor":5,"damage_taken":0}],"is_beta":false,"boss_relics":[],"items_purged_floors":[11],"is_endless":false,"potions_floor_spawned":[3,8,10],"killed_by":"The Guardian","ascension_level":2}