{"path_per_floor":["M","?","?","?","M","R","E","R","T","R","M","M","R","?","R","B",null,"M","$","?"],"character_chosen":"IRONCLAD","items_purchased":["Frozen Eye"],"gold_per_floor":[116,66,66,66,82,82,122,122,122,122,138,154,154,154,154,282,282,301,27,27,27],"floor_reached":21,"campfire_rested":0,"playtime":660,"current_hp_per_floor":[77,77,74,74,63,63,18,18,18,18,28,38,38,64,64,24,78,58,58,58,0],"items_purged":["Strike_R"],"gold":27,"score":210,"play_id":"5499348e-b09f-4bdd-ba8b-0ff160841be5","local_time":"20180512192803","is_prod":false,"is_daily":false,"chose_seed":false,"is_ascension_mode":true,"campfire_upgraded":5,"timestamp":1526167683,"path_taken":["M","?","?","?","M","R","E","R","T","R","M","M","R","?","R","BOSS","M","$","?","M"],"build_version":"2018-05-12v2","seed_source_timestamp":310305292915637,"purchased_purges":2,"victory":false,"master_deck":["Strike_R","Strike_R","Defend_R+1","Defend_R","Defend_R","Defend_R","Bash+1","Clothesline+1","Bloodletting+1","Fiend Fire+1","Berserk","Ghostly Armor+1"],"max_hp_per_floor":[80,80,74,74,74,74,74,74,74,74,76,78,78,78,78,78,78,78,78,78,78],"relics":["Burning Blood","Golden Idol","Blood Vial","Singing Bowl","Philosopher\u0027s Stone","Frozen Eye"],"card_choices":[{"not_picked":["Warcry","Cleave"],"picked":"Clothesline","floor":1},{"not_picked":["Rage","Warcry"],"picked":"Bloodletting","floor":5},{"not_picked":["Berserk","Combust"],"picked":"Fiend Fire","floor":7},{"not_picked":["Heavy Blade","Anger","Cleave"],"picked":"Singing Bowl","floor":11},{"not_picked":["Havoc","Thunderclap","Cleave"],"picked":"Singing Bowl","floor":12},{"not_picked":["Brutality","Barricade"],"picked":"Berserk","floor":16},{"not_picked":["Reckless Charge","Body Slam"],"picked":"Ghostly Armor+1","floor":18}],"player_experience":123038,"potions_floor_usage":[7,16,21],"damage_taken":[{"damage":9,"enemies":"Jaw Worm","floor":1,"turns":3},{"damage":17,"enemies":"Small Slimes","floor":5,"turns":6},{"damage":51,"enemies":"Gremlin Nob","floor":7,"turns":6},{"damage":0,"enemies":"2 Louse","floor":11,"turns":2},{"damage":0,"enemies":"Large Slime","floor":12,"turns":2},{"damage":48,"enemies":"The Guardian","floor":16,"turns":9},{"damage":26,"enemies":"Spheric Guardian","floor":18,"turns":4},{"damage":61,"enemies":"3 Byrds","floor":21,"turns":6}],"event_choices":[{"event_name":"The Cleric","player_choice":"Card Removal","floor":2,"damage_taken":0},{"event_name":"Golden Idol","player_choice":"Lose Max HP","floor":3,"damage_taken":0},{"event_name":"Living Wall","player_choice":"Forget","floor":4,"damage_taken":0},{"event_name":"Big Fish","player_choice":"Banana","floor":14,"damage_taken":0},{"event_name":"Addict","player_choice":"Ignored","floor":20,"damage_taken":0}],"boss_relics":[{"not_picked":["Mark of Pain","Runic Cube"],"picked":"Philosopher\u0027s Stone"}],"potions_floor_spawned":[5,11,12],"seed_played":"6345396345879255149","killed_by":"3 Byrds","ascension_level":4,"is_trial":false}