{"gold_per_floor":[117,40,5,5,5,5,41,66,139,179,179,179,218,33,33,152,152,175,198,198],"floor_reached":20,"playtime":688,"items_purged":[],"score":298,"play_id":"203a9006-6d1e-4b20-9d60-9b4a17f795fd","local_time":"20181112211053","is_ascension_mode":true,"campfire_choices":[{"data":"Zap","floor":6,"key":"SMITH"},{"floor":11,"key":"REST"},{"floor":15,"key":"REST"}],"neow_cost":"NONE","seed_source_timestamp":180126689644176,"circlet_count":0,"master_deck":["Strike_B","Strike_B","Strike_B","Defend_B","Defend_B","Defend_B","Defend_B","Zap+1","Dualcast","Biased Cognition","Sweeping Beam","Gash","FTL","Coolheaded","Self Repair","Gash","Electrodynamics","Reinforced Body"],"relics":["Cracked Core","NeowsBlessing","Golden Idol","Omamori","Gremlin Horn","Dream Catcher","MawBank","Anchor","Cursed Key"],"potions_floor_usage":[16,16,16,20],"damage_taken":[{"damage":0,"enemies":"Small Slimes","floor":1,"turns":1},{"damage":0,"enemies":"Lagavulin","floor":7,"turns":1},{"damage":0,"enemies":"2 Louse","floor":8,"turns":1},{"damage":32,"enemies":"Gremlin Nob","floor":10,"turns":4},{"damage":30,"enemies":"3 Sentries","floor":13,"turns":6},{"damage":27,"enemies":"Hexaghost","floor":16,"turns":9},{"damage":2,"enemies":"Chosen","floor":18,"turns":4},{"damage":12,"enemies":"2 Thieves","floor":19,"turns":3},{"damage":15,"enemies":"Colosseum Slavers","floor":20,"turns":3},{"damage":62,"enemies":"Colosseum Nobs","floor":20,"turns":3}],"seed_played":"5483460020273291549","potions_obtained":[{"floor":8,"key":"Dexterity Potion"},{"floor":10,"key":"Poison Potion"},{"floor":13,"key":"GamblersBrew"},{"floor":19,"key":"EssenceOfSteel"}],"is_trial":false,"path_per_floor":["M","$","?","?","?","R","E","M","T","E","R","?","E","$","R","B",null,"M","M","?"],"character_chosen":"DEFECT","items_purchased":["Biased Cognition","Anchor","Self Repair"],"campfire_rested":2,"item_purchase_floors":[2,14,14],"current_hp_per_floor":[68,68,75,57,50,50,50,50,50,18,40,65,35,35,57,37,66,71,66,0],"gold":198,"neow_bonus":"THREE_ENEMY_KILL","is_prod":false,"is_daily":false,"chose_seed":false,"campfire_upgraded":1,"win_rate":0,"timestamp":1542078653,"path_taken":["M","$","?","?","?","R","E","M","T","E","R","?","E","$","R","BOSS","M","M","?"],"build_version":"2018-11-08","purchased_purges":0,"victory":false,"max_hp_per_floor":[75,75,75,75,75,75,75,75,75,75,75,75,75,75,75,75,75,75,75,75],"card_choices":[{"not_picked":["Rebound","Scrape","Turbo"],"picked":"SKIP","floor":1},{"not_picked":["Compile Driver","Leap"],"picked":"Sweeping Beam","floor":7},{"not_picked":["Lockon","Turbo","Redo"],"picked":"SKIP","floor":8},{"not_picked":["Fusion","Melter"],"picked":"Gash","floor":10},{"not_picked":["Rebound","Redo"],"picked":"FTL","floor":11},{"not_picked":["Fission","Doom and Gloom"],"picked":"Coolheaded","floor":13},{"not_picked":["Leap","Beam Cell"],"picked":"Gash","floor":15},{"not_picked":["Amplify","Biased Cognition"],"picked":"Electrodynamics","floor":16},{"not_picked":["Sweeping Beam","Beam Cell","Redo"],"picked":"SKIP","floor":18},{"not_picked":["Fusion","Leap"],"picked":"Reinforced Body","floor":19}],"player_experience":193510,"relics_obtained":[{"floor":7,"key":"Omamori"},{"floor":9,"key":"Gremlin Horn"},{"floor":10,"key":"Dream Catcher"},{"floor":13,"key":"MawBank"}],"event_choices":[{"damage_healed":18,"gold_gain":0,"player_choice":"Healed","damage_taken":0,"max_hp_gain":0,"max_hp_loss":0,"event_name":"The Cleric","floor":3,"gold_loss":35},{"damage_healed":0,"gold_gain":0,"player_choice":"Take Damage","damage_taken":18,"relics_obtained":["Golden Idol"],"max_hp_gain":0,"max_hp_loss":0,"event_name":"Golden Idol","floor":4,"gold_loss":0},{"cards_removed":["Strike_B"],"damage_healed":0,"gold_gain":0,"player_choice":"Card Removal","damage_taken":7,"max_hp_gain":0,"max_hp_loss":0,"event_name":"Golden Wing","floor":5,"gold_loss":0},{"damage_healed":25,"gold_gain":0,"player_choice":"Banana","damage_taken":0,"max_hp_gain":0,"max_hp_loss":0,"event_name":"Big Fish","floor":12,"gold_loss":0},{"damage_healed":0,"gold_gain":0,"player_choice":"Fight","damage_taken":0,"max_hp_gain":0,"max_hp_loss":0,"event_name":"Colosseum","floor":20,"gold_loss":0},{"damage_healed":0,"gold_gain":0,"player_choice":"Fought Nobs","damage_taken":0,"max_hp_gain":0,"max_hp_loss":0,"event_name":"Colosseum","floor":20,"gold_loss":0}],"is_beta":false,"boss_relics":[{"not_picked":["Astrolabe","Lizard Tail"],"picked":"Cursed Key"}],"items_purged_floors":[],"is_endless":false,"potions_floor_spawned":[8,10,13,19],"killed_by":"Colosseum Nobs","ascension_level":8}