{"gold_per_floor":[114,64,81,81,41,71,83,118,118,293,293,326,344,374,374,471,471,489,489,504,521,155,173,173,185,185,185,185,203,39,54,54,154,154,172,172,51,69,81,81,81],"floor_reached":41,"playtime":3524,"items_purged":["Doubt","Writhe"],"score":493,"play_id":"abeb63ff-4b2f-4275-a741-5edcd236d77a","local_time":"20190211202840","is_ascension_mode":true,"campfire_choices":[{"data":"Sunder","floor":11,"key":"SMITH"},{"floor":15,"key":"REST"},{"floor":24,"key":"REST"},{"floor":27,"key":"REST"},{"floor":32,"key":"REST"},{"data":"Self Repair","floor":40,"key":"SMITH"}],"neow_cost":"NONE","seed_source_timestamp":689619542661938,"circlet_count":0,"master_deck":["Strike_B","Strike_B+1","Strike_B","Strike_B","Defend_B","Defend_B","Defend_B","Zap","Dualcast","Conserve Battery","Hello World+1","Sunder+1","Seek","Defragment","Self Repair+1","Capacitor","Consume","Ball Lightning","Machine Learning","Go for the Eyes+1","Good Instincts","Conserve Battery","Genetic Algorithm","Redo+1","Stack","Cold Snap+1","Reboot","White Noise+1","Cold Snap+1"],"relics":["Cracked Core","NeowsBlessing","Ancient Tea Set","Gremlin Horn","Happy Flower","Singing Bowl","DataDisk","Lizard Tail","Letter Opener","The Courier","Toy Ornithopter","Eternal Feather"],"potions_floor_usage":[8,20,23,31,33,41,41],"damage_taken":[{"damage":0,"enemies":"Jaw Worm","floor":1,"turns":1},{"damage":0,"enemies":"Small Slimes","floor":3,"turns":1},{"damage":0,"enemies":"Lagavulin","floor":6,"turns":1},{"damage":0,"enemies":"Cultist","floor":7,"turns":2},{"damage":13,"enemies":"3 Sentries","floor":8,"turns":7},{"damage":16,"enemies":"Gremlin Nob","floor":12,"turns":4},{"damage":3,"enemies":"Gremlin Gang","floor":13,"turns":3},{"damage":21,"enemies":"Lagavulin","floor":14,"turns":5},{"damage":34,"enemies":"Hexaghost","floor":16,"turns":10},{"damage":39,"enemies":"Shell Parasite","floor":18,"turns":6},{"damage":19,"enemies":"3 Byrds","floor":20,"turns":5},{"damage":24,"enemies":"Snake Plant","floor":21,"turns":7},{"damage":14,"enemies":"Centurion and Healer","floor":23,"turns":5},{"damage":21,"enemies":"3 Cultists","floor":25,"turns":4},{"damage":17,"enemies":"Sentry and Sphere","floor":29,"turns":4},{"damage":22,"enemies":"Shelled Parasite and Fungi","floor":31,"turns":6},{"damage":41,"enemies":"Champ","floor":33,"turns":15},{"damage":17,"enemies":"Orb Walker","floor":35,"turns":4},{"damage":41,"enemies":"3 Darklings","floor":38,"turns":5},{"damage":38,"enemies":"Maw","floor":39,"turns":9},{"damage":43,"enemies":"Transient","floor":41,"turns":4}],"seed_played":"1026623159533781701","potions_obtained":[{"floor":6,"key":"Energy Potion"},{"floor":7,"key":"Regen Potion"},{"floor":12,"key":"Weak Potion"},{"floor":14,"key":"Ancient Potion"},{"floor":20,"key":"Explosive Potion"},{"floor":23,"key":"LiquidBronze"},{"floor":28,"key":"Dexterity Potion"},{"floor":35,"key":"Dexterity Potion"}],"is_trial":false,"path_per_floor":["M","?","M","?","$","E","M","E","T","?","R","E","M","E","R","B",null,"M","?","M","M","$","M","R","M","T","R","?","M","$","M","R","B",null,"M","?","$","M","M","R","M"],"character_chosen":"DEFECT","items_purchased":["Sunder","Block Potion","Letter Opener","Toy Ornithopter","Explosive Potion"],"campfire_rested":4,"item_purchase_floors":[5,22,22,30,37],"current_hp_per_floor":[75,75,75,60,60,60,60,61,61,61,61,52,56,42,64,37,75,43,29,10,27,27,22,45,31,31,54,54,44,44,34,57,28,77,67,77,77,45,14,29,0],"gold":81,"neow_bonus":"THREE_ENEMY_KILL","is_prod":false,"is_daily":false,"chose_seed":false,"campfire_upgraded":2,"win_rate":0,"timestamp":1549913320,"path_taken":["M","?","M","?","$","E","M","E","T","?","R","E","M","E","R","BOSS","M","?","?","?","$","M","R","M","T","R","?","M","$","?","R","BOSS","M","?","$","M","M","R","M"],"build_version":"2019-01-23","purchased_purges":2,"victory":false,"max_hp_per_floor":[75,75,75,75,75,75,75,75,75,75,75,75,75,75,75,75,75,75,75,75,75,75,77,77,77,77,77,77,77,77,77,77,77,77,77,77,77,79,79,79,79],"card_choices":[{"not_picked":["Rebound","Sweeping Beam"],"picked":"Conserve Battery","floor":1},{"not_picked":["Barrage","Reprogram"],"picked":"Hello World","floor":3},{"not_picked":["Compile Driver","Rebound"],"picked":"Seek","floor":6},{"not_picked":["Conserve Battery","Fusion"],"picked":"Defragment","floor":7},{"not_picked":["Gash","BootSequence"],"picked":"Self Repair","floor":8},{"not_picked":["Cold Snap","Turbo"],"picked":"Capacitor","floor":12},{"not_picked":["Steam","Turbo"],"picked":"Consume","floor":13},{"not_picked":["Sweeping Beam","Defragment"],"picked":"Ball Lightning","floor":14},{"not_picked":["Echo Form","Hyperbeam"],"picked":"Machine Learning","floor":16},{"not_picked":["Hello World+1","Self Repair"],"picked":"Go for the Eyes+1","floor":18},{"not_picked":["Sweeping Beam","Barrage+1"],"picked":"Conserve Battery","floor":20},{"not_picked":["Ball Lightning","Lockon"],"picked":"Genetic Algorithm","floor":21},{"not_picked":["Compile Driver","Turbo","Storm"],"picked":"Singing Bowl","floor":23},{"not_picked":["Streamline+1","Lockon"],"picked":"Redo+1","floor":25},{"not_picked":["Hello World","Barrage"],"picked":"Stack","floor":29},{"not_picked":["Capacitor","Beam Cell"],"picked":"Cold Snap+1","floor":31},{"not_picked":["Meteor Strike","Echo Form"],"picked":"Reboot","floor":33},{"not_picked":["Streamline+1","Beam Cell+1"],"picked":"White Noise+1","floor":35},{"not_picked":["Sweeping Beam","Loop","Undo"],"picked":"Singing Bowl","floor":38},{"not_picked":["FTL","Glacier"],"picked":"Cold Snap+1","floor":39}],"player_experience":258941,"relics_obtained":[{"floor":6,"key":"Ancient Tea Set"},{"floor":8,"key":"Gremlin Horn"},{"floor":9,"key":"Happy Flower"},{"floor":12,"key":"Singing Bowl"},{"floor":14,"key":"DataDisk"},{"floor":26,"key":"The Courier"}],"event_choices":[{"cards_removed":["Defend_B"],"damage_healed":0,"gold_gain":0,"player_choice":"Card Removal","damage_taken":0,"max_hp_gain":0,"max_hp_loss":0,"event_name":"The Cleric","floor":2,"gold_loss":50},{"damage_healed":0,"gold_gain":0,"player_choice":"Entered Light","damage_taken":15,"max_hp_gain":0,"max_hp_loss":0,"event_name":"Shining Light","floor":4,"gold_loss":0,"cards_upgraded":["Hello World","Strike_B"]},{"damage_healed":0,"gold_gain":175,"player_choice":"AGREE","damage_taken":0,"max_hp_gain":0,"max_hp_loss":0,"event_name":"Liars Game","floor":10,"gold_loss":0,"cards_obtained":["Doubt"]},{"damage_healed":0,"gold_gain":0,"player_choice":"CARD ","damage_taken":14,"max_hp_gain":0,"max_hp_loss":0,"event_name":"Knowing Skull","floor":19,"potions_obtained":[],"gold_loss":0,"cards_obtained":["Good Instincts"]},{"damage_healed":0,"gold_gain":0,"player_choice":"Got Potions","damage_taken":0,"max_hp_gain":0,"max_hp_loss":0,"event_name":"Lab","floor":28,"gold_loss":0},{"damage_healed":19,"gold_gain":0,"player_choice":"Writhe","damage_taken":0,"max_hp_gain":0,"max_hp_loss":0,"event_name":"Winding Halls","floor":36,"gold_loss":0,"cards_obtained":["Writhe"]}],"is_beta":false,"boss_relics":[{"not_picked":["Astrolabe","Pandora\u0027s Box"],"picked":"Lizard Tail"},{"not_picked":["Calling Bell","Cursed Key"],"picked":"Eternal Feather"}],"items_purged_floors":[22,37],"is_endless":false,"potions_floor_spawned":[6,7,12,14,20,21,23,35],"killed_by":"Transient","ascension_level":2}