{"gold_per_floor":[113,188,204,215,225,225,255,255,328,328,328,328,347,55,55,55],"floor_reached":16,"playtime":526,"items_purged":[],"score":145,"play_id":"66b721a6-1151-4e67-901c-2406a7dbefc8","local_time":"20190223025151","is_ascension_mode":true,"campfire_choices":[{"data":"Streamline","floor":6,"key":"SMITH"},{"data":"Steam Power","floor":8,"key":"SMITH"},{"data":"Turbo","floor":11,"key":"SMITH"},{"data":"Genetic Algorithm","floor":15,"key":"SMITH"}],"neow_cost":"NONE","seed_source_timestamp":191882212025200,"circlet_count":0,"master_deck":["Strike_B","Strike_B+1","Strike_B","Strike_B+1","Defend_B","Defend_B","Defend_B","Defend_B","Zap","Dualcast","Seek","Genetic Algorithm+1","Turbo+1","Streamline+1","Steam Power+1","Auto Shields"],"relics":["Cracked Core","Peace Pipe","Blue Candle","Calipers"],"potions_floor_usage":[4,7],"damage_taken":[{"damage":4,"enemies":"Jaw Worm","floor":1,"turns":4},{"damage":0,"enemies":"Small Slimes","floor":3,"turns":3},{"damage":1,"enemies":"2 Louse","floor":4,"turns":3},{"damage":3,"enemies":"Exordium Wildlife","floor":5,"turns":4},{"damage":3,"enemies":"Gremlin Nob","floor":7,"turns":3},{"damage":9,"enemies":"3 Louse","floor":13,"turns":3},{"damage":24,"enemies":"Hexaghost","floor":16,"turns":9}],"seed_played":"7617701801008068746","potions_obtained":[{"floor":1,"key":"FearPotion"},{"floor":4,"key":"Fruit Juice"}],"is_trial":false,"path_per_floor":["M","?","M","M","M","R","E","R","T","?","R","?","M","$","R","B"],"character_chosen":"DEFECT","items_purchased":["Calipers"],"campfire_rested":0,"item_purchase_floors":[14],"current_hp_per_floor":[64,53,53,57,54,54,51,51,51,35,35,32,23,23,23,0],"gold":55,"neow_bonus":"ONE_RANDOM_RARE_CARD","is_prod":false,"is_daily":false,"chose_seed":false,"campfire_upgraded":4,"win_rate":0,"timestamp":1550908311,"path_taken":["M","?","M","M","M","R","E","R","T","?","R","?","?","$","R","BOSS"],"build_version":"2019-01-23","purchased_purges":0,"victory":false,"max_hp_per_floor":[75,75,75,80,80,80,80,80,80,80,80,80,80,80,80,80],"card_choices":[{"not_picked":["Skim","Heatsinks"],"picked":"Genetic Algorithm","floor":1},{"not_picked":["Conserve Battery","Beam Cell"],"picked":"Turbo","floor":3},{"not_picked":["BootSequence","Coolheaded"],"picked":"Streamline","floor":4},{"not_picked":["Rebound","Stack"],"picked":"Steam Power","floor":5},{"not_picked":["Cold Snap","Stack","Sunder"],"picked":"SKIP","floor":7},{"not_picked":["Barrage","Sweeping Beam"],"picked":"Auto Shields","floor":13}],"player_experience":690616,"relics_obtained":[{"floor":7,"key":"Peace Pipe"},{"floor":9,"key":"Blue Candle"}],"event_choices":[{"damage_healed":0,"gold_gain":75,"player_choice":"Gather Gold","damage_taken":11,"max_hp_gain":0,"max_hp_loss":0,"event_name":"World of Goop","floor":2,"gold_loss":0},{"damage_healed":0,"gold_gain":0,"player_choice":"Entered Light","damage_taken":16,"max_hp_gain":0,"max_hp_loss":0,"event_name":"Shining Light","floor":10,"gold_loss":0,"cards_upgraded":["Strike_B","Strike_B"]},{"damage_healed":0,"gold_gain":0,"player_choice":"Fled","damage_taken":3,"max_hp_gain":0,"max_hp_loss":0,"event_name":"Scrap Ooze","floor":12,"gold_loss":0}],"is_beta":false,"boss_relics":[],"items_purged_floors":[],"is_endless":false,"potions_floor_spawned":[1,4],"killed_by":"Hexaghost","ascension_level":9}