{"path_per_floor":["M","M","?","M","?","R","M","R","T","$","M","M","R","M","R","B",null,"M","?","M","$","?","R","$","R","T","E","M","E","M","M","R","B",null,"M","$","M","T","M","R","E","M","T","R","?","M","R","$","R","B"],"character_chosen":"IRONCLAD","items_purchased":["Shrug It Off","Uppercut","Shuriken","Shrug It Off","Mummified Hand","Pummel","Potion Belt","PowerPotion","SteroidPotion"],"gold_per_floor":[116,136,136,159,189,189,204,204,277,115,138,151,151,171,171,292,292,311,311,326,65,65,65,15,15,15,50,73,117,137,161,161,282,282,302,24,48,94,115,115,158,171,252,252,252,275,275,20,20,20],"floor_reached":51,"campfire_rested":1,"playtime":2072,"item_purchase_floors":[10,10,21,24,36,36,48,48,48],"current_hp_per_floor":[73,79,59,63,38,38,35,35,35,35,37,43,43,46,46,11,80,80,80,80,80,80,80,80,80,80,68,70,73,72,74,74,18,80,80,80,80,80,80,80,70,66,66,66,66,57,57,57,80,49],"items_purged":["Defend_R"],"gold":20,"score":734,"play_id":"d719ea72-3cdc-41b1-9098-f17e45cc818f","local_time":"20180519195851","is_prod":false,"is_daily":false,"chose_seed":false,"is_ascension_mode":false,"campfire_upgraded":10,"timestamp":1526774331,"campfire_choices":[{"data":"Perfected Strike","floor":6,"key":"SMITH"},{"data":"Bash","floor":8,"key":"SMITH"},{"data":"Uppercut","floor":13,"key":"SMITH"},{"data":"Rage","floor":15,"key":"SMITH"},{"data":"Shrug It Off","floor":23,"key":"SMITH"},{"data":"Shrug It Off","floor":25,"key":"SMITH"},{"data":"Heavy Blade","floor":32,"key":"SMITH"},{"data":"Shrug It Off","floor":40,"key":"SMITH"},{"data":"Perfected Strike","floor":44,"key":"SMITH"},{"data":"Burning Pact","floor":47,"key":"SMITH"},{"floor":49,"key":"REST"}],"path_taken":["M","M","?","M","?","R","M","R","T","?","?","M","R","M","R","BOSS","M","?","M","$","?","R","?","R","T","E","M","E","M","?","R","BOSS","M","$","M","?","M","R","E","M","T","R","?","M","R","$","R","BOSS"],"build_version":"2018-05-18","seed_source_timestamp":915536909388677,"purchased_purges":1,"victory":true,"master_deck":["Strike_R","Strike_R","Strike_R","Strike_R","Strike_R","Bash+1","Perfected Strike+1","Headbutt","Burning Pact+1","Shrug It Off+1","Uppercut+1","Rage+1","Pommel Strike","Spot Weakness","Offering+1","Barricade+1","Infernal Blade+1","Feel No Pain+1","Injury","Shrug It Off+1","Heavy Blade+1","Inflame+1","Shrug It Off+1","Thunderclap+1","Juggernaut+1","Heavy Blade+1","Pummel","Twin Strike+1","Shockwave+1","Perfected Strike+1","Perfected Strike+1"],"max_hp_per_floor":[80,80,80,80,80,80,80,80,80,80,80,80,80,80,80,80,80,80,80,80,80,80,80,80,80,80,80,80,80,80,80,80,80,80,80,80,80,80,80,80,80,80,80,80,80,80,80,80,80,80],"relics":["Burning Blood","Golden Idol","Tiny Chest","Paper Frog","Astrolabe","Pen Nib","Shuriken","Frozen Egg 2","Anchor","Question Card","Philosopher\u0027s Stone","Mummified Hand","Vajra","Peace Pipe","Bottled Lightning","Potion Belt"],"card_choices":[{"not_picked":["Twin Strike","Armaments"],"picked":"Perfected Strike","floor":1},{"not_picked":["Flex","Sentinel"],"picked":"Iron Wave","floor":2},{"not_picked":["Iron Wave","Juggernaut"],"picked":"Headbutt","floor":4},{"not_picked":["Armaments","Corruption"],"picked":"Burning Pact","floor":7},{"not_picked":["Power Through","Shrug It Off"],"picked":"Rage","floor":11},{"not_picked":["Second Wind","Burning Pact"],"picked":"Pommel Strike","floor":12},{"not_picked":["Pommel Strike","Twin Strike"],"picked":"Spot Weakness","floor":14},{"not_picked":["Double Tap","Barricade"],"picked":"Offering","floor":16},{"not_picked":["Body Slam","Iron Wave+1","Heavy Blade"],"picked":"SKIP","floor":18},{"not_picked":["Anger","Reckless Charge","Disarm+1"],"picked":"SKIP","floor":20},{"not_picked":["Berserk+1","Rupture+1"],"picked":"Heavy Blade","floor":27},{"not_picked":["Sever Soul","Spot Weakness"],"picked":"Inflame+1","floor":28},{"not_picked":["Iron Wave","Impervious"],"picked":"Shrug It Off","floor":29},{"not_picked":["Flame Barrier+1","Clothesline+1","Sever Soul+1","Disarm"],"picked":"SKIP","floor":30},{"not_picked":["Flame Barrier+1","Clothesline+1","Sever Soul+1","Disarm"],"picked":"SKIP","floor":30},{"not_picked":["Dropkick","Wild Strike","Warcry"],"picked":"Thunderclap+1","floor":31},{"not_picked":["Barricade+1","Berserk+1","Exhume"],"picked":"Juggernaut+1","floor":33},{"not_picked":["Armaments+1","Headbutt","Sword Boomerang"],"picked":"Heavy Blade+1","floor":35},{"not_picked":["Flex","Shrug It Off","Clothesline"],"picked":"Twin Strike+1","floor":37},{"not_picked":["Blood for Blood","Intimidate+1","Twin Strike"],"picked":"Shockwave+1","floor":39},{"not_picked":["Warcry+1","Body Slam","True Grit"],"picked":"Perfected Strike+1","floor":41},{"not_picked":["Armaments","Sever Soul","Headbutt"],"picked":"Perfected Strike","floor":42},{"not_picked":["Infernal Blade","Thunderclap","Headbutt","Flex+1"],"picked":"SKIP","floor":46}],"player_experience":209418,"potions_floor_usage":[27,27,29,30,41,50,50,50],"damage_taken":[{"damage":13,"enemies":"Jaw Worm","floor":1,"turns":3},{"damage":0,"enemies":"2 Louse","floor":2,"turns":4},{"damage":2,"enemies":"Small Slimes","floor":4,"turns":4},{"damage":9,"enemies":"Blue Slaver","floor":7,"turns":3},{"damage":4,"enemies":"Exordium Thugs","floor":11,"turns":4},{"damage":0,"enemies":"Looter","floor":12,"turns":2},{"damage":3,"enemies":"2 Fungi Beasts","floor":14,"turns":2},{"damage":41,"enemies":"Slime Boss","floor":16,"turns":11},{"damage":4,"enemies":"Shell Parasite","floor":18,"turns":4},{"damage":4,"enemies":"Chosen","floor":20,"turns":3},{"damage":30,"enemies":"Gremlin Leader","floor":27,"turns":5},{"damage":4,"enemies":"Centurion and Healer","floor":28,"turns":3},{"damage":3,"enemies":"Book of Stabbing","floor":29,"turns":4},{"damage":7,"enemies":"Snecko","floor":30,"turns":4},{"damage":4,"enemies":"Snake Plant","floor":31,"turns":2},{"damage":62,"enemies":"Automaton","floor":33,"turns":11},{"damage":6,"enemies":"3 Shapes","floor":35,"turns":5},{"damage":0,"enemies":"Orb Walker","floor":37,"turns":2},{"damage":4,"enemies":"Spire Growth","floor":39,"turns":2},{"damage":16,"enemies":"Giant Head","floor":41,"turns":5},{"damage":10,"enemies":"4 Shapes","floor":42,"turns":3},{"damage":15,"enemies":"3 Darklings","floor":46,"turns":3},{"damage":48,"enemies":"Donu and Deca","floor":50,"turns":6}],"relics_obtained":[{"floor":9,"key":"Paper Frog"},{"floor":26,"key":"Frozen Egg 2"},{"floor":27,"key":"Anchor"},{"floor":29,"key":"Question Card"},{"floor":38,"key":"Vajra"},{"floor":41,"key":"Peace Pipe"},{"floor":43,"key":"Bottled Lightning"}],"event_choices":[{"event_name":"Golden Idol","player_choice":"Take Damage","floor":3,"damage_taken":0},{"event_name":"Scrap Ooze","player_choice":"success","floor":5,"damage_taken":25},{"event_name":"The Mausoleum","player_choice":"Yes","floor":19,"damage_taken":0},{"event_name":"Accursed Blacksmith","player_choice":"Forge","floor":22,"damage_taken":0}],"boss_relics":[{"not_picked":["Eternal Feather","Pandora\u0027s Box"],"picked":"Astrolabe"},{"not_picked":["Tiny House","Runic Pyramid"],"picked":"Philosopher\u0027s Stone"}],"items_purged_floors":[10],"potions_floor_spawned":[4,7,14,18,27,28,33,35,46],"seed_played":"3276101456769462791","ascension_level":0,"potions_obtained":[{"floor":4,"key":"Regen Potion"},{"floor":7,"key":"SkillPotion"},{"floor":14,"key":"Ancient Potion"},{"floor":27,"key":"Block Potion"},{"floor":28,"key":"Ancient Potion"},{"floor":33,"key":"AttackPotion"},{"floor":35,"key":"Swift Potion"},{"floor":46,"key":"Dexterity Potion"}],"is_trial":false}