{"gold_per_floor":[112,124,224,237,237,253,293,293,370,383,401,401,170,170,170,294,294,312,335,335,76,94,94,137,151,151,170,193,193,193,216,216,216],"floor_reached":33,"playtime":3734,"items_purged":["Strike_R"],"score":296,"play_id":"707665fc-78d9-4935-8df9-86be73fa00c1","local_time":"20180922014731","is_ascension_mode":false,"campfire_choices":[{"data":"Reaper","floor":8,"key":"SMITH"},{"data":"Defend_R","floor":12,"key":"SMITH"},{"data":"Perfected Strike","floor":15,"key":"SMITH"},{"data":"Bite","floor":23,"key":"SMITH"},{"data":"Reaper","floor":29,"key":"SMITH"},{"floor":32,"key":"REST"}],"neow_cost":"NONE","seed_source_timestamp":119898997071327,"circlet_count":0,"master_deck":["Defend_R","Defend_R","Defend_R","Defend_R+1","Bash","Reaper+1","Twin Strike+1","Perfected Strike+1","Iron Wave","Anger","True Grit","Bludgeon","Flex","True Grit","Fire Breathing+1","Flex","Reaper+1","Shrug It Off","Twin Strike","Bite","Bite","Bite","Bite+1","Bite","Feel No Pain","Pommel Strike","Iron Wave","Combust","Spot Weakness","RitualDagger","Cleave"],"relics":["Burning Blood","Golden Idol","Ice Cream","Self Forming Clay","Velvet Choker","Blood Vial","Bronze Scales","Pear"],"potions_floor_usage":[7,16,19,19,19,25,25,31],"damage_taken":[{"damage":5,"enemies":"Small Slimes","floor":1,"turns":4},{"damage":5,"enemies":"Cultist","floor":2,"turns":4},{"damage":1,"enemies":"2 Louse","floor":4,"turns":3},{"damage":6,"enemies":"Large Slime","floor":6,"turns":6},{"damage":35,"enemies":"3 Sentries","floor":7,"turns":10},{"damage":1,"enemies":"Exordium Wildlife","floor":10,"turns":3},{"damage":8,"enemies":"Blue Slaver","floor":11,"turns":4},{"damage":47,"enemies":"The Guardian","floor":16,"turns":10},{"damage":9,"enemies":"Shell Parasite","floor":18,"turns":6},{"damage":10,"enemies":"Chosen","floor":19,"turns":3},{"damage":32,"enemies":"3 Cultists","floor":22,"turns":6},{"damage":83,"enemies":"Gremlin Leader","floor":24,"turns":9},{"damage":10,"enemies":"Snake Plant","floor":25,"turns":4},{"damage":9,"enemies":"Snecko","floor":27,"turns":5},{"damage":19,"enemies":"Centurion and Healer","floor":28,"turns":7},{"damage":30,"enemies":"Cultist and Chosen","floor":31,"turns":6},{"damage":89,"enemies":"Automaton","floor":33,"turns":8}],"seed_played":"3280395167544123827","potions_obtained":[{"floor":1,"key":"Swift Potion"},{"floor":7,"key":"Dexterity Potion"},{"floor":10,"key":"SteroidPotion"},{"floor":16,"key":"EntropicBrew"},{"floor":19,"key":"Ancient Potion"},{"floor":27,"key":"Fruit Juice"},{"floor":31,"key":"SpeedPotion"}],"is_trial":false,"path_per_floor":["M","M","?","M","?","M","E","R","T","M","M","R","$","?","R","B",null,"M","M","?","$","M","R","E","M","T","M","M","R","?","M","R"],"character_chosen":"IRONCLAD","items_purchased":["True Grit","Fire Breathing","Flex","Feel No Pain","Pommel Strike","Blood Vial"],"campfire_rested":1,"item_purchase_floors":[13,13,13,21,21,21],"current_hp_per_floor":[80,80,80,80,60,64,47,47,47,57,60,60,60,44,44,8,80,80,80,56,56,43,43,11,14,24,35,51,51,45,44,65,0],"gold":216,"neow_bonus":"ONE_RANDOM_RARE_CARD","is_prod":false,"is_daily":false,"chose_seed":false,"campfire_upgraded":5,"win_rate":0.0,"timestamp":1537570051,"path_taken":["M","M","?","M","?","M","E","R","T","M","M","R","$","?","R","BOSS","M","M","?","$","M","R","E","?","T","M","M","R","?","M","R","BOSS"],"build_version":"2018-09-20","purchased_purges":1,"victory":false,"max_hp_per_floor":[80,80,80,80,80,80,80,80,80,80,80,80,80,80,80,80,80,80,80,56,56,56,56,56,56,66,66,66,66,66,71,71,71],"card_choices":[{"not_picked":["Blood for Blood","Hemokinesis"],"picked":"Twin Strike","floor":1},{"not_picked":["Shockwave","Thunderclap"],"picked":"Perfected Strike","floor":2},{"not_picked":["Offering","Twin Strike"],"picked":"Iron Wave","floor":4},{"not_picked":["True Grit","Flame Barrier"],"picked":"Anger","floor":6},{"not_picked":["Anger","Searing Blow"],"picked":"True Grit","floor":7},{"not_picked":["Anger","True Grit"],"picked":"Bludgeon","floor":10},{"not_picked":["Pummel","Impervious"],"picked":"Flex","floor":11},{"not_picked":["Bludgeon","Barricade"],"picked":"Reaper","floor":16},{"not_picked":["Warcry","Anger"],"picked":"Shrug It Off","floor":18},{"not_picked":["Headbutt","Cleave"],"picked":"Twin Strike","floor":19},{"not_picked":["Pommel Strike+1","Cleave"],"picked":"Iron Wave","floor":22},{"not_picked":["Infernal Blade","Reckless Charge+1","Pommel Strike"],"picked":"SKIP","floor":24},{"not_picked":["Rupture","Burning Pact","Body Slam"],"picked":"SKIP","floor":25},{"not_picked":["Hemokinesis","Dropkick"],"picked":"Combust","floor":27},{"not_picked":["Thunderclap","Sword Boomerang"],"picked":"Spot Weakness","floor":28},{"not_picked":["Twin Strike+1","Fire Breathing"],"picked":"Cleave","floor":31}],"player_experience":15701,"relics_obtained":[{"floor":7,"key":"Ice Cream"},{"floor":9,"key":"Self Forming Clay"},{"floor":24,"key":"Bronze Scales"},{"floor":26,"key":"Pear"}],"event_choices":[{"event_name":"Wheel of Change","player_choice":"Gold","floor":3,"damage_taken":0},{"event_name":"Golden Idol","player_choice":"Take Damage","floor":5,"damage_taken":0},{"event_name":"Shining Light","player_choice":"Entered Light","floor":14,"damage_taken":0},{"event_name":"Vampires","player_choice":"Became a vampire","floor":20,"damage_taken":0},{"event_name":"Nest","player_choice":"Joined the Cult","floor":30,"damage_taken":0}],"is_beta":false,"boss_relics":[{"not_picked":["Lizard Tail","Mark of Pain"],"picked":"Velvet Choker"}],"items_purged_floors":[13],"is_endless":false,"potions_floor_spawned":[1,7,10,16,19,24,27,31],"killed_by":"Automaton","ascension_level":0}