{"gold_per_floor":[13,27,41,41,55,55,73,73,73,93,93],"floor_reached":11,"playtime":384,"items_purged":[],"score":111,"play_id":"b7b1d070-8db4-4872-8e67-82a4af8cf141","local_time":"20190301142523","is_ascension_mode":true,"campfire_choices":[{"data":"Seeing Red","floor":6,"key":"SMITH"},{"data":"Seeing Red","floor":8,"key":"SMITH"}],"neow_cost":"NO_GOLD","seed_source_timestamp":752059262019452,"circlet_count":0,"master_deck":["AscendersBane","Strike_R","Strike_R","Strike_R","Strike_R","Strike_R","Defend_R","Defend_R","Defend_R","Defend_R","Bash+1","Twin Strike","Seeing Red+1","Seeing Red+1","Dropkick","Pommel Strike","Feed"],"relics":["Burning Blood","Unceasing Top","Pantograph"],"potions_floor_usage":[11],"damage_taken":[{"damage":1,"enemies":"Cultist","floor":1,"turns":3},{"damage":7,"enemies":"2 Louse","floor":2,"turns":3},{"damage":7,"enemies":"Jaw Worm","floor":3,"turns":3},{"damage":5,"enemies":"Exordium Wildlife","floor":5,"turns":3},{"damage":29,"enemies":"Lots of Slimes","floor":7,"turns":5},{"damage":33,"enemies":"Exordium Thugs","floor":10,"turns":5},{"damage":30,"enemies":"3 Sentries","floor":11,"turns":6}],"seed_played":"1689086572848278695","potions_obtained":[{"floor":2,"key":"LiquidBronze"},{"floor":5,"key":"Ancient Potion"}],"is_trial":false,"path_per_floor":["M","M","M","?","M","R","M","R","T","M","E"],"character_chosen":"IRONCLAD","items_purchased":[],"campfire_rested":0,"item_purchase_floors":[],"current_hp_per_floor":[77,76,75,75,76,76,53,53,53,26,0],"gold":93,"neow_bonus":"ONE_RARE_RELIC","is_prod":false,"is_daily":false,"chose_seed":false,"campfire_upgraded":2,"win_rate":0,"timestamp":1551468323,"path_taken":["M","M","M","?","M","R","M","R","T","M","E"],"build_version":"2019-01-23","purchased_purges":0,"victory":false,"max_hp_per_floor":[80,80,80,80,80,80,80,80,80,80,80],"card_choices":[{"not_picked":["Armaments","Blood for Blood"],"picked":"Twin Strike","floor":1},{"not_picked":["Shrug It Off","Havoc"],"picked":"Seeing Red","floor":2},{"not_picked":["Evolve","Dual Wield"],"picked":"Seeing Red","floor":3},{"not_picked":["Sword Boomerang","Disarm"],"picked":"Dropkick","floor":5},{"not_picked":["Iron Wave","Infernal Blade"],"picked":"Pommel Strike","floor":7},{"not_picked":["Wild Strike","Infernal Blade"],"picked":"Feed","floor":10}],"player_experience":744400,"relics_obtained":[{"floor":9,"key":"Pantograph"}],"event_choices":[{"damage_healed":0,"gold_gain":0,"player_choice":"Upgraded","damage_taken":0,"max_hp_gain":0,"max_hp_loss":0,"event_name":"Upgrade Shrine","floor":4,"gold_loss":0,"cards_upgraded":["Bash"]}],"is_beta":false,"boss_relics":[],"items_purged_floors":[],"is_endless":false,"potions_floor_spawned":[2,5,7],"killed_by":"3 Sentries","ascension_level":13}