{"path_per_floor":["M","M","?","?","$","R","M","R","T","R","E","M","R","M","R","B",null,"M","M","?","M"],"character_chosen":"IRONCLAD","items_purchased":[],"gold_per_floor":[115,129,129,229,154,154,174,174,200,200,226,239,239,258,258,362,362,379,392,307,322],"floor_reached":22,"campfire_rested":1,"playtime":1966,"current_hp_per_floor":[80,70,70,70,70,70,73,73,73,73,42,27,51,36,36,27,80,30,8,8,9],"items_purged":["Normality"],"gold":322,"play_id":"26ff0b27-58c2-4b77-8aae-96b379111f89","is_prod":false,"is_daily":false,"campfire_rituals":0,"campfire_upgraded":4,"is_hardmode":false,"path_taken":["M","M","?","?","?","R","?","R","T","R","E","M","R","M","R","BOSS","M","M","?","M","M"],"build_version":"2018-01-11-PROD2","purchased_purges":1,"victory":false,"master_deck":["Strike_R","Strike_R","Strike_R","Strike_R","Strike_R","Defend_R","Defend_R","Defend_R","Defend_R","Bash","Shrug It Off","Metallicize","Pommel Strike","Spot Weakness","Dark Embrace","Dual Wield","Reaper","Warcry","Evolve"],"max_hp_per_floor":[80,80,80,80,80,80,80,80,80,80,80,80,80,80,80,80,80,80,80,80,80],"relics":["Burning Blood","Calipers","Molten Egg","Omamori","Lizard Tail","Centennial Puzzle"],"campfire_meditates":0,"card_choices":[{"not_picked":["Cleave","Clothesline"],"picked":"Shrug It Off"},{"not_picked":["Clothesline","Second Wind"],"picked":"Metallicize"},{"not_picked":["Anger","Power Through"],"picked":"Pommel Strike"},{"not_picked":["Warcry","Anger"],"picked":"Spot Weakness"},{"not_picked":["Intimidate","Twin Strike"],"picked":"Dark Embrace"},{"not_picked":["True Grit","Headbutt"],"picked":"Dual Wield"},{"not_picked":["Juggernaut","Barricade"],"picked":"Reaper"},{"not_picked":["Thunderclap","Second Wind"],"picked":"Warcry"},{"not_picked":["Thunderclap","Power Through"],"picked":"Evolve"}],"player_experience":45094,"potions_floor_usage":[14,16,19,19],"damage_taken":[{"damage":1,"enemies":"Cultist","floor":1,"turns":4},{"damage":16,"enemies":"Blue Slaver","floor":2,"turns":3},{"damage":3,"enemies":"Jaw Worm","floor":7,"turns":4},{"damage":37,"enemies":"3 Sentries","floor":11,"turns":8},{"damage":21,"enemies":"Exordium Wildlife","floor":12,"turns":4},{"damage":21,"enemies":"Large Slime","floor":14,"turns":7},{"damage":15,"enemies":"The Guardian","floor":16,"turns":12},{"damage":64,"enemies":"3 Byrds","floor":18,"turns":9},{"damage":31,"enemies":"Chosen","floor":19,"turns":7},{"damage":51,"enemies":"Snake Plant","floor":21,"turns":7},{"damage":4,"enemies":"Centurion and Healer","floor":22,"turns":2}],"event_choices":[{"event_name":"Accursed Blacksmith","player_choice":"Rummage","floor":3,"damage_taken":0},{"event_name":"Wheel of Change","player_choice":"Gold","floor":4,"damage_taken":0},{"event_name":"Addict","player_choice":"Obtained Relic","floor":20,"damage_taken":0}],"boss_relics":[{"not_picked":["Tiny House","Eternal Feather"],"picked":"Lizard Tail"}],"potions_floor_spawned":[1,11,16,18,19],"seed_played":"-904606893428266376","killed_by":"Centurion and Healer","is_trial":false}