{"gold_per_floor":[115,265,340,340,360,360,28,53,53,67,67,67,102,115,115,194,194,206,206,217,237,237,46,71,71,139,169,169,169,169,183,183,258,258,270,44,54,0,0],"floor_reached":39,"playtime":2076,"items_purged":[],"score":810,"play_id":"329df547-b231-477e-8354-52f0a6d9c155","local_time":"20190308155214","is_ascension_mode":true,"campfire_choices":[{"data":"Defragment","floor":6,"key":"SMITH"},{"data":"Doubt","floor":12,"key":"PURGE"},{"data":"Zap","floor":15,"key":"SMITH"},{"data":"Go for the Eyes","floor":25,"key":"SMITH"},{"data":"Static Discharge","floor":28,"key":"SMITH"},{"data":"Panacea","floor":30,"key":"SMITH"},{"data":"Loop","floor":32,"key":"SMITH"}],"neow_cost":"NONE","seed_source_timestamp":401673354064592,"circlet_count":0,"master_deck":["AscendersBane","Defend_B","Defend_B","Defend_B","Zap+1","Dualcast","Defragment+1","Compile Driver","Cold Snap","Cold Snap","Conserve Battery","Hello World","Biased Cognition","Ball Lightning","Go for the Eyes+1","Turbo+1","Bite","Bite","Bite","Panacea+1","Static Discharge+1","Turbo","Seek","Biased Cognition","Loop+1","All For One","Panacea+1","Swift Strike+1","Darkness+1","Go for the Eyes","Self Repair+1"],"relics":["Cracked Core","NeowsBlessing","Peace Pipe","Bottled Lightning","Bottled Flame","Runic Pyramid","Mummified Hand","Sundial","Pen Nib","Astrolabe","Lantern","Red Mask"],"potions_floor_usage":[13,16,24,27,33,33,37],"damage_taken":[{"damage":0,"enemies":"Small Slimes","floor":1,"turns":1},{"damage":0,"enemies":"2 Louse","floor":5,"turns":1},{"damage":0,"enemies":"3 Sentries","floor":8,"turns":1},{"damage":5,"enemies":"Jaw Worm","floor":10,"turns":3},{"damage":12,"enemies":"Gremlin Nob","floor":13,"turns":4},{"damage":2,"enemies":"Red Slaver","floor":14,"turns":4},{"damage":3,"enemies":"Hexaghost","floor":16,"turns":11},{"damage":9,"enemies":"3 Byrds","floor":18,"turns":6},{"damage":0,"enemies":"Spheric Guardian","floor":20,"turns":4},{"damage":15,"enemies":"Snake Plant","floor":21,"turns":5},{"damage":19,"enemies":"Book of Stabbing","floor":24,"turns":5},{"damage":19,"enemies":"Gremlin Leader","floor":27,"turns":8},{"damage":9,"enemies":"Cultist and Chosen","floor":31,"turns":4},{"damage":18,"enemies":"Collector","floor":33,"turns":12},{"damage":61,"enemies":"3 Darklings","floor":35,"turns":4},{"damage":6,"enemies":"3 Shapes","floor":37,"turns":4},{"damage":10,"enemies":"3 Darklings","floor":39,"turns":2}],"seed_played":"185386264395071201","potions_obtained":[{"floor":1,"key":"Block Potion"},{"floor":8,"key":"PowerPotion"},{"floor":21,"key":"AttackPotion"},{"floor":24,"key":"Strength Potion"},{"floor":27,"key":"Swift Potion"},{"floor":31,"key":"Weak Potion"}],"is_trial":false,"path_per_floor":["M","?","?","?","M","R","$","E","T","M","$","R","E","M","R","B",null,"M","?","M","M","?","$","E","R","T","E","R","?","R","M","R","B",null,"M","$","M","?","M"],"character_chosen":"DEFECT","items_purchased":["Peace Pipe","Panacea","Static Discharge","Lantern","Block Potion"],"campfire_rested":0,"item_purchase_floors":[7,23,23,36,36],"current_hp_per_floor":[64,64,53,53,53,53,53,53,53,50,50,50,40,40,40,39,63,56,56,58,45,45,45,36,36,36,35,35,35,35,36,36,44,64,7,7,5,5,0],"gold":0,"neow_bonus":"THREE_ENEMY_KILL","is_prod":false,"is_daily":false,"chose_seed":false,"campfire_upgraded":6,"win_rate":0,"timestamp":1552078334,"path_taken":["M","?","?","?","?","R","?","E","T","M","$","R","E","M","R","BOSS","M","?","M","M","?","$","E","R","T","E","R","?","R","M","R","BOSS","M","?","M","?","M"],"build_version":"2019-01-23","purchased_purges":0,"victory":false,"max_hp_per_floor":[71,71,71,71,71,71,71,71,71,71,71,71,71,71,71,71,71,71,71,71,71,71,71,71,71,71,71,71,71,71,71,71,71,71,71,71,71,71,71],"card_choices":[{"not_picked":["Beam Cell","Streamline"],"picked":"Defragment","floor":1},{"not_picked":["Rebound","Fusion"],"picked":"Compile Driver","floor":5},{"not_picked":["Ball Lightning","Hologram"],"picked":"Cold Snap","floor":8},{"not_picked":["Reprogram","Coolheaded"],"picked":"Cold Snap","floor":10},{"not_picked":["Hologram","Redo"],"picked":"Conserve Battery","floor":13},{"not_picked":["Conserve Battery","Stack"],"picked":"Hello World","floor":14},{"not_picked":["Reboot","Rainbow"],"picked":"Biased Cognition","floor":16},{"not_picked":["Redo","Leap"],"picked":"Ball Lightning","floor":18},{"not_picked":["Beam Cell","Force Field","Rip and Tear"],"picked":"SKIP","floor":20},{"not_picked":["Barrage","Steam+1"],"picked":"Turbo+1","floor":21},{"not_picked":["Stack","Leap"],"picked":"Turbo","floor":24},{"not_picked":["Turbo","Static Discharge"],"picked":"Seek","floor":27},{"not_picked":["Rip and Tear","Gash"],"picked":"Loop","floor":31},{"not_picked":["Creative AI","Biased Cognition"],"picked":"All For One","floor":33},{"not_picked":["Undo","Rip and Tear+1"],"picked":"Go for the Eyes","floor":35},{"not_picked":["Beam Cell","Aggregate+1"],"picked":"Self Repair+1","floor":37}],"player_experience":860557,"relics_obtained":[{"floor":8,"key":"Blood Vial"},{"floor":9,"key":"Bottled Lightning"},{"floor":13,"key":"Bottled Flame"},{"floor":24,"key":"Mummified Hand"},{"floor":26,"key":"Sundial"},{"floor":27,"key":"Pen Nib"}],"event_choices":[{"damage_healed":0,"gold_gain":150,"player_choice":"AGREE","damage_taken":0,"max_hp_gain":0,"max_hp_loss":0,"event_name":"Liars Game","floor":2,"gold_loss":0,"cards_obtained":["Doubt"]},{"damage_healed":0,"gold_gain":75,"player_choice":"Gather Gold","damage_taken":11,"max_hp_gain":0,"max_hp_loss":0,"event_name":"World of Goop","floor":3,"gold_loss":0},{"damage_healed":0,"gold_gain":0,"player_choice":"Ignored","damage_taken":0,"max_hp_gain":0,"max_hp_loss":0,"event_name":"Shining Light","floor":4,"gold_loss":0},{"damage_healed":0,"gold_gain":0,"player_choice":"Read","damage_taken":0,"max_hp_gain":0,"max_hp_loss":0,"event_name":"The Library","floor":19,"gold_loss":0,"cards_obtained":["Go for the Eyes"]},{"damage_healed":0,"gold_gain":0,"player_choice":"Became a vampire (Vial)","damage_taken":0,"max_hp_gain":0,"max_hp_loss":0,"event_name":"Vampires","floor":22,"relics_lost":["Blood Vial"],"gold_loss":0,"cards_obtained":["Bite","Bite","Bite","Bite","Bite"]},{"damage_healed":0,"gold_gain":0,"player_choice":"Copied","damage_taken":0,"max_hp_gain":0,"max_hp_loss":0,"event_name":"Duplicator","floor":29,"gold_loss":0,"cards_obtained":["Biased Cognition"]},{"damage_healed":0,"gold_gain":0,"player_choice":"Paid","damage_taken":0,"relics_obtained":["Red Mask"],"max_hp_gain":0,"max_hp_loss":0,"event_name":"Tomb of Lord Red Mask","floor":38,"gold_loss":54}],"is_beta":false,"boss_relics":[{"not_picked":["FrozenCore","Eternal Feather"],"picked":"Runic Pyramid"},{"not_picked":["Nuclear Battery","Velvet Choker"],"picked":"Astrolabe"}],"items_purged_floors":[],"is_endless":false,"potions_floor_spawned":[1,8,21,24,27,31],"killed_by":"3 Darklings","ascension_level":16}