{"gold_per_floor":[116,131,142,67,85,85,112,112,136,151,50,66,81,31,31,131,131,146,161,161,61,74,74,99,99,125,125,150,165,182,197,197,300,300,300,316,139,149,200,216,216,228,228,40,55,0,20,45,45,45],"floor_reached":51,"playtime":5960,"items_purged":["Strike_R","Defend_R","Strike_R","Doubt"],"score":675,"play_id":"679fef53-2d45-48c3-8658-e7357b2bf7b8","local_time":"20180927152155","is_ascension_mode":false,"campfire_choices":[{"data":"Armaments","floor":6.0,"key":"SMITH"},{"floor":8.0,"key":"REST"},{"floor":15.0,"key":"REST"},{"data":"Body Slam","floor":23.0,"key":"SMITH"},{"data":"Offering","floor":25.0,"key":"SMITH"},{"floor":27.0,"key":"REST"},{"data":"True Grit","floor":32.0,"key":"SMITH"},{"data":"Warcry","floor":41,"key":"SMITH"},{"floor":49,"key":"REST"}],"neow_cost":"","seed_source_timestamp":0,"circlet_count":0,"master_deck":["Strike_R","Strike_R","Defend_R","Defend_R","Defend_R","Bash","Cleave","Armaments+1","Body Slam+1","Offering+1","True Grit+1","Warcry+1","Metallicize","Battle Trance","Juggernaut","Warcry","Headbutt+1","Shockwave","Reaper","True Grit+1","Body Slam+1","Shrug It Off","True Grit","Juggernaut","Power Through","Dual Wield+1"],"special_seed":0,"relics":["Burning Blood","Oddly Smooth Stone","Anchor","Sozu","Blood Vial","Red Skull","Bottled Flame","Cursed Key","Champion Belt","Dodecahedron","Red Mask","Ice Cream"],"potions_floor_usage":[50],"damage_taken":[{"damage":2.0,"enemies":"2 Louse","floor":1.0,"turns":3.0},{"damage":1.0,"enemies":"Jaw Worm","floor":2.0,"turns":3.0},{"damage":5.0,"enemies":"Small Slimes","floor":3.0,"turns":3.0},{"damage":34.0,"enemies":"Exordium Wildlife","floor":5.0,"turns":7.0},{"damage":50.0,"enemies":"Gremlin Nob","floor":7.0,"turns":6.0},{"damage":6.0,"enemies":"Red Slaver","floor":10.0,"turns":2.0},{"damage":6.0,"enemies":"3 Louse","floor":12.0,"turns":2.0},{"damage":6.0,"enemies":"Looter","floor":13.0,"turns":3.0},{"damage":33.0,"enemies":"The Guardian","floor":16.0,"turns":11.0},{"damage":13.0,"enemies":"Spheric Guardian","floor":18.0,"turns":4.0},{"damage":15.0,"enemies":"2 Thieves","floor":19.0,"turns":4.0},{"damage":6.0,"enemies":"Chosen and Byrds","floor":22.0,"turns":5.0},{"damage":25.0,"enemies":"Book of Stabbing","floor":24.0,"turns":4.0},{"damage":7.0,"enemies":"Gremlin Leader","floor":28.0,"turns":5.0},{"damage":15.0,"enemies":"Sentry and Sphere","floor":29.0,"turns":4.0},{"damage":13.0,"enemies":"Snake Plant","floor":30.0,"turns":4.0},{"damage":6.0,"enemies":"3 Cultists","floor":31.0,"turns":4.0},{"damage":27.0,"enemies":"Champ","floor":33.0,"turns":10.0},{"damage":8.0,"enemies":"3 Shapes","floor":35.0,"turns":3.0},{"damage":10.0,"enemies":"Orb Walker","floor":36.0,"turns":4.0},{"damage":12.0,"enemies":"Reptomancer","floor":38.0,"turns":5.0},{"damage":22,"enemies":"Mysterious Sphere","floor":39,"turns":4},{"damage":13,"enemies":"3 Darklings","floor":40,"turns":5},{"damage":48,"enemies":"Spire Growth","floor":42,"turns":4},{"damage":8,"enemies":"Transient","floor":45,"turns":5},{"damage":9,"enemies":"Maw","floor":47,"turns":6},{"damage":31,"enemies":"Giant Head","floor":48,"turns":8},{"damage":69,"enemies":"Time Eater","floor":50,"turns":9}],"seed_played":"6839509207244143757","potions_obtained":[{"floor":5.0,"key":"SpeedPotion"},{"floor":7.0,"key":"Fruit Juice"},{"floor":10.0,"key":"Ancient Potion"},{"floor":12.0,"key":"Poison Potion"}],"is_trial":false,"path_per_floor":["M","M","M","$","M","R","E","R","T","M","$","M","M","?","R","B",null,"M","M","?","$","M","R","E","R","T","R","E","M","M","M","R","B",null,"M","M","$","M","?","M","R","M","T","$","M","?","M","E","R","B"],"character_chosen":"IRONCLAD","items_purchased":["Warcry","Metallicize","Shrug It Off","Power Through"],"campfire_rested":4,"item_purchase_floors":[11,11,37,44],"current_hp_per_floor":[80,80,80,80,52,52,13,38,38,38,38,38,38,38,63,36,85,78,69,53,53,53,53,34,34,34,61,62,55,50,52,52,33,90,90,90,90,90,89,90,90,48,48,48,55,55,59,41,68,7],"gold":45,"neow_bonus":"","is_prod":false,"is_daily":false,"chose_seed":false,"campfire_upgraded":5,"win_rate":0,"timestamp":1538050915,"path_taken":["M","M","M","$","M","R","E","R","T","M","$","M","M","?","R","BOSS","M","M","?","$","M","R","E","R","T","R","E","M","M","M","R","BOSS","M","M","$","M","?","M","R","M","T","$","M","?","M","E","R","BOSS"],"build_version":"2018-09-20","purchased_purges":4,"victory":true,"max_hp_per_floor":[80,80,80,80,80,80,85,85,85,85,85,85,85,85,85,85,85,85,85,90,90,90,90,90,90,90,90,90,90,90,90,90,90,90,90,90,90,90,90,90,90,90,90,90,90,90,90,90,90,90],"card_choices":[{"not_picked":["True Grit","Whirlwind"],"picked":"Cleave","floor":1.0},{"not_picked":["Flex","Wild Strike"],"picked":"Armaments","floor":2.0},{"not_picked":["True Grit","Clothesline","Perfected Strike"],"picked":"SKIP","floor":3.0},{"not_picked":["Havoc","Seeing Red"],"picked":"Body Slam","floor":5.0},{"not_picked":["Carnage","Dual Wield"],"picked":"Offering","floor":7.0},{"not_picked":["Feel No Pain","Perfected Strike"],"picked":"True Grit","floor":10.0},{"not_picked":["Clash","Sever Soul","Havoc"],"picked":"SKIP","floor":12.0},{"not_picked":["Wild Strike","Warcry"],"picked":"Battle Trance","floor":13.0},{"not_picked":["Exhume","Brutality"],"picked":"Juggernaut","floor":16.0},{"not_picked":["Disarm","Evolve+1","Burning Pact+1"],"picked":"SKIP","floor":18.0},{"not_picked":["Clothesline","Dropkick","Perfected Strike"],"picked":"SKIP","floor":19.0},{"not_picked":["Pommel Strike","Burning Pact+1"],"picked":"Warcry","floor":22.0},{"not_picked":["Sword Boomerang","Wild Strike"],"picked":"Headbutt+1","floor":24.0},{"not_picked":["Combust","Reckless Charge","Iron Wave"],"picked":"SKIP","floor":28.0},{"not_picked":["Rupture","Heavy Blade"],"picked":"Shockwave","floor":29.0},{"not_picked":["Pommel Strike+1","Dark Embrace","Intimidate"],"picked":"SKIP","floor":30.0},{"not_picked":["Feel No Pain","Sentinel","Headbutt"],"picked":"SKIP","floor":31.0},{"not_picked":["Offering","Juggernaut"],"picked":"Reaper","floor":33.0},{"not_picked":["Wild Strike+1","Havoc"],"picked":"True Grit+1","floor":35.0},{"not_picked":["Thunderclap+1","Infernal Blade"],"picked":"Body Slam+1","floor":36.0},{"not_picked":["Anger+1","Warcry","Wild Strike"],"picked":"SKIP","floor":38.0},{"not_picked":["Spot Weakness","Anger"],"picked":"True Grit","floor":39},{"not_picked":["Armaments","True Grit+1"],"picked":"Juggernaut","floor":40},{"not_picked":["Iron Wave+1","Headbutt+1","Blood for Blood"],"picked":"SKIP","floor":42},{"not_picked":["Clothesline","Perfected Strike+1","Dropkick+1"],"picked":"SKIP","floor":45},{"not_picked":["Spot Weakness","Metallicize"],"picked":"Dual Wield+1","floor":47},{"not_picked":["Rampage+1","Second Wind","Havoc+1"],"picked":"SKIP","floor":48}],"player_experience":128564,"relics_obtained":[{"floor":7.0,"key":"Oddly Smooth Stone"},{"floor":9.0,"key":"Anchor"},{"floor":24.0,"key":"Blood Vial"},{"floor":26.0,"key":"Red Skull"},{"floor":28.0,"key":"Bottled Flame"},{"floor":39,"key":"Champion Belt"},{"floor":43,"key":"Dodecahedron"},{"floor":48,"key":"Ice Cream"}],"event_choices":[{"event_name":"The Cleric","player_choice":"Card Removal","floor":14.0,"damage_taken":0.0},{"event_name":"Forgotten Altar","player_choice":"Shed Blood","floor":20.0,"damage_taken":0.0},{"event_name":"Mysterious Sphere","player_choice":"Fight","floor":39,"damage_taken":0},{"event_name":"Tomb of Lord Red Mask","player_choice":"Paid","floor":46,"damage_taken":0}],"is_beta":false,"boss_relics":[{"not_picked":["Runic Pyramid","Velvet Choker"],"picked":"Sozu"},{"not_picked":["Empty Cage","Astrolabe"],"picked":"Cursed Key"}],"items_purged_floors":[4,21,37,44],"is_endless":false,"potions_floor_spawned":[5,7,10,12,18,19,29,30,36,38,42,45],"ascension_level":0}