{"gold_per_floor":[10,40,58,72,72,106,106,125,125,145,225,225,249,249],"floor_reached":14,"playtime":785,"items_purged":[],"score":156,"play_id":"0d360012-0740-4f00-8cd2-0310e088efd8","local_time":"20190219203048","is_ascension_mode":true,"campfire_choices":[{"floor":7,"key":"REST"},{"data":"Bash","floor":12,"key":"SMITH"}],"neow_cost":"NO_GOLD","seed_source_timestamp":421635241508848,"circlet_count":0,"master_deck":["AscendersBane","Strike_R","Strike_R","Strike_R","Strike_R","Strike_R","Defend_R","Defend_R","Defend_R","Defend_R","Bash+1","Dark Embrace","Headbutt","Corruption","Shrug It Off","Shrug It Off"],"relics":["Burning Blood","Tiny Chest","Golden Idol","The Courier","Strawberry","Toxic Egg 2"],"potions_floor_usage":[6,13,14],"damage_taken":[{"damage":6,"enemies":"Cultist","floor":1,"turns":4},{"damage":3,"enemies":"Jaw Worm","floor":3,"turns":5},{"damage":8,"enemies":"2 Louse","floor":4,"turns":3},{"damage":35,"enemies":"3 Sentries","floor":6,"turns":15},{"damage":3,"enemies":"Looter","floor":8,"turns":4},{"damage":4,"enemies":"3 Louse","floor":10,"turns":5},{"damage":30,"enemies":"Lots of Slimes","floor":13,"turns":9},{"damage":41,"enemies":"Lagavulin","floor":14,"turns":11}],"seed_played":"591342525349599668","potions_obtained":[{"floor":3,"key":"EssenceOfSteel"},{"floor":8,"key":"SpeedPotion"},{"floor":10,"key":"SkillPotion"}],"is_trial":false,"path_per_floor":["M","T","M","M","?","E","R","M","T","M","T","R","M","E"],"character_chosen":"IRONCLAD","items_purchased":[],"campfire_rested":1,"item_purchase_floors":[],"current_hp_per_floor":[68,68,71,69,51,22,44,47,54,56,56,56,32,0],"gold":249,"neow_bonus":"THREE_RARE_CARDS","is_prod":false,"is_daily":false,"chose_seed":false,"campfire_upgraded":1,"win_rate":0,"timestamp":1550629848,"path_taken":["M","?","M","M","?","E","R","M","T","M","?","R","M","E"],"build_version":"2019-01-23","purchased_purges":0,"victory":false,"max_hp_per_floor":[75,75,75,75,75,75,75,75,82,82,82,82,82,82],"card_choices":[{"not_picked":["Barricade","Brutality"],"picked":"Dark Embrace","floor":0},{"not_picked":["Havoc","Perfected Strike"],"picked":"Headbutt","floor":1},{"not_picked":["Feel No Pain","Evolve"],"picked":"Corruption","floor":3},{"not_picked":["Havoc","Headbutt"],"picked":"Shrug It Off","floor":4},{"not_picked":["Bloodletting","Brutality","Evolve"],"picked":"SKIP","floor":6},{"not_picked":["Havoc","Twin Strike"],"picked":"Shrug It Off","floor":8},{"not_picked":["Sentinel","Perfected Strike","Combust"],"picked":"SKIP","floor":10},{"not_picked":["Heavy Blade","Flex+1","Corruption"],"picked":"SKIP","floor":13}],"player_experience":514280,"relics_obtained":[{"floor":2,"key":"Tiny Chest"},{"floor":6,"key":"The Courier"},{"floor":9,"key":"Strawberry"},{"floor":11,"key":"Toxic Egg 2"}],"event_choices":[{"damage_healed":0,"gold_gain":0,"player_choice":"Take Damage","damage_taken":18,"relics_obtained":["Golden Idol"],"max_hp_gain":0,"max_hp_loss":0,"event_name":"Golden Idol","floor":5,"gold_loss":0}],"is_beta":false,"boss_relics":[],"items_purged_floors":[],"is_endless":false,"potions_floor_spawned":[3,8,10],"killed_by":"Lagavulin","ascension_level":14}