{"gold_per_floor":[111,61,61,71,18,52,3,34,34,34,46,64,64,74,74,171,171,187,6,6,6,24,24,56,56,56,75,110,129,142,142,142,241,241,260,335,347,347,347],"floor_reached":39,"playtime":3032,"items_purged":[],"score":660,"play_id":"8f84340a-3d51-4b17-874f-644bf8d01a4a","local_time":"20190202235738","is_ascension_mode":true,"campfire_choices":[{"floor":10,"key":"REST"},{"data":"Defragment","floor":13,"key":"SMITH"},{"data":"Defragment","floor":15,"key":"SMITH"},{"data":"Capacitor","floor":23,"key":"SMITH"},{"data":"Echo Form","floor":25,"key":"SMITH"},{"data":"Dualcast","floor":32,"key":"SMITH"}],"neow_cost":"NONE","seed_source_timestamp":933870024748545,"circlet_count":0,"master_deck":["Zap+1","Dualcast+1","Defragment+1","Go for the Eyes","Compile Driver","Barrage","Defragment+1","Capacitor+1","Redo","White Noise","Echo Form+1","Creative AI","Hologram","Genetic Algorithm","Fusion","Storm","Conserve Battery","Leap","Conserve Battery","Storm","Ghostly","Ghostly","Ghostly","Ghostly","Ghostly","Coolheaded","Turbo","Reinforced Body","Cold Snap+1","Shame","Electrodynamics","Turbo"],"relics":["Cracked Core","Bottled Tornado","Meat on the Bone","Pandora\u0027s Box","Incense Burner","Letter Opener","Orichalcum","Pocketwatch","Runic Pyramid"],"potions_floor_usage":[8,8,16,28,28,29,33,39],"damage_taken":[{"damage":5,"enemies":"Small Slimes","floor":1,"turns":3},{"damage":7,"enemies":"Jaw Worm","floor":4,"turns":2},{"damage":40,"enemies":"3 Sentries","floor":6,"turns":8},{"damage":14,"enemies":"Lagavulin","floor":8,"turns":6},{"damage":0,"enemies":"Cultist","floor":11,"turns":3},{"damage":12,"enemies":"Blue Slaver","floor":12,"turns":3},{"damage":1,"enemies":"2 Fungi Beasts","floor":14,"turns":3},{"damage":21,"enemies":"Hexaghost","floor":16,"turns":7},{"damage":32,"enemies":"3 Byrds","floor":18,"turns":3},{"damage":1,"enemies":"Spheric Guardian","floor":22,"turns":5},{"damage":0,"enemies":"Slavers","floor":24,"turns":6},{"damage":0,"enemies":"Cultist and Chosen","floor":27,"turns":6},{"damage":0,"enemies":"Book of Stabbing","floor":28,"turns":5},{"damage":3,"enemies":"Snecko","floor":29,"turns":8},{"damage":23,"enemies":"Centurion and Healer","floor":30,"turns":5},{"damage":0,"enemies":"Champ","floor":33,"turns":7},{"damage":11,"enemies":"3 Shapes","floor":35,"turns":3},{"damage":0,"enemies":"Orb Walker","floor":37,"turns":4},{"damage":23,"enemies":"Jaw Worm Horde","floor":39,"turns":2}],"seed_played":"-6528128565587952891","potions_obtained":[{"floor":1,"key":"Dexterity Potion"},{"floor":11,"key":"Poison Potion"},{"floor":16,"key":"Energy Potion"},{"floor":22,"key":"SkillPotion"},{"floor":30,"key":"GamblersBrew"},{"floor":33,"key":"SpeedPotion"},{"floor":37,"key":"SkillPotion"}],"is_trial":false,"path_per_floor":["M","?","?","M","$","E","$","E","T","R","M","M","R","M","R","B",null,"M","$","?","?","M","R","E","R","T","M","E","M","M","?","R","B",null,"M","?","M","?","M"],"character_chosen":"DEFECT","items_purchased":["Compile Driver","Fire Potion","Leap","Conserve Battery","Storm","Block Potion"],"campfire_rested":1,"item_purchase_floors":[5,7,19,19,19,19],"current_hp_per_floor":[70,70,63,56,56,16,16,2,2,24,36,36,36,47,47,38,75,43,43,43,37,36,36,36,36,36,36,36,33,22,22,22,22,37,26,23,23,23,0],"gold":347,"neow_bonus":"UPGRADE_CARD","is_prod":false,"is_daily":false,"chose_seed":false,"campfire_upgraded":5,"win_rate":0,"timestamp":1549169858,"path_taken":["M","?","?","M","?","E","$","E","T","R","M","M","R","?","R","BOSS","M","$","?","?","M","R","E","R","T","M","E","M","M","?","R","BOSS","M","?","?","?","M"],"build_version":"2019-01-23","purchased_purges":0,"victory":false,"max_hp_per_floor":[75,75,75,75,75,75,75,75,75,75,75,75,75,75,75,75,75,75,75,75,37,37,37,37,37,37,37,37,37,37,37,37,37,37,37,37,37,37,37],"card_choices":[{"not_picked":["Stack","Coolheaded"],"picked":"Defragment","floor":1},{"not_picked":["Blizzard","Leap"],"picked":"Go for the Eyes","floor":4},{"not_picked":["Recycle","Stack"],"picked":"Barrage","floor":6},{"not_picked":["Skim","Core Surge"],"picked":"Defragment","floor":8},{"not_picked":["Streamline","Leap"],"picked":"Capacitor","floor":11},{"not_picked":["Double Energy","Beam Cell"],"picked":"Redo","floor":12},{"not_picked":["Barrage","Genetic Algorithm"],"picked":"White Noise","floor":14},{"not_picked":["Meteor Strike","Seek"],"picked":"Echo Form","floor":16},{"not_picked":["Hologram","Go for the Eyes"],"picked":"Conserve Battery","floor":18},{"not_picked":["Beam Cell+1","Rebound+1"],"picked":"Coolheaded","floor":22},{"not_picked":["Leap+1","Heatsinks","Go for the Eyes"],"picked":"SKIP","floor":24},{"not_picked":["BootSequence","Sweeping Beam"],"picked":"Turbo","floor":27},{"not_picked":["Hello World","Reboot"],"picked":"Reinforced Body","floor":28},{"not_picked":["Melter","Conserve Battery+1","Reprogram"],"picked":"SKIP","floor":29},{"not_picked":["Turbo+1","Tempest"],"picked":"Cold Snap+1","floor":30},{"not_picked":["Creative AI","Core Surge"],"picked":"Electrodynamics","floor":33},{"not_picked":["Beam Cell","Sweeping Beam"],"picked":"Turbo","floor":35},{"not_picked":["Steam+1","Stack","Compile Driver"],"picked":"SKIP","floor":37}],"player_experience":1443609,"relics_obtained":[{"floor":6,"key":"Bottled Tornado"},{"floor":8,"key":"Meat on the Bone"},{"floor":24,"key":"Incense Burner"},{"floor":26,"key":"Letter Opener"},{"floor":28,"key":"Orichalcum"}],"event_choices":[{"cards_removed":["Strike_B"],"damage_healed":0,"gold_gain":0,"player_choice":"Card Removal","damage_taken":0,"max_hp_gain":0,"max_hp_loss":0,"event_name":"The Cleric","floor":2,"gold_loss":50},{"cards_removed":["Strike_B"],"damage_healed":0,"gold_gain":0,"player_choice":"Card Removal","damage_taken":7,"max_hp_gain":0,"max_hp_loss":0,"event_name":"Golden Wing","floor":3,"gold_loss":0},{"damage_healed":0,"gold_gain":0,"player_choice":"Ignored","damage_taken":0,"max_hp_gain":0,"max_hp_loss":0,"event_name":"Vampires","floor":20,"gold_loss":0},{"damage_healed":0,"gold_gain":0,"player_choice":"Became a Ghost","damage_taken":0,"max_hp_gain":0,"max_hp_loss":38,"event_name":"Ghosts","floor":21,"gold_loss":0,"cards_obtained":["Ghostly","Ghostly","Ghostly","Ghostly","Ghostly"]},{"damage_healed":0,"gold_gain":0,"player_choice":"Stole Relic","damage_taken":0,"relics_obtained":["Pocketwatch"],"max_hp_gain":0,"max_hp_loss":0,"event_name":"Addict","floor":31,"gold_loss":0,"cards_obtained":["Shame"]},{"damage_healed":0,"gold_gain":75,"player_choice":"Touch","damage_taken":3,"max_hp_gain":0,"max_hp_loss":0,"event_name":"FaceTrader","floor":36,"gold_loss":0},{"cards_removed":["All For One"],"damage_healed":0,"gold_gain":0,"player_choice":"Removed Attack","damage_taken":0,"max_hp_gain":0,"max_hp_loss":0,"event_name":"Falling","floor":38,"gold_loss":0}],"is_beta":false,"boss_relics":[{"not_picked":["Philosopher\u0027s Stone","Astrolabe"],"picked":"Pandora\u0027s Box"},{"not_picked":["Runic Dome","Empty Cage"],"picked":"Runic Pyramid"}],"items_purged_floors":[],"is_endless":false,"potions_floor_spawned":[1,11,16,22,24,27,30,33,37],"killed_by":"Jaw Worm Horde","ascension_level":4}