{"gold_per_floor":[116,128,128,128,139,139,164,184,232,250,264,264,275,303,303,402,402,414,433,433,358,44,44,55,73,100,100,50,50,50,50,50,153,153,170,187,187],"floor_reached":37,"playtime":3925,"items_purged":[],"score":381,"play_id":"1ca50b79-6acf-412e-82f0-526cadb7e5c7","local_time":"20180708223239","is_ascension_mode":false,"campfire_choices":[{"data":"Inflame","floor":6,"key":"SMITH"},{"data":"Limit Break","floor":12,"key":"SMITH"},{"data":"Heavy Blade","floor":15,"key":"SMITH"},{"data":"Heavy Blade","floor":23,"key":"SMITH"},{"floor":27,"key":"REST"},{"data":"Flex","floor":30,"key":"SMITH"},{"data":"Rage","floor":32,"key":"SMITH"}],"neow_cost":"","seed_source_timestamp":126976934454880,"circlet_count":0,"master_deck":["Strike_R","Strike_R","Strike_R","Defend_R","Defend_R","Defend_R","Defend_R","Bash","Heavy Blade+1","Inflame+1","Clothesline","Limit Break+1","Flex+1","Double Tap","Thunderclap+1","Reckless Charge+1","Heavy Blade+1","Iron Wave+1","Rage+1","Pommel Strike+1","Headbutt+1","Anger+1","Barricade","Heavy Blade+1","Iron Wave+1"],"relics":["Burning Blood","Pantograph","Vajra","Oddly Smooth Stone","Astrolabe","Molten Egg 2","Boot","Eternal Feather"],"potions_floor_usage":[16,25,25,25,33,37],"damage_taken":[{"damage":5,"enemies":"Cultist","floor":1,"turns":4},{"damage":2,"enemies":"Small Slimes","floor":2,"turns":4},{"damage":0,"enemies":"2 Louse","floor":5,"turns":3},{"damage":35,"enemies":"Gremlin Nob","floor":7,"turns":5},{"damage":1,"enemies":"2 Fungi Beasts","floor":8,"turns":3},{"damage":0,"enemies":"Large Slime","floor":10,"turns":3},{"damage":15,"enemies":"Red Slaver","floor":11,"turns":4},{"damage":18,"enemies":"Exordium Wildlife","floor":13,"turns":4},{"damage":14,"enemies":"3 Sentries","floor":14,"turns":6},{"damage":11,"enemies":"Slime Boss","floor":16,"turns":7},{"damage":35,"enemies":"2 Thieves","floor":18,"turns":4},{"damage":20,"enemies":"Spheric Guardian","floor":19,"turns":4},{"damage":28,"enemies":"Centurion and Healer","floor":24,"turns":6},{"damage":7,"enemies":"3 Cultists","floor":25,"turns":5},{"damage":63,"enemies":"Champ","floor":33,"turns":9},{"damage":38,"enemies":"3 Shapes","floor":35,"turns":5},{"damage":41,"enemies":"3 Darklings","floor":36,"turns":5},{"damage":34,"enemies":"4 Shapes","floor":37,"turns":10}],"seed_played":"-16337768037618380","potions_obtained":[{"floor":1,"key":"Block Potion"},{"floor":8,"key":"Fire Potion"},{"floor":10,"key":"Swift Potion"},{"floor":19,"key":"Swift Potion"},{"floor":24,"key":"Energy Potion"},{"floor":33,"key":"Weak Potion"}],"is_trial":false,"path_per_floor":["M","M","?","?","M","R","E","M","T","M","M","R","M","E","R","B",null,"M","M","?","?","$","R","M","M","T","R","$","?","R","?","R","B",null,"M","M"],"character_chosen":"IRONCLAD","items_purchased":["Rage","Molten Egg 2","Block Potion"],"campfire_rested":1,"item_purchase_floors":[22,22,28],"current_hp_per_floor":[80,80,85,85,85,85,56,61,61,67,58,58,46,38,38,58,85,56,42,42,42,42,42,20,19,19,44,44,44,44,44,44,12,85,53,18,0],"gold":187,"neow_bonus":"","is_prod":false,"is_daily":false,"chose_seed":false,"campfire_upgraded":6,"win_rate":0,"timestamp":1531078359,"path_taken":["M","M","?","?","M","R","E","M","T","?","M","R","M","E","R","BOSS","M","M","?","?","$","R","M","M","T","R","$","?","R","?","R","BOSS","M","M","M"],"build_version":"2018-07-05","purchased_purges":0,"victory":false,"max_hp_per_floor":[80,80,85,85,85,85,85,85,85,85,85,85,85,85,85,85,85,85,85,85,85,85,85,85,85,85,85,85,85,85,85,85,85,85,85,85,85],"card_choices":[{"not_picked":["Second Wind","Headbutt","Twin Strike"],"picked":"SKIP","floor":1},{"not_picked":["Carnage","Headbutt"],"picked":"Heavy Blade","floor":2},{"not_picked":["Carnage","Thunderclap"],"picked":"Inflame","floor":5},{"not_picked":["Body Slam","Shrug It Off"],"picked":"Clothesline","floor":7},{"not_picked":["Rupture","Clash","Burning Pact"],"picked":"SKIP","floor":8},{"not_picked":["Perfected Strike","Entrench"],"picked":"Limit Break","floor":10},{"not_picked":["Twin Strike","Flame Barrier"],"picked":"Body Slam","floor":11},{"not_picked":["Entrench","Reckless Charge","Searing Blow"],"picked":"SKIP","floor":13},{"not_picked":["Sever Soul","Whirlwind"],"picked":"Flex","floor":14},{"not_picked":["Fiend Fire","Berserk"],"picked":"Double Tap","floor":16},{"not_picked":["Hemokinesis","Blood for Blood"],"picked":"Heavy Blade","floor":18},{"not_picked":["True Grit","Perfected Strike"],"picked":"Iron Wave+1","floor":19},{"not_picked":["Sword Boomerang+1","Combust+1"],"picked":"Pommel Strike+1","floor":24},{"not_picked":["Warcry+1","Clothesline+1"],"picked":"Headbutt+1","floor":25},{"not_picked":["Fiend Fire+1","Double Tap"],"picked":"Barricade","floor":33},{"not_picked":["Perfected Strike+1","Spot Weakness"],"picked":"Heavy Blade+1","floor":35},{"not_picked":["Warcry+1","Burning Pact"],"picked":"Iron Wave+1","floor":36}],"player_experience":39189,"relics_obtained":[{"floor":7,"key":"Pantograph"},{"floor":9,"key":"Vajra"},{"floor":14,"key":"Oddly Smooth Stone"},{"floor":26,"key":"Boot"}],"event_choices":[{"event_name":"Big Fish","player_choice":"Donut","floor":3,"damage_taken":0},{"event_name":"Liars Game","player_choice":"disagreed","floor":4,"damage_taken":0},{"event_name":"Ghosts","player_choice":"Ignored","floor":20,"damage_taken":0},{"event_name":"Beggar","player_choice":"Gave Gold","floor":21,"damage_taken":0},{"event_name":"Addict","player_choice":"Ignored","floor":29,"damage_taken":0},{"event_name":"The Library","player_choice":"Read","floor":31,"damage_taken":0}],"boss_relics":[{"not_picked":["Sozu","Empty Cage"],"picked":"Astrolabe"},{"not_picked":["Orrery","White Beast Statue"],"picked":"Eternal Feather"}],"items_purged_floors":[],"is_endless":false,"potions_floor_spawned":[1,8,10,13,14,19,24,33],"killed_by":"4 Shapes","ascension_level":0}