{"gold_per_floor":[116,116,116,130,130,162,162,188,238,271,287,303,303,328,328,424,424,437,455,470,49,63,97,97,97,97,97,109,109,208,221,221,319,319,339,355,455,18,35,35,0,10,10,24,24,24,24,37,37,37],"floor_reached":51,"playtime":2199,"items_purged":["Strike_B+1"],"score":1109,"play_id":"1d7f0d83-3147-4353-a40c-57089f43f8d8","local_time":"20190309130423","is_ascension_mode":true,"campfire_choices":[{"data":"Ball Lightning","floor":7,"key":"SMITH"},{"data":"Glacier","floor":13,"key":"SMITH"},{"data":"Dualcast","floor":15,"key":"SMITH"},{"floor":24,"key":"REST"},{"floor":27,"key":"REST"},{"floor":29,"key":"REST"},{"floor":32,"key":"REST"},{"data":"Defragment","floor":40,"key":"SMITH"},{"data":"Defragment","floor":46,"key":"SMITH"},{"data":"Conserve Battery","floor":49,"key":"SMITH"}],"neow_cost":"NONE","seed_source_timestamp":163317573328424,"circlet_count":0,"master_deck":["AscendersBane","Strike_B+1","Strike_B+1","Strike_B+1","Defend_B+1","Defend_B+1","Defend_B+1","Defend_B+1","Zap","Dualcast+1","Cold Snap","Ball Lightning+1","White Noise","Cold Snap","Glacier+1","Conserve Battery+1","Conserve Battery+1","Defragment+1","Defragment+1","Electrodynamics","Consume+1","Writhe"],"relics":["Cracked Core","NeowsBlessing","Boot","Symbiotic Virus","Bronze Scales","Art of War","PreservedInsect","Inserter","DollysMirror","Happy Flower","Smiling Mask","Gremlin Horn","Coffee Dripper","Turnip","StoneCalendar","Red Mask","Singing Bowl"],"potions_floor_usage":[8,10,16,18,19,23,31,33,37,50,50],"damage_taken":[{"damage":0,"enemies":"Jaw Worm","floor":1,"turns":1},{"damage":0,"enemies":"Small Slimes","floor":4,"turns":1},{"damage":0,"enemies":"Lagavulin","floor":6,"turns":1},{"damage":19,"enemies":"3 Sentries","floor":8,"turns":6},{"damage":14,"enemies":"Gremlin Nob","floor":10,"turns":3},{"damage":0,"enemies":"2 Louse","floor":11,"turns":2},{"damage":1,"enemies":"Looter","floor":12,"turns":3},{"damage":10,"enemies":"The Guardian","floor":16,"turns":10},{"damage":2,"enemies":"Shell Parasite","floor":18,"turns":6},{"damage":14,"enemies":"2 Thieves","floor":19,"turns":4},{"damage":14,"enemies":"Cultist and Chosen","floor":20,"turns":8},{"damage":18,"enemies":"Snake Plant","floor":22,"turns":4},{"damage":13,"enemies":"Slavers","floor":23,"turns":5},{"damage":21,"enemies":"3 Cultists","floor":28,"turns":5},{"damage":5,"enemies":"Centurion and Healer","floor":31,"turns":5},{"damage":39,"enemies":"Automaton","floor":33,"turns":14},{"damage":17,"enemies":"3 Darklings","floor":35,"turns":4},{"damage":0,"enemies":"3 Shapes","floor":36,"turns":4},{"damage":10,"enemies":"Mind Bloom Boss Battle","floor":37,"turns":8},{"damage":0,"enemies":"Maw","floor":39,"turns":7},{"damage":21,"enemies":"Transient","floor":42,"turns":5},{"damage":0,"enemies":"Sphere and 2 Shapes","floor":44,"turns":3},{"damage":7,"enemies":"3 Darklings","floor":48,"turns":5},{"damage":25,"enemies":"Time Eater","floor":50,"turns":14}],"seed_played":"1001292726242178608","potions_obtained":[{"floor":1,"key":"FearPotion"},{"floor":6,"key":"SteroidPotion"},{"floor":8,"key":"Regen Potion"},{"floor":10,"key":"Block Potion"},{"floor":16,"key":"EssenceOfSteel"},{"floor":19,"key":"Energy Potion"},{"floor":28,"key":"Swift Potion"},{"floor":31,"key":"EssenceOfSteel"},{"floor":33,"key":"EssenceOfSteel"},{"floor":35,"key":"SteroidPotion"},{"floor":36,"key":"Regen Potion"}],"is_trial":false,"path_per_floor":["M","?","?","M","?","E","R","E","T","E","M","M","R","T","R","B",null,"M","M","M","$","M","E","R","?","T","R","M","R","?","M","R","B",null,"M","M","?","$","M","R","?","M","T","M","?","R","$","M","R","B",null],"character_chosen":"DEFECT","items_purchased":["Defragment","DollysMirror","Happy Flower","StoneCalendar","EssenceOfSteel"],"campfire_rested":4,"item_purchase_floors":[21,21,21,38,38],"current_hp_per_floor":[68,68,68,68,68,68,68,49,49,35,35,34,34,34,34,39,66,64,50,36,36,18,5,27,27,27,49,28,50,50,45,67,28,63,46,46,51,51,51,51,51,30,30,32,51,51,51,46,46,21],"gold":37,"neow_bonus":"THREE_ENEMY_KILL","is_prod":false,"is_daily":false,"chose_seed":false,"campfire_upgraded":6,"win_rate":0,"timestamp":1552158263,"path_taken":["M","?","?","M","?","E","R","E","T","E","M","M","R","?","R","BOSS","M","?","M","$","M","E","R","?","T","R","M","R","?","?","R","BOSS","M","M","?","$","M","R","?","M","T","M","?","R","$","M","R","BOSS"],"build_version":"2019-01-23","purchased_purges":1,"victory":true,"max_hp_per_floor":[75,75,75,75,75,75,75,75,75,75,75,75,75,75,75,75,75,75,75,75,75,75,75,75,75,75,75,75,75,75,75,75,75,75,75,75,75,75,75,75,75,75,75,77,77,77,77,79,79,79],"card_choices":[{"not_picked":["Sunder","Static Discharge"],"picked":"Cold Snap","floor":1},{"not_picked":["Genetic Algorithm","Rebound"],"picked":"Ball Lightning","floor":4},{"not_picked":["All For One","Heatsinks"],"picked":"White Noise","floor":6},{"not_picked":["Chill","Recycle"],"picked":"Cold Snap","floor":8},{"not_picked":["Beam Cell","Conserve Battery"],"picked":"Glacier","floor":10},{"not_picked":["Stack","Barrage","Turbo"],"picked":"SKIP","floor":11},{"not_picked":["Stack","Barrage","Turbo"],"picked":"SKIP","floor":11},{"not_picked":["Barrage","Recycle","Storm"],"picked":"SKIP","floor":12},{"not_picked":["Capacitor","Hello World","Beam Cell"],"picked":"SKIP","floor":18},{"not_picked":["Beam Cell","Sweeping Beam"],"picked":"Conserve Battery","floor":19},{"not_picked":["Beam Cell","Stack"],"picked":"Conserve Battery+1","floor":20},{"not_picked":["Steam","Go for the Eyes","Fission"],"picked":"SKIP","floor":22},{"not_picked":["Sweeping Beam","Genetic Algorithm","Static Discharge"],"picked":"SKIP","floor":23},{"not_picked":["Blizzard","Undo","Barrage"],"picked":"SKIP","floor":28},{"not_picked":["Reprogram","Steam","Compile Driver"],"picked":"SKIP","floor":31},{"not_picked":["Seek","Fission"],"picked":"Electrodynamics","floor":33},{"not_picked":["Rebound","Stack+1","Fusion"],"picked":"SKIP","floor":35},{"not_picked":["Go for the Eyes","Redo","Stack"],"picked":"SKIP","floor":36},{"not_picked":["Go for the Eyes","Stack"],"picked":"Consume+1","floor":37},{"not_picked":["Consume","Gash","Rebound"],"picked":"SKIP","floor":39},{"not_picked":["Chaos","Ball Lightning","Rebound+1"],"picked":"SKIP","floor":42},{"not_picked":["Stack","Hello World","Hologram"],"picked":"Singing Bowl","floor":44},{"not_picked":["Beam Cell+1","Streamline","Loop+1"],"picked":"Singing Bowl","floor":48}],"player_experience":339485,"relics_obtained":[{"floor":6,"key":"Boot"},{"floor":8,"key":"Symbiotic Virus"},{"floor":9,"key":"Bronze Scales"},{"floor":10,"key":"Art of War"},{"floor":14,"key":"PreservedInsect"},{"floor":23,"key":"Smiling Mask"},{"floor":26,"key":"Gremlin Horn"},{"floor":37,"key":"Turnip"},{"floor":43,"key":"Singing Bowl"}],"event_choices":[{"damage_healed":0,"gold_gain":0,"player_choice":"Leave","damage_taken":0,"max_hp_gain":0,"max_hp_loss":0,"event_name":"The Cleric","floor":2,"gold_loss":0},{"damage_healed":0,"gold_gain":0,"player_choice":"Ignored","damage_taken":0,"max_hp_gain":0,"max_hp_loss":0,"event_name":"Liars Game","floor":3,"gold_loss":0},{"damage_healed":0,"gold_gain":0,"player_choice":"Ignored","damage_taken":0,"max_hp_gain":0,"max_hp_loss":0,"event_name":"Golden Wing","floor":5,"gold_loss":0},{"damage_healed":0,"gold_gain":0,"player_choice":"Simplicity","damage_taken":0,"max_hp_gain":0,"max_hp_loss":0,"event_name":"Back to Basics","floor":25,"gold_loss":0,"cards_upgraded":["Strike_B","Strike_B","Strike_B","Strike_B","Defend_B","Defend_B","Defend_B","Defend_B"]},{"damage_healed":0,"gold_gain":99,"player_choice":"Stole From Cult","damage_taken":0,"max_hp_gain":0,"max_hp_loss":0,"event_name":"Nest","floor":30,"gold_loss":0},{"damage_healed":0,"gold_gain":0,"player_choice":"Fight","damage_taken":0,"max_hp_gain":0,"max_hp_loss":0,"event_name":"MindBloom","floor":37,"gold_loss":0},{"damage_healed":0,"gold_gain":0,"player_choice":"Paid","damage_taken":0,"relics_obtained":["Red Mask"],"max_hp_gain":0,"max_hp_loss":0,"event_name":"Tomb of Lord Red Mask","floor":41,"gold_loss":35},{"damage_healed":19,"gold_gain":0,"player_choice":"Writhe","damage_taken":0,"max_hp_gain":0,"max_hp_loss":0,"event_name":"Winding Halls","floor":45,"gold_loss":0,"cards_obtained":["Writhe"]}],"is_beta":false,"boss_relics":[{"not_picked":["FrozenCore","Lizard Tail"],"picked":"Inserter"},{"not_picked":["Calling Bell","Runic Dome"],"picked":"Coffee Dripper"}],"items_purged_floors":[38],"is_endless":false,"potions_floor_spawned":[1,6,8,10,16,19,28,31,33,35,36,39],"ascension_level":12}