{"gold_per_floor":[116,166,190,202,234,246,275,287,325,362,53,53,53,64,64,162,162,177,177,67,82,100,25,25],"floor_reached":24,"playtime":1074,"items_purged":["Strike_B"],"score":196,"play_id":"f6c1d680-1174-4acb-b89f-ceffefc50015","local_time":"20190309030625","is_ascension_mode":false,"campfire_choices":[{"floor":6,"key":"RECALL"},{"data":"Defragment","floor":8,"key":"SMITH"},{"floor":13,"key":"REST"},{"data":"Consume","floor":15,"key":"SMITH"}],"neow_cost":"NONE","seed_source_timestamp":686183735090432,"circlet_count":0,"master_deck":["Strike_B","Strike_B","Strike_B","Defend_B","Defend_B","Defend_B","Defend_B","Zap","Dualcast","Coolheaded","Defragment+1","Cold Snap","Loop","FTL","Consume+1","Echo Form","Blizzard","Defragment","Blizzard","Conserve Battery+1","Glacier"],"relics":["Cracked Core","Omamori","MawBank","Oddly Smooth Stone","Bottled Tornado","Vajra","Nuclear Battery"],"potions_floor_usage":[16,16],"damage_taken":[{"damage":0,"enemies":"Cultist","floor":1,"turns":4},{"damage":8,"enemies":"2 Louse","floor":3,"turns":3},{"damage":0,"enemies":"Jaw Worm","floor":5,"turns":7},{"damage":13,"enemies":"Looter","floor":7,"turns":3},{"damage":30,"enemies":"Gremlin Nob","floor":10,"turns":7},{"damage":6,"enemies":"Large Slime","floor":14,"turns":5},{"damage":2,"enemies":"Slime Boss","floor":16,"turns":6},{"damage":14,"enemies":"Shell Parasite","floor":18,"turns":7},{"damage":30,"enemies":"2 Thieves","floor":21,"turns":5},{"damage":16,"enemies":"Centurion and Healer","floor":22,"turns":7},{"damage":16,"enemies":"Snake Plant","floor":24,"turns":2}],"seed_played":"6233717240665979964","potions_obtained":[{"floor":5,"key":"FocusPotion"},{"floor":7,"key":"SneckoOil"},{"floor":14,"key":"AttackPotion"},{"floor":18,"key":"Poison Potion"},{"floor":21,"key":"Poison Potion"}],"is_trial":false,"path_per_floor":["M","T","M","$","M","R","M","R","T","E","$","?","R","M","R","B",null,"M","?","$","M","M","$","M"],"character_chosen":"DEFECT","items_purchased":["Consume","Bottled Tornado","Defragment","Blizzard"],"campfire_rested":1,"item_purchase_floors":[11,11,20,20],"current_hp_per_floor":[75,75,67,67,67,67,54,54,54,24,24,21,43,37,37,35,75,61,61,61,31,15,15,0],"gold":25,"neow_bonus":"RANDOM_COMMON_RELIC","is_prod":false,"is_daily":false,"chose_seed":false,"campfire_upgraded":2,"win_rate":0,"timestamp":1552118785,"path_taken":["M","?","M","$","M","R","M","R","T","E","$","?","R","M","R","BOSS","M","?","$","M","M","$","M"],"build_version":"2019-01-23","purchased_purges":1,"victory":false,"max_hp_per_floor":[75,75,75,75,75,75,75,75,75,75,75,75,75,75,75,75,75,75,75,75,75,75,75,75],"card_choices":[{"not_picked":["Doom and Gloom","Turbo"],"picked":"Coolheaded","floor":1},{"not_picked":["Aggregate","Stack"],"picked":"Defragment","floor":3},{"not_picked":["Leap","Heatsinks"],"picked":"Cold Snap","floor":5},{"not_picked":["Storm","Heatsinks"],"picked":"Loop","floor":7},{"not_picked":["Loop","Fission"],"picked":"FTL","floor":10},{"not_picked":["Rebound","Gash","Melter"],"picked":"SKIP","floor":14},{"not_picked":["Amplify","Reboot"],"picked":"Echo Form","floor":16},{"not_picked":["Sweeping Beam","Doom and Gloom"],"picked":"Blizzard","floor":18},{"not_picked":["Steam Power","Doom and Gloom"],"picked":"Conserve Battery+1","floor":21},{"not_picked":["Hologram","Melter"],"picked":"Glacier","floor":22}],"player_experience":1168416,"relics_obtained":[{"floor":2,"key":"MawBank"},{"floor":10,"key":"Oddly Smooth Stone"}],"event_choices":[{"damage_healed":0,"gold_gain":0,"player_choice":"Success","damage_taken":3,"relics_obtained":["Vajra"],"max_hp_gain":0,"max_hp_loss":0,"event_name":"Scrap Ooze","floor":12,"gold_loss":0}],"is_beta":false,"boss_relics":[{"not_picked":["Lizard Tail","Inserter"],"picked":"Nuclear Battery"}],"items_purged_floors":[23],"is_endless":false,"potions_floor_spawned":[5,7,14,18,21],"killed_by":"Snake Plant","ascension_level":0}