{"path_per_floor":["M","M","?","?","M","R","?","M","T","M","E","M","R","?","R","B",null,"M","?","?","?","M","R"],"character_chosen":"IRONCLAD","items_purchased":[],"gold_per_floor":[117,128,128,128,142,142,142,161,187,202,237,262,262,262,262,386,386,407,407,307,307,326,326],"floor_reached":24,"campfire_rested":0,"playtime":2257,"current_hp_per_floor":[79,80,80,60,66,66,66,65,65,71,59,62,62,55,55,10,80,59,59,59,59,35,35],"items_purged":[],"gold":326,"play_id":"c60550f0-b06a-4f8d-838b-45cdb47653a7","is_prod":false,"is_daily":false,"campfire_rituals":0,"campfire_upgraded":4,"is_hardmode":false,"path_taken":["M","M","?","?","M","R","?","M","T","?","E","M","R","?","R","BOSS","M","?","?","?","M","R","?"],"build_version":"2018-01-11-PROD2","purchased_purges":0,"victory":false,"master_deck":["Strike_R","Strike_R","Strike_R","Defend_R","Defend_R","Defend_R","Bash","Shrug It Off","Pommel Strike","Iron Wave","Hemokinesis","Warcry","Juggernaut","Armaments","Burning Pact","J.A.X.","Iron Wave"],"max_hp_per_floor":[80,80,80,80,80,80,80,80,80,80,80,80,80,80,80,80,80,80,80,80,80,80,80],"relics":["Burning Blood","Golden Idol","Oddly Smooth Stone","Smiling Mask","Runic Pyramid"],"campfire_meditates":0,"card_choices":[{"not_picked":["Body Slam","Pummel"],"picked":"Shrug It Off"},{"not_picked":["Twin Strike","Flame Barrier"],"picked":"Combust"},{"not_picked":["Shrug It Off","Rupture"],"picked":"Pommel Strike"},{"not_picked":["Intimidate","Pummel"],"picked":"Iron Wave"},{"not_picked":["Sword Boomerang","Power Through"],"picked":"Hemokinesis"},{"not_picked":["Cleave","Perfected Strike"],"picked":"Warcry"},{"not_picked":["Demon Form","Impervious"],"picked":"Juggernaut"},{"not_picked":["True Grit","Clothesline"],"picked":"Armaments"},{"not_picked":["True Grit","Shockwave"],"picked":"Iron Wave"}],"player_experience":36862,"potions_floor_usage":[11,11,11],"damage_taken":[{"damage":7,"enemies":"2 Louse","floor":1,"turns":4},{"damage":1,"enemies":"Cultist","floor":2,"turns":3},{"damage":0,"enemies":"Jaw Worm","floor":5,"turns":5},{"damage":7,"enemies":"Exordium Wildlife","floor":8,"turns":5},{"damage":0,"enemies":"2 Fungi Beasts","floor":10,"turns":4},{"damage":18,"enemies":"Lagavulin","floor":11,"turns":5},{"damage":3,"enemies":"3 Louse","floor":12,"turns":3},{"damage":51,"enemies":"The Guardian","floor":16,"turns":15},{"damage":27,"enemies":"2 Thieves","floor":18,"turns":5},{"damage":30,"enemies":"3 Byrds","floor":22,"turns":8},{"damage":41,"enemies":"Sentry and Sphere","floor":24,"turns":7}],"event_choices":[{"event_name":"Bonfire Elementals","player_choice":"UNCOMMON","floor":3,"damage_taken":0},{"event_name":"Golden Idol","player_choice":"Take Damage","floor":4,"damage_taken":0},{"event_name":"Purifier","player_choice":"One Purge","floor":7,"damage_taken":0},{"event_name":"Golden Wing","player_choice":"Card Removal","floor":14,"damage_taken":0},{"event_name":"The Library","player_choice":"Read","floor":19,"damage_taken":0},{"event_name":"Drug Dealer","player_choice":"Got JAXXED","floor":20,"damage_taken":0},{"event_name":"Back to Basics","player_choice":"Elegance","floor":21,"damage_taken":0}],"boss_relics":[{"not_picked":["Philosopher\u0027s Stone","Mark of Pain"],"picked":"Runic Pyramid"}],"potions_floor_spawned":[2,5,10,16,22],"seed_played":"545948108727406959","killed_by":"Sentry and Sphere","is_trial":false}