{"gold_per_floor":[217,25,25,35,50,67,101,32,32,60,60,91,91,107,107,207,207,226,246,246,23,43,74,74,102,125,125,140,140,17,17,17,119,119,138,138,150,12,22,22,40,40,40,66,66,86,6,20,20,20],"floor_reached":51,"playtime":2752,"items_purged":["Strike_G","Defend_G"],"score":1124,"play_id":"34d83799-79a2-474d-9b0b-6d0221405cec","local_time":"20190309105725","is_ascension_mode":true,"campfire_choices":[{"floor":11,"key":"REST"},{"data":"Neutralize","floor":13,"key":"SMITH"},{"floor":15,"key":"REST"},{"data":"Accuracy","floor":24,"key":"SMITH"},{"data":"Accuracy","floor":27,"key":"SMITH"},{"data":"After Image","floor":32,"key":"SMITH"},{"data":"Well Laid Plans","floor":40,"key":"SMITH"},{"data":"Infinite Blades","floor":42,"key":"SMITH"},{"data":"After Image","floor":45,"key":"SMITH"},{"data":"Footwork","floor":49,"key":"SMITH"}],"neow_cost":"NONE","seed_source_timestamp":155143684904582,"circlet_count":0,"master_deck":["Defend_G","Defend_G","Defend_G","Defend_G","Strike_G","Strike_G","Survivor","Neutralize+1","Blade Dance+1","Accuracy+1","Accuracy+1","Leg Sweep+1","Backflip+1","Backflip+1","Terror+1","Blur+1","Well Laid Plans+1","After Image+1","Blade Dance+1","Malaise+1","Cloak And Dagger+1","Leg Sweep+1","Infinite Blades+1","Acrobatics+1","Blade Dance+1","After Image+1","Infinite Blades","Footwork+1"],"relics":["Ring of the Snake","PreservedInsect","Toxic Egg 2","Dodecahedron","Mercury Hourglass","WingedGreaves","Paper Crane","Sozu","Anchor","Happy Flower","Art of War","MutagenicStrength","Empty Cage","Sundial","Omamori"],"potions_floor_usage":[7,7,10,50,50,50],"damage_taken":[{"damage":6,"enemies":"Cultist","floor":1,"turns":5},{"damage":0,"enemies":"Jaw Worm","floor":4,"turns":7},{"damage":0,"enemies":"2 Louse","floor":5,"turns":3},{"damage":5,"enemies":"Gremlin Gang","floor":6,"turns":6},{"damage":27,"enemies":"Lagavulin","floor":7,"turns":10},{"damage":7,"enemies":"Gremlin Nob","floor":10,"turns":3},{"damage":6,"enemies":"Lagavulin","floor":12,"turns":7},{"damage":6,"enemies":"Lots of Slimes","floor":14,"turns":3},{"damage":1,"enemies":"The Guardian","floor":16,"turns":13},{"damage":0,"enemies":"3 Byrds","floor":18,"turns":5},{"damage":9,"enemies":"2 Thieves","floor":19,"turns":4},{"damage":0,"enemies":"Snake Plant","floor":22,"turns":5},{"damage":0,"enemies":"Book of Stabbing","floor":23,"turns":4},{"damage":4,"enemies":"Slavers","floor":25,"turns":7},{"damage":0,"enemies":"Cultist and Chosen","floor":28,"turns":6},{"damage":0,"enemies":"Automaton","floor":33,"turns":11},{"damage":0,"enemies":"3 Darklings","floor":35,"turns":4},{"damage":0,"enemies":"3 Shapes","floor":37,"turns":4},{"damage":0,"enemies":"Transient","floor":39,"turns":5},{"damage":0,"enemies":"Sphere and 2 Shapes","floor":41,"turns":4},{"damage":0,"enemies":"Reptomancer","floor":44,"turns":4},{"damage":0,"enemies":"Jaw Worm Horde","floor":46,"turns":4},{"damage":0,"enemies":"4 Shapes","floor":48,"turns":4},{"damage":13,"enemies":"Time Eater","floor":50,"turns":9}],"seed_played":"5004205648854740305","potions_obtained":[{"floor":6,"key":"SkillPotion"},{"floor":7,"key":"Energy Potion"},{"floor":10,"key":"GhostInAJar"},{"floor":12,"key":"FearPotion"},{"floor":14,"key":"EssenceOfSteel"}],"is_trial":false,"path_per_floor":["M","$","?","M","M","M","E","$","T","E","R","E","R","M","R","B",null,"M","M","?","$","M","E","R","E","T","R","M","?","$","?","R","B",null,"M","?","M","$","M","R","M","R","T","E","R","M","$","M","R","B",null],"character_chosen":"THE_SILENT","items_purchased":["PreservedInsect","Dexterity Potion","Accuracy","Blur+1","Well Laid Plans","After Image","Blade Dance+1","Infinite Blades","Footwork"],"campfire_rested":2,"item_purchase_floors":[2,2,8,21,21,30,30,38,47],"current_hp_per_floor":[57,57,57,57,57,52,25,25,25,18,39,33,33,27,48,47,64,64,55,70,70,70,70,70,66,66,66,66,66,66,66,66,66,69,69,70,70,70,70,70,70,70,70,70,70,70,70,70,70,57],"gold":20,"neow_bonus":"HUNDRED_GOLD","is_prod":false,"is_daily":false,"chose_seed":false,"campfire_upgraded":8,"win_rate":0,"timestamp":1552150645,"path_taken":["M","$","?","?","?","M","E","?","T","E","R","E","R","M","R","BOSS","M","M","?","$","M","E","R","E","T","R","M","?","$","?","R","BOSS","M","?","M","$","M","R","M","R","T","E","R","?","?","M","R","BOSS"],"build_version":"2019-01-23","purchased_purges":2,"victory":true,"max_hp_per_floor":[70,70,70,70,70,70,70,70,70,70,70,70,70,70,70,70,70,70,70,70,70,70,70,70,70,70,70,70,70,70,70,70,70,70,70,70,70,70,70,70,70,70,70,70,70,70,70,70,70,70],"card_choices":[{"not_picked":["Slice","Noxious Fumes","Deflect"],"picked":"SKIP","floor":1},{"not_picked":["Quick Slash","Distraction+1"],"picked":"Blade Dance+1","floor":4},{"not_picked":["Dagger Spray","Sucker Punch","Poisoned Stab"],"picked":"SKIP","floor":5},{"not_picked":["Dagger Throw","Bane"],"picked":"Expertise+1","floor":6},{"not_picked":["Deflect+1","Concentrate+1"],"picked":"Accuracy","floor":7},{"not_picked":["Quick Slash","Glass Knife"],"picked":"Leg Sweep+1","floor":10},{"not_picked":["Slice","Bouncing Flask+1"],"picked":"Backflip+1","floor":12},{"not_picked":["Calculated Gamble+1","Heel Hook"],"picked":"Backflip+1","floor":14},{"not_picked":["Slice+1","Quick Slash+1"],"picked":"Terror+1","floor":18},{"not_picked":["Underhanded Strike","Slice","Prepared+1"],"picked":"SKIP","floor":19},{"not_picked":["Deadly Poison+1","Choke","Prepared+1"],"picked":"SKIP","floor":22},{"not_picked":["Sucker Punch","All Out Attack","PiercingWail+1"],"picked":"SKIP","floor":23},{"not_picked":["Concentrate+1","Prepared+1","Masterful Stab+1"],"picked":"SKIP","floor":25},{"not_picked":["Dagger Spray","Catalyst+1","Prepared+1"],"picked":"SKIP","floor":28},{"not_picked":["Wraith Form v2","Corpse Explosion+1"],"picked":"Malaise+1","floor":33},{"not_picked":["Predator","Sucker Punch"],"picked":"Cloak And Dagger+1","floor":35},{"not_picked":["Bane","Riddle With Holes"],"picked":"Leg Sweep+1","floor":37},{"not_picked":["Quick Slash+1","Deadly Poison+1"],"picked":"Acrobatics+1","floor":39},{"not_picked":["Setup+1","Prepared+1"],"picked":"Blade Dance+1","floor":41},{"not_picked":["Flechettes+1","Cloak And Dagger+1"],"picked":"After Image","floor":44},{"not_picked":["Quick Slash+1","Escape Plan+1"],"picked":"Infinite Blades","floor":46},{"not_picked":["Deadly Poison+1","Outmaneuver+1","Acrobatics+1"],"picked":"SKIP","floor":48}],"player_experience":334100,"relics_obtained":[{"floor":3,"key":"Toxic Egg 2"},{"floor":7,"key":"Dodecahedron"},{"floor":9,"key":"Mercury Hourglass"},{"floor":10,"key":"WingedGreaves"},{"floor":12,"key":"Paper Crane"},{"floor":23,"key":"Anchor"},{"floor":25,"key":"Happy Flower"},{"floor":26,"key":"Art of War"},{"floor":43,"key":"Sundial"},{"floor":44,"key":"Omamori"}],"event_choices":[{"damage_healed":0,"gold_gain":0,"player_choice":"Relic","damage_taken":0,"max_hp_gain":0,"max_hp_loss":0,"event_name":"Wheel of Change","floor":3,"gold_loss":0},{"damage_healed":23,"gold_gain":0,"player_choice":"Heal","damage_taken":0,"max_hp_gain":0,"max_hp_loss":0,"event_name":"The Library","floor":20,"gold_loss":0},{"damage_healed":0,"gold_gain":0,"player_choice":"Inject Mutagens","damage_taken":0,"relics_obtained":["MutagenicStrength"],"max_hp_gain":0,"max_hp_loss":0,"event_name":"Drug Dealer","floor":29,"gold_loss":0},{"damage_healed":0,"gold_gain":0,"player_choice":"Ignored","damage_taken":0,"max_hp_gain":0,"max_hp_loss":0,"event_name":"Ghosts","floor":31,"gold_loss":0},{"cards_removed":["Expertise"],"damage_healed":1,"gold_gain":0,"player_choice":"Offered Uncommon","damage_taken":0,"max_hp_gain":0,"max_hp_loss":0,"event_name":"Bonfire Elementals","floor":36,"gold_loss":0}],"is_beta":false,"boss_relics":[{"not_picked":["Black Star","Tiny House"],"picked":"Sozu"},{"not_picked":["Runic Dome","HoveringKite"],"picked":"Empty Cage"}],"items_purged_floors":[21,38],"is_endless":false,"potions_floor_spawned":[6,7,10,12,14,19,23,25,39,44,46],"ascension_level":8}