{"gold_per_floor":[111,125,139,149,149,149,149,175,251,251,265,290,290,306,306,380,380,396,413,238,249,199,199,199,179,179,214,230,230,243,253,253,328,328,345,345,359,378,395,395,409,409,409,179,205,205,0,0,0,0],"floor_reached":50,"playtime":3425,"items_purged":["Strike_R","Anger","Defend_R"],"score":923,"play_id":"a13dacdb-177f-4179-aed3-68848a9f2849","local_time":"20190123211932","is_ascension_mode":true,"campfire_choices":[{"data":"Bash","floor":6,"key":"SMITH"},{"data":"Clothesline","floor":10,"key":"SMITH"},{"data":"Disarm","floor":13,"key":"SMITH"},{"data":"True Grit","floor":15,"key":"SMITH"},{"data":"Uppercut","floor":23,"key":"SMITH"},{"data":"Havoc","floor":29,"key":"SMITH"},{"data":"Heavy Blade","floor":32,"key":"SMITH"},{"data":"Iron Wave","floor":40,"key":"SMITH"},{"data":"Disarm","floor":42,"key":"SMITH"},{"data":"Whirlwind","floor":46,"key":"SMITH"},{"floor":49,"key":"REST"}],"neow_cost":"NONE","seed_source_timestamp":182538389751988,"circlet_count":0,"master_deck":["AscendersBane","Defend_R","Defend_R","Bash+1","Shockwave","Shrug It Off","Disarm+1","Clothesline+1","Dark Embrace+1","True Grit+1","Demon Form+1","Battle Trance","Uppercut+1","Feel No Pain+1","Havoc+1","True Grit+1","Bite","Bite","Bite","Bite","Bite","Sword Boomerang","Heavy Blade+1","Metallicize+1","Juggernaut+1","Iron Wave+1","Inflame+1","Shrug It Off","Feel No Pain+1","Disarm+1","Whirlwind+1","Inflame+1","Sentinel","Barricade+1","Metallicize+1"],"relics":["Burning Blood","Bag of Marbles","Ginger","Strawberry","Frozen Egg 2","Smiling Mask","Snecko Eye","Mercury Hourglass","Omamori","Mark of Pain","Pear","Bottled Tornado","Red Mask"],"potions_floor_usage":[4,28,33,41,50,50],"damage_taken":[{"damage":1,"enemies":"Cultist","floor":1,"turns":3},{"damage":0,"enemies":"2 Louse","floor":2,"turns":3},{"damage":5,"enemies":"Small Slimes","floor":3,"turns":5},{"damage":8,"enemies":"Gremlin Gang","floor":4,"turns":4},{"damage":36,"enemies":"3 Sentries","floor":8,"turns":11},{"damage":4,"enemies":"3 Louse","floor":11,"turns":4},{"damage":18,"enemies":"Gremlin Nob","floor":12,"turns":4},{"damage":2,"enemies":"Red Slaver","floor":14,"turns":4},{"damage":41,"enemies":"Hexaghost","floor":16,"turns":13},{"damage":13,"enemies":"Spheric Guardian","floor":18,"turns":5},{"damage":0,"enemies":"Chosen","floor":19,"turns":5},{"damage":24,"enemies":"Centurion and Healer","floor":21,"turns":5},{"damage":21,"enemies":"Gremlin Leader","floor":27,"turns":6},{"damage":3,"enemies":"Chosen and Byrds","floor":28,"turns":5},{"damage":12,"enemies":"Snecko","floor":30,"turns":5},{"damage":23,"enemies":"Snake Plant","floor":31,"turns":4},{"damage":55,"enemies":"Automaton","floor":33,"turns":11},{"damage":17,"enemies":"3 Darklings","floor":35,"turns":4},{"damage":0,"enemies":"Orb Walker","floor":37,"turns":3},{"damage":3,"enemies":"Maw","floor":38,"turns":6},{"damage":27,"enemies":"Writhing Mass","floor":39,"turns":5},{"damage":10,"enemies":"Spire Growth","floor":41,"turns":4},{"damage":26,"enemies":"Giant Head","floor":45,"turns":6},{"damage":83,"enemies":"Awakened One","floor":50,"turns":6}],"seed_played":"-1766688633206842524","potions_obtained":[{"floor":1,"key":"Explosive Potion"},{"floor":2,"key":"EntropicBrew"},{"floor":16,"key":"Fire Potion"},{"floor":25,"key":"Weak Potion"},{"floor":27,"key":"SkillPotion"},{"floor":30,"key":"FearPotion"},{"floor":31,"key":"EssenceOfSteel"},{"floor":35,"key":"LiquidBronze"},{"floor":39,"key":"BloodPotion"},{"floor":45,"key":"SneckoOil"}],"is_trial":false,"path_per_floor":["M","M","M","M","?","R","?","E","T","R","M","E","R","M","R","B",null,"M","M","$","M","$","R","?","?","T","E","M","R","M","M","R","B",null,"M","?","M","M","M","R","M","R","T","$","E","R","?","?","R","B"],"character_chosen":"IRONCLAD","items_purchased":["Feel No Pain+1","Havoc","Whirlwind","Inflame+1","Sentinel"],"campfire_rested":1,"item_purchase_floors":[20,20,44,44,44],"current_hp_per_floor":[77,80,80,78,83,83,83,60,60,60,62,50,50,54,54,19,74,67,73,73,55,55,55,55,55,55,54,63,63,64,53,53,20,53,48,48,58,64,45,45,49,49,59,59,49,49,49,49,71,0],"gold":0,"neow_bonus":"RANDOM_COMMON_RELIC","is_prod":false,"is_daily":false,"chose_seed":false,"campfire_upgraded":10,"win_rate":0,"timestamp":1548299972,"path_taken":["M","?","M","M","?","R","?","E","T","R","M","E","R","M","R","BOSS","M","?","$","M","$","R","?","?","T","E","M","R","?","M","R","BOSS","M","?","M","?","M","R","M","R","T","$","E","R","?","?","R","BOSS"],"build_version":"2019-01-23","purchased_purges":3,"victory":false,"max_hp_per_floor":[80,80,80,80,85,85,85,92,92,92,92,92,92,92,92,92,92,92,92,92,92,92,92,64,64,64,64,64,64,64,64,64,64,64,64,64,64,64,64,64,64,64,74,74,74,74,74,74,74,74],"card_choices":[{"not_picked":["Seeing Red","Rampage"],"picked":"Shockwave","floor":1},{"not_picked":["Sword Boomerang","Intimidate"],"picked":"Shrug It Off","floor":2},{"not_picked":["Reckless Charge","Cleave"],"picked":"Disarm","floor":3},{"not_picked":["Anger","Clash"],"picked":"Clothesline","floor":4},{"not_picked":["Shockwave","Heavy Blade"],"picked":"Anger","floor":8},{"not_picked":["Headbutt","Dual Wield"],"picked":"Dark Embrace+1","floor":11},{"not_picked":["Dual Wield","Anger","Power Through"],"picked":"SKIP","floor":12},{"not_picked":["Hemokinesis","Dropkick"],"picked":"True Grit","floor":14},{"not_picked":["Limit Break","Barricade+1"],"picked":"Demon Form+1","floor":16},{"not_picked":["Rage","Wild Strike"],"picked":"Battle Trance","floor":18},{"not_picked":["Iron Wave+1","Heavy Blade"],"picked":"Uppercut","floor":19},{"not_picked":["Thunderclap","Clothesline"],"picked":"True Grit+1","floor":21},{"not_picked":["Clash","Havoc"],"picked":"Sword Boomerang","floor":27},{"not_picked":["Entrench","Sword Boomerang","Intimidate"],"picked":"SKIP","floor":28},{"not_picked":["Twin Strike","Infernal Blade"],"picked":"Heavy Blade","floor":30},{"not_picked":["Fiend Fire","Blood for Blood"],"picked":"Metallicize+1","floor":31},{"not_picked":["Double Tap","Brutality+1"],"picked":"Juggernaut+1","floor":33},{"not_picked":["Entrench","Clash+1"],"picked":"Iron Wave","floor":35},{"not_picked":["Shrug It Off","Warcry"],"picked":"Inflame+1","floor":37},{"not_picked":["Body Slam","Thunderclap"],"picked":"Shrug It Off","floor":38},{"not_picked":["Pommel Strike","Heavy Blade"],"picked":"Feel No Pain+1","floor":39},{"not_picked":["Thunderclap+1","Disarm","Flex"],"picked":"SKIP","floor":41},{"not_picked":["Thunderclap+1","Flex"],"picked":"Disarm","floor":41},{"not_picked":["Corruption+1","Dual Wield"],"picked":"Barricade+1","floor":45}],"player_experience":462384,"relics_obtained":[{"floor":8,"key":"Strawberry"},{"floor":9,"key":"Frozen Egg 2"},{"floor":12,"key":"Smiling Mask"},{"floor":26,"key":"Mercury Hourglass"},{"floor":27,"key":"Omamori"},{"floor":43,"key":"Pear"},{"floor":45,"key":"Bottled Tornado"}],"event_choices":[{"damage_healed":0,"gold_gain":0,"player_choice":"Donut","damage_taken":0,"max_hp_gain":5,"max_hp_loss":0,"event_name":"Big Fish","floor":5,"gold_loss":0},{"damage_healed":0,"gold_gain":0,"player_choice":"Gave Potion","damage_taken":0,"relics_obtained":["Ginger"],"max_hp_gain":0,"max_hp_loss":0,"event_name":"WeMeetAgain","floor":7,"gold_loss":0},{"damage_healed":0,"gold_gain":0,"player_choice":"Became a vampire","damage_taken":0,"max_hp_gain":0,"max_hp_loss":28,"event_name":"Vampires","floor":24,"gold_loss":0,"cards_obtained":["Bite","Bite","Bite","Bite","Bite"]},{"damage_healed":0,"gold_gain":0,"player_choice":"Bought 1 Potion","damage_taken":0,"max_hp_gain":0,"max_hp_loss":0,"event_name":"The Woman in Blue","floor":25,"gold_loss":0},{"cards_removed":["Defend_R"],"damage_healed":0,"gold_gain":0,"player_choice":"Offered Basic","damage_taken":0,"max_hp_gain":0,"max_hp_loss":0,"event_name":"Bonfire Elementals","floor":36,"gold_loss":0},{"damage_healed":0,"gold_gain":0,"player_choice":"Paid","damage_taken":0,"relics_obtained":["Red Mask"],"max_hp_gain":0,"max_hp_loss":0,"event_name":"Tomb of Lord Red Mask","floor":47,"gold_loss":205},{"damage_healed":0,"gold_gain":0,"player_choice":"Copied","damage_taken":0,"max_hp_gain":0,"max_hp_loss":0,"event_name":"Duplicator","floor":48,"gold_loss":0,"cards_obtained":["Metallicize"]}],"is_beta":false,"boss_relics":[{"not_picked":["Fusion Hammer","Lizard Tail"],"picked":"Snecko Eye"},{"not_picked":["Empty Cage","White Beast Statue"],"picked":"Mark of Pain"}],"items_purged_floors":[20,22,44],"is_endless":false,"potions_floor_spawned":[1,2,3,16,27,30,31,35,38,39,45],"killed_by":"Awakened One","ascension_level":13}