{"gold_per_floor":[113,113,113,113,126,157,171,62,62,88,99,116,131,131],"floor_reached":14,"playtime":1066,"items_purged":["Strike_G"],"score":102,"play_id":"89b719ea-c4b1-4bb4-95a4-90c4c1345eaa","local_time":"20190309111009","is_ascension_mode":false,"campfire_choices":[],"neow_cost":"NONE","seed_source_timestamp":563791529657641,"circlet_count":0,"master_deck":["Defend_G","Defend_G","Defend_G","Defend_G","Strike_G","Strike_G","Strike_G","Strike_G","Survivor","Neutralize","Accuracy","Backstab","Leg Sweep","Infinite Blades","PiercingWail","Terror","Slice"],"relics":["Ring of the Snake","Kunai","Bottled Flame","Boot","Smiling Mask"],"potions_floor_usage":[6,6,12],"damage_taken":[{"damage":6,"enemies":"Cultist","floor":1,"turns":5},{"damage":5,"enemies":"2 Louse","floor":5,"turns":3},{"damage":12,"enemies":"Lagavulin","floor":6,"turns":9},{"damage":0,"enemies":"Small Slimes","floor":7,"turns":4},{"damage":15,"enemies":"3 Sentries","floor":10,"turns":9},{"damage":0,"enemies":"Blue Slaver","floor":11,"turns":5},{"damage":3,"enemies":"Looter","floor":12,"turns":4},{"damage":3,"enemies":"Exordium Thugs","floor":13,"turns":7},{"damage":24,"enemies":"Gremlin Nob","floor":14,"turns":5}],"seed_played":"8553911057770667127","potions_obtained":[{"floor":1,"key":"SteroidPotion"},{"floor":5,"key":"Dexterity Potion"},{"floor":10,"key":"SpeedPotion"}],"is_trial":false,"path_per_floor":["M","?","?","?","M","E","M","$","T","E","M","M","M","E"],"character_chosen":"THE_SILENT","items_purchased":["Infinite Blades"],"campfire_rested":0,"item_purchase_floors":[8],"current_hp_per_floor":[71,76,64,57,52,40,40,40,40,25,25,22,19,0],"gold":131,"neow_bonus":"TEN_PERCENT_HP_BONUS","is_prod":false,"is_daily":false,"chose_seed":false,"campfire_upgraded":0,"win_rate":0,"timestamp":1552122609,"path_taken":["M","?","?","?","M","E","M","$","T","E","M","M","M","E"],"build_version":"2019-01-23","purchased_purges":1,"victory":false,"max_hp_per_floor":[77,82,82,82,82,82,82,82,82,82,82,82,82,82],"card_choices":[{"not_picked":["Finisher","Backflip"],"picked":"Accuracy","floor":1},{"not_picked":["Underhanded Strike","Dagger Spray"],"picked":"Backstab","floor":5},{"not_picked":["Leg Sweep","Underhanded Strike","Poisoned Stab"],"picked":"SKIP","floor":6},{"not_picked":["Underhanded Strike","Poisoned Stab"],"picked":"Leg Sweep","floor":6},{"not_picked":["Tools of the Trade","Bouncing Flask","Flying Knee"],"picked":"SKIP","floor":7},{"not_picked":["Bullet Time","Escape Plan"],"picked":"PiercingWail","floor":10},{"not_picked":["Quick Slash","Distraction"],"picked":"Terror","floor":11},{"not_picked":["Dagger Spray","Backflip"],"picked":"Slice","floor":12},{"not_picked":["Flying Knee","All Out Attack","Deadly Poison"],"picked":"SKIP","floor":13}],"player_experience":218013,"relics_obtained":[{"floor":6,"key":"Bottled Flame"},{"floor":9,"key":"Boot"},{"floor":10,"key":"Smiling Mask"}],"event_choices":[{"damage_healed":0,"gold_gain":0,"player_choice":"Donut","damage_taken":0,"max_hp_gain":5,"max_hp_loss":0,"event_name":"Big Fish","floor":2,"gold_loss":0},{"damage_healed":0,"gold_gain":0,"player_choice":"Success","damage_taken":12,"relics_obtained":["Kunai"],"max_hp_gain":0,"max_hp_loss":0,"event_name":"Scrap Ooze","floor":3,"gold_loss":0},{"cards_removed":["Defend_G"],"damage_healed":0,"gold_gain":0,"player_choice":"Card Removal","damage_taken":7,"max_hp_gain":0,"max_hp_loss":0,"event_name":"Golden Wing","floor":4,"gold_loss":0}],"is_beta":false,"boss_relics":[],"items_purged_floors":[8],"is_endless":false,"potions_floor_spawned":[1,5,10],"killed_by":"Gremlin Nob","ascension_level":0}