{"gold_per_floor":[320,169,169,183,198,231,231,248,273,348,382,382,382,413,413,413],"floor_reached":16,"playtime":519,"items_purged":[],"score":265,"play_id":"08a8b268-0d32-40de-84ca-5c659b6ced84","local_time":"20190308211933","is_ascension_mode":true,"campfire_choices":[{"data":"Hemokinesis","floor":7,"key":"SMITH"},{"data":"Clothesline","floor":13,"key":"SMITH"},{"data":"Whirlwind","floor":15,"key":"SMITH"}],"neow_cost":"NO_GOLD","seed_source_timestamp":422870973464098,"circlet_count":0,"master_deck":["AscendersBane","Strike_R","Strike_R","Strike_R","Strike_R","Strike_R","Defend_R","Defend_R","Defend_R","Defend_R","Bash","Clothesline+1","Swift Strike","Cleave","Hemokinesis+1","Metallicize+1","Blood for Blood","Whirlwind+1"],"relics":["Burning Blood","Old Coin","Gremlin Horn","Frozen Egg 2","Bag of Marbles","FossilizedHelix","Lantern","Vajra"],"potions_floor_usage":[6,8,11,11],"damage_taken":[{"damage":11,"enemies":"Cultist","floor":1,"turns":4},{"damage":2,"enemies":"2 Louse","floor":4,"turns":2},{"damage":4,"enemies":"Jaw Worm","floor":5,"turns":3},{"damage":20,"enemies":"3 Sentries","floor":6,"turns":6},{"damage":11,"enemies":"Blue Slaver","floor":8,"turns":3},{"damage":2,"enemies":"Gremlin Nob","floor":11,"turns":2},{"damage":14,"enemies":"3 Sentries","floor":14,"turns":7},{"damage":40,"enemies":"The Guardian","floor":16,"turns":8}],"seed_played":"273338777107039149","potions_obtained":[{"floor":6,"key":"EntropicBrew"},{"floor":14,"key":"SmokeBomb"}],"is_trial":false,"path_per_floor":["M","$","T","M","M","E","R","M","T","?","E","?","R","E","R","B"],"character_chosen":"IRONCLAD","items_purchased":["Fire Potion","Swift Strike"],"campfire_rested":0,"item_purchase_floors":[2,2],"current_hp_per_floor":[63,63,63,67,69,55,55,50,50,39,43,43,43,35,35,0],"gold":413,"neow_bonus":"ONE_RARE_RELIC","is_prod":false,"is_daily":false,"chose_seed":false,"campfire_upgraded":3,"win_rate":0,"timestamp":1552097973,"path_taken":["M","$","?","M","M","E","R","?","T","?","E","?","R","E","R","BOSS"],"build_version":"2019-01-23","purchased_purges":0,"victory":false,"max_hp_per_floor":[75,75,75,75,75,75,75,75,75,75,75,75,75,75,75,75],"card_choices":[{"not_picked":["Perfected Strike","Armaments"],"picked":"Clothesline","floor":1},{"not_picked":["Evolve","Body Slam"],"picked":"Cleave","floor":4},{"not_picked":["Sword Boomerang","Heavy Blade","Clash"],"picked":"SKIP","floor":5},{"not_picked":["Warcry","Seeing Red"],"picked":"Hemokinesis","floor":6},{"not_picked":["Sword Boomerang","Warcry"],"picked":"Metallicize+1","floor":8},{"not_picked":["Seeing Red","Burning Pact"],"picked":"Blood for Blood","floor":11},{"not_picked":["Perfected Strike","Armaments"],"picked":"Whirlwind","floor":14}],"player_experience":877770,"relics_obtained":[{"floor":3,"key":"Gremlin Horn"},{"floor":6,"key":"Frozen Egg 2"},{"floor":9,"key":"Bag of Marbles"},{"floor":11,"key":"FossilizedHelix"},{"floor":14,"key":"Vajra"}],"event_choices":[{"damage_healed":0,"gold_gain":75,"player_choice":"Gather Gold","damage_taken":11,"max_hp_gain":0,"max_hp_loss":0,"event_name":"World of Goop","floor":10,"gold_loss":0},{"damage_healed":0,"gold_gain":0,"player_choice":"Searched \u00271\u0027 times","damage_taken":0,"relics_obtained":["Lantern"],"max_hp_gain":0,"max_hp_loss":0,"event_name":"Dead Adventurer","floor":12,"gold_loss":0}],"is_beta":false,"boss_relics":[],"items_purged_floors":[],"is_endless":false,"potions_floor_spawned":[6,8,14],"killed_by":"The Guardian","ascension_level":17}