{"gold_per_floor":[111,123,134,145,159,159,5,5,5,5,5,5,15,50,50,148,148,148,134,134,146,76,76,107,107,182,182,202,202,213,224,224,224],"floor_reached":33,"playtime":1590,"items_purged":[],"score":350,"play_id":"a4e46a9b-ea7f-438a-81bf-17cf18140f7d","local_time":"20180930030717","is_ascension_mode":true,"campfire_choices":[{"data":"Ball Lightning","floor":6,"key":"SMITH"},{"data":"Zap","floor":8,"key":"SMITH"},{"data":"Dualcast","floor":10,"key":"SMITH"},{"data":"Streamline","floor":12,"key":"SMITH"},{"data":"Glacier","floor":15,"key":"SMITH"},{"floor":23,"key":"REST"},{"floor":29,"key":"REST"},{"floor":32,"key":"REST"}],"neow_cost":"TEN_PERCENT_HP_LOSS","seed_source_timestamp":18715089822166,"circlet_count":0,"master_deck":["Strike_B+1","Strike_B+1","Strike_B+1","Strike_B+1","Defend_B+1","Defend_B+1","Defend_B+1","Defend_B+1","Zap+1","Dualcast+1","Echo Form","Streamline+1","Go for the Eyes","Ball Lightning+1","Rainbow","Glacier+1","BootSequence","Capacitor","Doom and Gloom","Redo","Reprogram","Compile Driver+1","Defragment","Fusion","Steam+1","Capacitor"],"relics":["Cracked Core","DataDisk","Girya","Turnip","Orrery","Pocketwatch","Singing Bowl"],"potions_floor_usage":[5,16,18,24,24,30,31],"damage_taken":[{"damage":2,"enemies":"Jaw Worm","floor":1,"turns":5},{"damage":1,"enemies":"Cultist","floor":2,"turns":3},{"damage":1,"enemies":"2 Louse","floor":3,"turns":2},{"damage":0,"enemies":"2 Fungi Beasts","floor":4,"turns":2},{"damage":23,"enemies":"Exordium Thugs","floor":5,"turns":4},{"damage":3,"enemies":"Lots of Slimes","floor":13,"turns":3},{"damage":4,"enemies":"Lagavulin","floor":14,"turns":8},{"damage":4,"enemies":"Hexaghost","floor":16,"turns":7},{"damage":0,"enemies":"Chosen","floor":18,"turns":4},{"damage":1,"enemies":"2 Thieves","floor":19,"turns":4},{"damage":33,"enemies":"Chosen and Byrds","floor":21,"turns":6},{"damage":40,"enemies":"Book of Stabbing","floor":24,"turns":7},{"damage":13,"enemies":"Centurion and Healer","floor":28,"turns":5},{"damage":22,"enemies":"3 Cultists","floor":30,"turns":6},{"damage":0,"enemies":"Snecko","floor":31,"turns":4},{"damage":65,"enemies":"Automaton","floor":33,"turns":6}],"seed_played":"-6338408092229162984","potions_obtained":[{"floor":1,"key":"EssenceOfSteel"},{"floor":4,"key":"Block Potion"},{"floor":5,"key":"SmokeBomb"},{"floor":13,"key":"SpeedPotion"},{"floor":21,"key":"Regen Potion"},{"floor":28,"key":"Weak Potion"},{"floor":30,"key":"Regen Potion"}],"is_trial":false,"path_per_floor":["M","M","M","M","M","R","$","R","T","R","?","R","M","E","R","B",null,"M","M","$","M","$","R","E","?","T","?","M","R","M","M","R"],"character_chosen":"DEFECT","items_purchased":["DataDisk","Defragment"],"campfire_rested":3,"item_purchase_floors":[7,22],"current_hp_per_floor":[66,65,64,64,41,41,41,41,41,41,41,41,38,34,34,30,59,59,58,58,25,25,45,20,20,20,20,7,27,5,16,37,0],"gold":224,"neow_bonus":"THREE_RARE_CARDS","is_prod":false,"is_daily":false,"chose_seed":false,"campfire_upgraded":5,"win_rate":0,"timestamp":1538291237,"path_taken":["M","M","M","M","M","R","$","R","T","R","?","R","M","E","R","BOSS","M","M","$","M","$","R","E","?","T","?","M","R","?","?","R","BOSS"],"build_version":"2018-09-27","purchased_purges":0,"victory":false,"max_hp_per_floor":[68,68,68,68,68,68,68,68,68,68,68,68,68,68,68,68,68,68,68,68,68,68,68,68,68,68,68,68,68,68,70,70,70],"card_choices":[{"not_picked":["Thunder Strike","Fission"],"picked":"Echo Form","floor":0},{"not_picked":["Steam Power","Barrage"],"picked":"Streamline","floor":1},{"not_picked":["Leap","Turbo"],"picked":"Go for the Eyes","floor":2},{"not_picked":["Streamline","Compile Driver","Beam Cell"],"picked":"SKIP","floor":3},{"not_picked":["Rebound","Barrage"],"picked":"Ball Lightning","floor":4},{"not_picked":["Barrage","Lockon"],"picked":"Rainbow","floor":5},{"not_picked":["Compile Driver","Reinforced Body"],"picked":"Glacier","floor":13},{"not_picked":["Leap","Beam Cell"],"picked":"BootSequence","floor":14},{"not_picked":["Go for the Eyes","Coolheaded"],"picked":"Capacitor","floor":17},{"not_picked":["Double Energy","Streamline"],"picked":"Doom and Gloom","floor":17},{"not_picked":["Ball Lightning","Gash"],"picked":"Redo","floor":17},{"not_picked":["Sweeping Beam","Coolheaded"],"picked":"Reprogram","floor":17},{"not_picked":["Leap","Static Discharge+1","Redo+1"],"picked":"SKIP","floor":19},{"not_picked":["Steam Power","Conserve Battery"],"picked":"Compile Driver+1","floor":21},{"not_picked":["Hello World","Rainbow"],"picked":"Fusion","floor":24},{"not_picked":["White Noise","Turbo+1"],"picked":"Steam+1","floor":28},{"not_picked":["Chaos","Rebound+1"],"picked":"Capacitor","floor":30},{"not_picked":["Ball Lightning","Compile Driver","Doom and Gloom"],"picked":"Singing Bowl","floor":31}],"player_experience":626226,"relics_obtained":[{"floor":9,"key":"Girya"},{"floor":14,"key":"Turnip"},{"floor":24,"key":"Pocketwatch"},{"floor":26,"key":"Singing Bowl"}],"event_choices":[{"event_name":"The Cleric","player_choice":"Leave","floor":11,"damage_taken":0},{"event_name":"The Mausoleum","player_choice":"No","floor":25,"damage_taken":0},{"event_name":"Back to Basics","player_choice":"Simplicity","floor":27,"damage_taken":0}],"is_beta":false,"boss_relics":[{"not_picked":["Calling Bell","Astrolabe"],"picked":"Orrery"}],"items_purged_floors":[],"is_endless":false,"potions_floor_spawned":[1,4,5,13,21,28,30],"killed_by":"Automaton","ascension_level":6}