{"gold_per_floor":[113,127,145,163,163,197,213,231,231,231,241,254,254,267,267,341,341,357,282,298,88,108,123,123,137,217,217],"floor_reached":27,"playtime":1432,"items_purged":["Strike_B"],"score":424,"play_id":"313629f7-045f-42f3-b554-3cd7f927196c","local_time":"20190211205145","is_ascension_mode":true,"campfire_choices":[{"floor":10.0,"key":"REST"},{"floor":13.0,"key":"REST"},{"data":"Coolheaded","floor":15.0,"key":"SMITH"},{"floor":24,"key":"REST"}],"neow_cost":"NONE","seed_source_timestamp":0,"circlet_count":0,"master_deck":["AscendersBane","Defend_B","Defend_B","Defend_B","Defend_B","Zap+1","Dualcast","Reboot","Cold Snap","Conserve Battery","Biased Cognition","Streamline","Compile Driver","Coolheaded+1","Self Repair","Ball Lightning","Doom and Gloom","Glacier","Electrodynamics","Machine Learning+1","Undo+1","Compile Driver+1","Cold Snap","Glacier","Defragment","Loop"],"special_seed":0,"relics":["Cracked Core","Bottled Lightning","Vajra","Astrolabe","OrangePellets","Symbiotic Virus"],"potions_floor_usage":[22,27,27],"damage_taken":[{"damage":2.0,"enemies":"Cultist","floor":1.0,"turns":4.0},{"damage":0.0,"enemies":"2 Louse","floor":2.0,"turns":2.0},{"damage":0.0,"enemies":"Jaw Worm","floor":3.0,"turns":5.0},{"damage":2.0,"enemies":"2 Fungi Beasts","floor":4.0,"turns":3.0},{"damage":31.0,"enemies":"3 Sentries","floor":6.0,"turns":8.0},{"damage":5.0,"enemies":"Looter","floor":7.0,"turns":3.0},{"damage":19.0,"enemies":"Gremlin Gang","floor":8.0,"turns":5.0},{"damage":10.0,"enemies":"Exordium Thugs","floor":11.0,"turns":4.0},{"damage":18.0,"enemies":"3 Louse","floor":12.0,"turns":3.0},{"damage":5.0,"enemies":"2 Fungi Beasts","floor":14.0,"turns":2.0},{"damage":9.0,"enemies":"Hexaghost","floor":16.0,"turns":9.0},{"damage":25,"enemies":"3 Byrds","floor":18,"turns":4},{"damage":0,"enemies":"Spheric Guardian","floor":20,"turns":4},{"damage":27,"enemies":"Snake Plant","floor":22,"turns":6},{"damage":0,"enemies":"Cultist and Chosen","floor":23,"turns":5},{"damage":1,"enemies":"Snecko","floor":25,"turns":7},{"damage":58,"enemies":"Slavers","floor":27,"turns":3}],"seed_played":"-429587788447489818","potions_obtained":[{"floor":4.0,"key":"PowerPotion"},{"floor":6.0,"key":"Dexterity Potion"},{"floor":8.0,"key":"FearPotion"},{"floor":11.0,"key":"Energy Potion"},{"floor":16.0,"key":"Ancient Potion"},{"floor":20,"key":"Dexterity Potion"},{"floor":23,"key":"LiquidBronze"}],"is_trial":false,"path_per_floor":["M","M","M","M","?","E","M","M","T","R","M","M","R","M","R","B",null,"M","$","M","$","M","M","R","M","T","E"],"character_chosen":"DEFECT","items_purchased":["OrangePellets"],"campfire_rested":3,"item_purchase_floors":[21],"current_hp_per_floor":[62,62,62,60,60,29,24,5,5,26,23,12,33,28,28,26,60,42,42,42,42,22,29,50,56,56,0],"gold":217,"neow_bonus":"ONE_RANDOM_RARE_CARD","is_prod":false,"is_daily":false,"chose_seed":false,"campfire_upgraded":1,"win_rate":0,"timestamp":1549939905,"path_taken":["M","M","M","?","?","E","?","M","T","R","M","M","R","M","R","BOSS","M","$","M","$","M","M","R","M","T","E"],"build_version":"2019-01-23","purchased_purges":1,"victory":false,"max_hp_per_floor":[71,71,71,71,71,71,71,71,71,71,71,71,71,71,71,71,71,71,71,71,71,71,71,71,71,71,71],"card_choices":[{"not_picked":["Conserve Battery","BootSequence"],"picked":"Cold Snap","floor":1.0},{"not_picked":["Beam Cell","Sweeping Beam"],"picked":"Conserve Battery","floor":2.0},{"not_picked":["Hologram","Ball Lightning"],"picked":"Biased Cognition","floor":3.0},{"not_picked":["Reinforced Body","Auto Shields"],"picked":"Streamline","floor":4.0},{"not_picked":["All For One","Storm"],"picked":"Compile Driver","floor":6.0},{"not_picked":["Lockon","Beam Cell"],"picked":"Coolheaded","floor":7.0},{"not_picked":["Fusion","Beam Cell"],"picked":"Self Repair","floor":8.0},{"not_picked":["Go for the Eyes","Sweeping Beam"],"picked":"Ball Lightning","floor":11.0},{"not_picked":["Streamline","Compile Driver"],"picked":"Doom and Gloom","floor":12.0},{"not_picked":["Beam Cell","Blizzard"],"picked":"Glacier","floor":14.0},{"not_picked":["Rainbow","Thunder Strike"],"picked":"Electrodynamics","floor":16.0},{"not_picked":["Stack","Streamline+1"],"picked":"Cold Snap","floor":18},{"not_picked":["Streamline","Lockon+1","Conserve Battery"],"picked":"SKIP","floor":20},{"not_picked":["Gash","Stack"],"picked":"Glacier","floor":22},{"not_picked":["Steam","Electrodynamics"],"picked":"Defragment","floor":23},{"not_picked":["Streamline","Rebound"],"picked":"Loop","floor":25}],"player_experience":494800,"relics_obtained":[{"floor":6.0,"key":"Bottled Lightning"},{"floor":9.0,"key":"Vajra"},{"floor":26,"key":"Symbiotic Virus"}],"event_choices":[{"damage_healed":0.0,"max_hp_gain":0.0,"max_hp_loss":0.0,"gold_gain":0.0,"event_name":"Upgrade Shrine","player_choice":"Upgraded","floor":5.0,"gold_loss":0.0,"damage_taken":0.0,"cards_upgraded":["Zap"]}],"is_beta":false,"boss_relics":[{"not_picked":["Tiny House","Orrery"],"picked":"Astrolabe"}],"items_purged_floors":[19],"is_endless":false,"potions_floor_spawned":[4,6,8,11,16,20,23],"killed_by":"Slavers","ascension_level":18}