{"path_per_floor":["M","?","M","$","M","R","E","M","T","$","M","R","?","E","R","B"],"character_chosen":"THE_SILENT","items_purchased":["Well Laid Plans","Cloak And Dagger","Backstab","Lantern","Footwork"],"gold_per_floor":[366,366,383,305,323,323,349,359,359,18,29,29,29,59,59,161,161],"floor_reached":17,"campfire_rested":1,"playtime":638,"current_hp_per_floor":[64,64,63,63,63,63,37,35,35,35,32,32,32,12,33,31,70],"items_purged":[],"gold":161,"score":165,"play_id":"e0b20d11-176f-43bf-b5c3-2d1e3acf374b","local_time":"20180421083212","is_prod":false,"is_daily":false,"chose_seed":false,"is_ascension_mode":false,"campfire_upgraded":2,"timestamp":1524292332,"path_taken":["M","?","M","$","M","R","E","M","T","$","M","R","?","E","R","BOSS"],"build_version":"2018-04-19","seed_source_timestamp":310967864325810,"purchased_purges":0,"victory":false,"master_deck":["Defend_G","Defend_G","Defend_G","Defend_G","Defend_G","Strike_G","Strike_G","Strike_G","Strike_G","Survivor","Neutralize","Poisoned Stab+1","Flying Knee","Well Laid Plans","Catalyst","Burst","Sucker Punch","Cloak And Dagger","Backstab+1","Footwork","Bouncing Flask+1","Well Laid Plans","Caltrops","Die Die Die+1","Parasite","Doubt","Decay"],"max_hp_per_floor":[70,70,70,70,70,70,70,70,70,70,70,70,70,70,70,70,70],"relics":["Ring of the Snake","Centennial Puzzle","Molten Egg 2","Lantern","Mercury Hourglass","Calling Bell","Singing Bowl","Kunai","Girya"],"card_choices":[{"not_picked":["Cloak And Dagger","Dagger Spray"],"picked":"Poisoned Stab","floor":1},{"not_picked":["Deflect","Acrobatics"],"picked":"Flying Knee","floor":3},{"not_picked":["Calculated Gamble","Expertise"],"picked":"Catalyst","floor":5},{"not_picked":["Blade Dance","All Out Attack"],"picked":"Burst","floor":7},{"not_picked":["Quick Slash","Reflex"],"picked":"Sucker Punch","floor":8},{"not_picked":["Backstab","Accuracy"],"picked":"Bouncing Flask","floor":11},{"not_picked":["Poisoned Stab","Deflect"],"picked":"Caltrops","floor":14},{"not_picked":["Grand Finale","Doppelganger"],"picked":"Die Die Die","floor":16}],"player_experience":383991,"potions_floor_usage":[],"damage_taken":[{"damage":6,"enemies":"2 Louse","floor":1,"turns":4},{"damage":1,"enemies":"Cultist","floor":3,"turns":4},{"damage":0,"enemies":"Jaw Worm","floor":5,"turns":5},{"damage":26,"enemies":"Lagavulin","floor":7,"turns":8},{"damage":2,"enemies":"Large Slime","floor":8,"turns":6},{"damage":3,"enemies":"Exordium Wildlife","floor":11,"turns":3},{"damage":20,"enemies":"Gremlin Nob","floor":14,"turns":4},{"damage":2,"enemies":"The Guardian","floor":16,"turns":7}],"event_choices":[{"event_name":"Fountain of Cleansing","player_choice":"Removed Curse","floor":2,"damage_taken":0},{"event_name":"Living Wall","player_choice":"Change","floor":13,"damage_taken":0}],"boss_relics":[{"not_picked":["Snecko Eye","Tiny House"],"picked":"Calling Bell"}],"potions_floor_spawned":[3,8],"seed_played":"2899473963724160519","ascension_level":0,"is_trial":false}