{"gold_per_floor":[213,232,232,245,259,259,278,278,353,353,367,367,385,405,405,476,476,496,496,6,6,19,19,53,53],"floor_reached":25,"playtime":1227,"items_purged":[],"score":398,"play_id":"f2f84111-fdf6-44ea-8622-b3267721cde9","local_time":"20190226145758","is_ascension_mode":true,"campfire_choices":[{"data":"Cloak And Dagger","floor":6.0,"key":"SMITH"},{"data":"Prepared","floor":10.0,"key":"SMITH"},{"floor":12.0,"key":"REST"},{"data":"Noxious Fumes","floor":15.0,"key":"SMITH"},{"floor":23,"key":"REST"}],"neow_cost":"NONE","seed_source_timestamp":2955814631086453,"circlet_count":0,"master_deck":["AscendersBane","Survivor","Neutralize+1","Cloak And Dagger+1","Bouncing Flask","Prepared+1","Well Laid Plans+1","Noxious Fumes+1","A Thousand Cuts","Underhanded Strike","Accuracy","A Thousand Cuts","Outmaneuver","Envenom","Skewer","Deadly Poison","Burst","Reflex","Footwork","Escape Plan","Die Die Die+1","PiercingWail","Corpse Explosion"],"special_seed":0,"relics":["Ring of the Snake","Ninja Scroll","Pandora\u0027s Box","Snake Skull","Shovel"],"potions_floor_usage":[16,16,24,24],"damage_taken":[{"damage":2.0,"enemies":"Small Slimes","floor":1.0,"turns":5.0},{"damage":0.0,"enemies":"2 Louse","floor":2.0,"turns":3.0},{"damage":5.0,"enemies":"Cultist","floor":4.0,"turns":5.0},{"damage":16.0,"enemies":"Gremlin Gang","floor":5.0,"turns":6.0},{"damage":10.0,"enemies":"3 Louse","floor":7.0,"turns":4.0},{"damage":4.0,"enemies":"Exordium Thugs","floor":11.0,"turns":5.0},{"damage":0.0,"enemies":"Looter","floor":13.0,"turns":3.0},{"damage":1.0,"enemies":"Red Slaver","floor":14.0,"turns":4.0},{"damage":11,"enemies":"Slime Boss","floor":16,"turns":8},{"damage":14,"enemies":"Chosen","floor":18,"turns":5},{"damage":19,"enemies":"2 Thieves","floor":22,"turns":2},{"damage":25,"enemies":"Slavers","floor":24,"turns":3},{"damage":24,"enemies":"Centurion and Healer","floor":25,"turns":3}],"seed_played":"2839931710536712886","potions_obtained":[{"floor":4.0,"key":"Energy Potion"},{"floor":7.0,"key":"SpeedPotion"},{"floor":13.0,"key":"Strength Potion"}],"is_trial":false,"path_per_floor":["M","M","?","M","M","R","M","?","T","R","M","R","M","M","R","B",null,"M","?","$","?","M","R","E","M"],"character_chosen":"THE_SILENT","items_purchased":["Snake Skull","Die Die Die","Dexterity Potion","Ancient Potion"],"campfire_rested":2,"item_purchase_floors":[20,20,20,20],"current_hp_per_floor":[57,57,57,52,36,36,26,26,26,26,22,41,41,40,40,29,57,43,43,43,43,24,43,18,0],"gold":53,"neow_bonus":"HUNDRED_GOLD","is_prod":false,"is_daily":false,"chose_seed":false,"campfire_upgraded":3,"win_rate":0,"timestamp":1551160678,"path_taken":["M","M","?","M","M","R","M","?","T","R","?","R","M","?","R","BOSS","M","?","$","?","?","R","E","M"],"build_version":"2019-01-23","purchased_purges":0,"victory":false,"max_hp_per_floor":[66,66,66,66,66,66,66,66,66,66,66,66,66,66,66,66,66,66,66,66,66,66,66,66,66],"card_choices":[{"not_picked":["Prepared","Concentrate"],"picked":"Cloak And Dagger","floor":1.0},{"not_picked":["Dodge and Roll","Tactician","Infinite Blades"],"picked":"SKIP","floor":2.0},{"not_picked":["Flying Knee","Catalyst"],"picked":"Bouncing Flask","floor":4.0},{"not_picked":["Eviscerate","Poisoned Stab"],"picked":"Prepared","floor":5.0},{"not_picked":["Terror","Sucker Punch"],"picked":"Well Laid Plans","floor":7.0},{"not_picked":["Backflip","Dodge and Roll","Poisoned Stab"],"picked":"SKIP","floor":11.0},{"not_picked":["Sucker Punch","Underhanded Strike","Outmaneuver"],"picked":"SKIP","floor":13.0},{"not_picked":["Dagger Spray","Caltrops"],"picked":"Noxious Fumes","floor":14.0},{"not_picked":["Unload","Venomology"],"picked":"A Thousand Cuts","floor":16},{"not_picked":["Backflip","Outmaneuver"],"picked":"Escape Plan","floor":18},{"not_picked":["Slice","Acrobatics"],"picked":"PiercingWail","floor":22},{"not_picked":["Bane","Night Terror"],"picked":"Corpse Explosion","floor":24}],"player_experience":590296,"relics_obtained":[{"floor":9.0,"key":"Ninja Scroll"},{"floor":24,"key":"Shovel"}],"event_choices":[{"damage_healed":0.0,"max_hp_gain":0.0,"max_hp_loss":0.0,"gold_gain":0.0,"event_name":"Living Wall","player_choice":"Grow","floor":3.0,"gold_loss":0.0,"damage_taken":0.0,"cards_upgraded":["Neutralize"]},{"damage_healed":0.0,"max_hp_gain":0.0,"max_hp_loss":0.0,"gold_gain":0.0,"event_name":"Accursed Blacksmith","player_choice":"Forge","floor":8.0,"gold_loss":0.0,"damage_taken":0.0,"cards_upgraded":["Well Laid Plans"]},{"damage_healed":0,"gold_gain":0,"player_choice":"Ignored","damage_taken":0,"max_hp_gain":0,"max_hp_loss":0,"event_name":"Cursed Tome","floor":19,"gold_loss":0},{"damage_healed":0,"gold_gain":0,"player_choice":"Upgraded","damage_taken":0,"max_hp_gain":0,"max_hp_loss":0,"event_name":"Upgrade Shrine","floor":21,"gold_loss":0,"cards_upgraded":["Die Die Die"]}],"is_beta":false,"boss_relics":[{"not_picked":["Coffee Dripper","Runic Pyramid"],"picked":"Pandora\u0027s Box"}],"items_purged_floors":[],"is_endless":false,"potions_floor_spawned":[4,7,13,14,22],"killed_by":"Centurion and Healer","ascension_level":17}