{"path_per_floor":["M","?","M","$","?","R","?","E","T","R","M","M","M","M","R","B",null,"M","?","M","$","?"],"character_chosen":"IRONCLAD","items_purchased":[],"gold_per_floor":[10,10,30,30,30,30,51,85,85,85,103,122,137,148,148,248,248,263,263,274,199,649],"floor_reached":23,"campfire_rested":1,"playtime":2097,"current_hp_per_floor":[83,83,86,86,86,86,65,29,29,56,60,63,59,54,54,18,108,97,81,77,77,29],"items_purged":["Strike_R"],"gold":649,"play_id":"57004773-c1bd-44c3-a41d-51b7d23fec68","is_prod":false,"is_daily":false,"campfire_rituals":0,"campfire_upgraded":2,"is_hardmode":false,"path_taken":["M","?","?","?","?","R","?","E","T","R","?","M","M","M","R","BOSS","M","?","M","$","?","E"],"build_version":"2018-01-11-PROD2","purchased_purges":1,"victory":false,"master_deck":["Strike_R","Strike_R","Strike_R","Defend_R","Defend_R","Defend_R","Defend_R","Bash","Feed","Rampage","Burning Pact","Flex","Shrug It Off","Shrug It Off","Pommel Strike","Double Tap","Offering","Metallicize","Necronomicurse","True Grit"],"max_hp_per_floor":[83,83,86,86,86,86,89,92,92,92,96,100,100,104,104,108,108,112,112,116,116,116],"relics":["Burning Blood","Odd Mushroom","Matryoshka","Sundial","Molten Egg","Question Card","Necronomicon"],"campfire_meditates":0,"card_choices":[{"not_picked":["Dark Embrace","Bludgeon"],"picked":"Feed"},{"not_picked":["Fiend Fire","Shrug It Off"],"picked":"Rampage"},{"not_picked":["Iron Wave","Thunderclap"],"picked":"Burning Pact"},{"not_picked":["Iron Wave","Hemokinesis"],"picked":"Flex"},{"not_picked":["Limit Break","Clash"],"picked":"Shrug It Off"},{"not_picked":["Wild Strike","Twin Strike"],"picked":"Shrug It Off"},{"not_picked":["Intimidate","Pummel"],"picked":"Pommel Strike"},{"not_picked":["Whirlwind","Iron Wave"],"picked":"Double Tap"},{"not_picked":["Bludgeon","Barricade"],"picked":"Offering"},{"not_picked":["Anger","Thunderclap","Bloodletting"],"picked":"Metallicize"},{"not_picked":["Thunderclap","Flex","Intimidate"],"picked":"True Grit"}],"player_experience":215742,"potions_floor_usage":[14,16,23,23],"damage_taken":[{"damage":5,"enemies":"Cultist","floor":1,"turns":4},{"damage":1,"enemies":"Jaw Worm","floor":3,"turns":4},{"damage":30,"enemies":"The Mushroom Lair","floor":7,"turns":4},{"damage":45,"enemies":"Lagavulin","floor":8,"turns":6},{"damage":6,"enemies":"Blue Slaver","floor":11,"turns":3},{"damage":7,"enemies":"Lots of Slimes","floor":12,"turns":5},{"damage":10,"enemies":"Looter","floor":13,"turns":4},{"damage":15,"enemies":"Exordium Thugs","floor":14,"turns":4},{"damage":46,"enemies":"Slime Boss","floor":16,"turns":12},{"damage":21,"enemies":"Spheric Guardian","floor":18,"turns":4},{"damage":14,"enemies":"Chosen","floor":20,"turns":4},{"damage":32,"enemies":"Gremlin Leader","floor":23,"turns":8}],"event_choices":[{"event_name":"The Cleric","player_choice":"Leave","floor":2,"damage_taken":0},{"event_name":"Living Wall","player_choice":"Forget","floor":5,"damage_taken":0},{"event_name":"Mushrooms","player_choice":"Fought Mushrooms","floor":7,"damage_taken":0},{"event_name":"Cursed Tome","player_choice":"Obtained Book","floor":19,"damage_taken":0},{"event_name":"Knowing Skull","player_choice":"GOLD GOLD GOLD GOLD GOLD ","floor":22,"damage_taken":0}],"boss_relics":[{"not_picked":["Snecko Eye","Eternal Feather"],"picked":"Question Card"}],"potions_floor_spawned":[1,3,12,16,20],"seed_played":"-1672857290239952435","killed_by":"Gremlin Leader","is_trial":false}