{"gold_per_floor":[359,370,370,16,16,46,63,78,78,109,136,153,153,15,15,110,110,98,30,49,60,0,0,0,35,35,61,73,97,109,137,149,258,270,302,314,326,385,243,243,253,353,353,276,296,313,333,353,353,353],"floor_reached":51,"playtime":3780,"items_purged":["Strike_R","Strike_R"],"score":792,"play_id":"5396d7f6-ccdc-4d30-8ff7-82af9cbdf2a1","local_time":"20181104194319","is_ascension_mode":true,"campfire_choices":[{"data":"1","floor":13,"key":"LIFT"},{"floor":15,"key":"REST"},{"data":"2","floor":23,"key":"LIFT"},{"floor":28,"key":"REST"},{"data":"3","floor":32,"key":"LIFT"},{"data":"Corruption","floor":40,"key":"SMITH"},{"floor":49,"key":"DIG"}],"neow_cost":"CURSE","seed_source_timestamp":1393608525353311,"circlet_count":0,"master_deck":["Strike_R","Strike_R","Strike_R","Defend_R","Defend_R","Defend_R+1","Defend_R","Bash","Cleave","Cleave","Battle Trance","Corruption+1","Shrug It Off","Iron Wave+1","Sentinel+1","Iron Wave+1","Disarm","Sentinel+1","Clash+1","Armaments","Burning Pact","Clash+1","Pummel+1","Seeing Red+1","Ghostly","Ghostly","Ghostly","Ghostly","Ghostly","Clash+1","Limit Break","Dark Shackles","Rampage+1","Dark Shackles","Armaments+1","Clash+1","Armaments+1","Headbutt+1"],"relics":["Burning Blood","Membership Card","Molten Egg 2","Omamori","Bottled Lightning","Girya","War Paint","Strange Spoon","Cursed Key","Question Card","Vajra","MawBank","Lizard Tail","Shovel","Blood Vial","Incense Burner","Smiling Mask"],"potions_floor_usage":[16,16,38,38,38,38,38,50,50,50,50,50,50],"damage_taken":[{"damage":12,"enemies":"Small Slimes","floor":1,"turns":6},{"damage":10,"enemies":"Jaw Worm","floor":2,"turns":4},{"damage":16,"enemies":"3 Sentries","floor":6,"turns":6},{"damage":5,"enemies":"Cultist","floor":7,"turns":4},{"damage":1,"enemies":"Looter","floor":8,"turns":3},{"damage":20,"enemies":"Gremlin Nob","floor":10,"turns":4},{"damage":21,"enemies":"3 Sentries","floor":11,"turns":7},{"damage":0,"enemies":"3 Louse","floor":12,"turns":4},{"damage":2,"enemies":"The Guardian","floor":16,"turns":10},{"damage":20,"enemies":"2 Thieves","floor":18,"turns":4},{"damage":6,"enemies":"Shell Parasite","floor":20,"turns":5},{"damage":24,"enemies":"Cultist and Chosen","floor":21,"turns":7},{"damage":47,"enemies":"Gremlin Leader","floor":25,"turns":6},{"damage":2,"enemies":"Chosen and Byrds","floor":27,"turns":6},{"damage":3,"enemies":"Snecko","floor":29,"turns":4},{"damage":0,"enemies":"Cultist and Chosen","floor":31,"turns":5},{"damage":10,"enemies":"Automaton","floor":33,"turns":11},{"damage":13,"enemies":"3 Darklings","floor":35,"turns":6},{"damage":20,"enemies":"2 Orb Walkers","floor":38,"turns":5},{"damage":0,"enemies":"3 Shapes","floor":41,"turns":2},{"damage":0,"enemies":"Mind Bloom Boss Battle","floor":42,"turns":6},{"damage":13,"enemies":"3 Darklings","floor":45,"turns":6},{"damage":8,"enemies":"Spire Growth","floor":46,"turns":3},{"damage":6,"enemies":"4 Shapes","floor":47,"turns":6},{"damage":5,"enemies":"Writhing Mass","floor":48,"turns":5},{"damage":17,"enemies":"Donu and Deca","floor":50,"turns":13}],"seed_played":"3671439691391230497","potions_obtained":[{"floor":2,"key":"SkillPotion"},{"floor":6,"key":"SpeedPotion"},{"floor":12,"key":"SkillPotion"},{"floor":16,"key":"FairyPotion"},{"floor":20,"key":"Strength Potion"},{"floor":21,"key":"Strength Potion"},{"floor":27,"key":"EntropicBrew"},{"floor":38,"key":"SteroidPotion"},{"floor":41,"key":"Weak Potion"},{"floor":48,"key":"Block Potion"}],"is_trial":false,"path_per_floor":["M","M","?","$","?","E","M","M","T","E","?","M","R","$","R","B",null,"M","$","M","M","?","R","?","E","T","M","R","M","?","M","R","B",null,"M","?","T","?","$","R","M","?","T","$","M","M","M","M","R","B",null],"character_chosen":"IRONCLAD","items_purchased":["Membership Card","Molten Egg 2","Battle Trance","Strange Spoon","Disarm","Clash+1","Armaments","Burning Pact","Dark Shackles","Blood Vial","Clash+1"],"campfire_rested":2,"item_purchase_floors":[4,4,4,14,14,19,19,19,39,39,44],"current_hp_per_floor":[74,70,75,75,75,65,66,71,71,57,42,48,48,48,73,77,85,71,71,71,53,53,53,53,12,12,16,41,44,42,42,42,38,42,35,35,35,21,21,21,29,37,37,37,32,32,34,37,37,28],"gold":353,"neow_bonus":"TWO_FIFTY_GOLD","is_prod":false,"is_daily":false,"chose_seed":false,"campfire_upgraded":1,"win_rate":0,"timestamp":1541378599,"path_taken":["M","M","?","$","?","E","?","M","T","E","?","M","R","$","R","BOSS","M","$","M","M","?","R","?","E","T","M","R","M","?","?","R","BOSS","M","?","?","?","?","R","?","?","T","$","M","M","M","M","R","BOSS"],"build_version":"2018-11-01","purchased_purges":2,"victory":true,"max_hp_per_floor":[80,80,85,85,85,85,85,85,85,85,85,85,85,85,85,85,85,85,85,85,85,85,85,85,85,85,85,85,85,42,42,42,42,42,42,42,42,42,42,42,42,42,42,42,42,42,42,42,42,42],"card_choices":[{"not_picked":["Seeing Red","Corruption"],"picked":"Cleave","floor":1},{"not_picked":["Intimidate","Body Slam"],"picked":"Cleave","floor":2},{"not_picked":["Rupture","Carnage+1"],"picked":"Corruption","floor":6},{"not_picked":["Clash+1","Anger+1"],"picked":"Shrug It Off","floor":7},{"not_picked":["Seeing Red","Entrench"],"picked":"Iron Wave+1","floor":8},{"not_picked":["Perfected Strike+1","Twin Strike+1"],"picked":"Sentinel","floor":10},{"not_picked":["Wild Strike+1","Second Wind"],"picked":"Iron Wave+1","floor":11},{"not_picked":["Heavy Blade+1","Warcry","Evolve"],"picked":"SKIP","floor":12},{"not_picked":["Sword Boomerang+1","Heavy Blade+1"],"picked":"Sentinel+1","floor":18},{"not_picked":["Dual Wield","True Grit"],"picked":"Clash+1","floor":20},{"not_picked":["Twin Strike+1","Berserk"],"picked":"Pummel+1","floor":21},{"not_picked":["Twin Strike+1","Rampage+1","Shrug It Off"],"picked":"Seeing Red+1","floor":25},{"not_picked":["Uppercut+1","Anger+1","Second Wind+1","Havoc"],"picked":"SKIP","floor":27},{"not_picked":["Evolve","Warcry","Havoc+1","Rage"],"picked":"SKIP","floor":29},{"not_picked":["Intimidate","Spot Weakness","Headbutt+1"],"picked":"Clash+1","floor":31},{"not_picked":["Dark Embrace","Demon Form","Immolate+1"],"picked":"Limit Break","floor":33},{"not_picked":["Shrug It Off+1","Rage","Body Slam+1","Pommel Strike+1"],"picked":"SKIP","floor":35},{"not_picked":["Good Instincts","Mayhem","HandOfGreed+1"],"picked":"Dark Shackles","floor":36},{"not_picked":["True Grit","Power Through+1","Headbutt+1"],"picked":"Rampage+1","floor":38},{"not_picked":["Anger+1","Body Slam+1","Dual Wield","Second Wind"],"picked":"SKIP","floor":41},{"not_picked":["Sword Boomerang+1","Double Tap","Spot Weakness"],"picked":"Armaments+1","floor":42},{"not_picked":["Wild Strike+1","Reckless Charge+1","Armaments","Perfected Strike+1"],"picked":"SKIP","floor":45},{"not_picked":["Twin Strike+1","Reckless Charge+1","Pommel Strike+1","Second Wind"],"picked":"SKIP","floor":46},{"not_picked":["True Grit+1","Carnage+1","Spot Weakness"],"picked":"Armaments+1","floor":47},{"not_picked":["True Grit+1","Carnage+1","Havoc+1"],"picked":"Headbutt+1","floor":48}],"player_experience":1026305,"relics_obtained":[{"floor":6,"key":"Omamori"},{"floor":9,"key":"Bottled Lightning"},{"floor":10,"key":"Girya"},{"floor":25,"key":"Vajra"},{"floor":26,"key":"MawBank"},{"floor":38,"key":"Shovel"},{"floor":42,"key":"Incense Burner"},{"floor":49,"key":"Smiling Mask"}],"event_choices":[{"damage_healed":0,"gold_gain":0,"player_choice":"Donut","damage_taken":0,"max_hp_gain":5,"max_hp_loss":0,"event_name":"Big Fish","floor":3,"gold_loss":0},{"cards_removed":["Decay"],"damage_healed":0,"gold_gain":0,"player_choice":"Removed Curses","damage_taken":0,"max_hp_gain":0,"max_hp_loss":0,"event_name":"Fountain of Cleansing","floor":5,"gold_loss":0},{"damage_healed":0,"gold_gain":30,"player_choice":"Searched \u00273\u0027 times","damage_taken":0,"relics_obtained":["War Paint"],"max_hp_gain":0,"max_hp_loss":0,"event_name":"Dead Adventurer","floor":11,"gold_loss":0},{"damage_healed":0,"gold_gain":0,"player_choice":"Paid Fearfully","damage_taken":0,"max_hp_gain":0,"max_hp_loss":0,"event_name":"Masked Bandits","floor":22,"gold_loss":60},{"damage_healed":0,"gold_gain":0,"player_choice":"Opened","damage_taken":0,"relics_obtained":["Question Card"],"max_hp_gain":0,"max_hp_loss":0,"event_name":"The Mausoleum","floor":24,"gold_loss":0},{"damage_healed":0,"gold_gain":0,"player_choice":"Became a Ghost","damage_taken":0,"max_hp_gain":0,"max_hp_loss":43,"event_name":"Ghosts","floor":30,"gold_loss":0,"cards_obtained":["Ghostly","Ghostly","Ghostly","Ghostly","Ghostly"]},{"damage_healed":0,"gold_gain":0,"player_choice":"Memory 1","damage_taken":0,"max_hp_gain":0,"max_hp_loss":0,"event_name":"SensoryStone","floor":36,"gold_loss":0},{"damage_healed":0,"gold_gain":0,"player_choice":"Fight","damage_taken":0,"max_hp_gain":0,"max_hp_loss":0,"event_name":"Mysterious Sphere","floor":38,"gold_loss":0},{"damage_healed":0,"gold_gain":0,"player_choice":"Fight","damage_taken":0,"max_hp_gain":0,"max_hp_loss":0,"event_name":"MindBloom","floor":42,"gold_loss":0}],"is_beta":false,"boss_relics":[{"not_picked":["Snecko Eye","Runic Pyramid"],"picked":"Cursed Key"},{"not_picked":["Sozu","Runic Cube"],"picked":"Lizard Tail"}],"items_purged_floors":[39,44],"is_endless":false,"potions_floor_spawned":[2,6,12,16,20,21,27,33,38,41,48],"ascension_level":2}