{"path_per_floor":["M","?","M","M","$","R","E","M","T","M","R","E","?","M","R","B",null,"M","M","$","M","M","M"],"character_chosen":"THE_SILENT","items_purchased":["Noxious Fumes","Dagger Spray","Vajra"],"gold_per_floor":[113,113,127,140,43,43,68,84,134,149,149,177,177,191,191,286,286,299,266,44,64,82,95,95],"floor_reached":24,"campfire_rested":0,"playtime":1717,"current_hp_per_floor":[63,68,64,63,63,63,66,66,66,63,63,45,45,43,43,36,65,61,48,48,40,11,1,0],"items_purged":["Strike_G"],"gold":95,"score":297,"play_id":"8c9942f2-4c4d-4893-86b8-8718942728f8","local_time":"20180414232341","is_prod":false,"is_daily":false,"chose_seed":false,"is_ascension_mode":true,"campfire_upgraded":3,"timestamp":1523741021,"path_taken":["M","?","M","M","?","R","E","M","T","?","R","E","?","M","R","BOSS","M","M","$","M","M","M","E"],"build_version":"2018-04-12","seed_source_timestamp":228009723205214,"purchased_purges":1,"victory":false,"master_deck":["Defend_G","Defend_G","Defend_G","Defend_G+1","Defend_G+1","Strike_G","Strike_G","Strike_G","Strike_G","Survivor","Neutralize","Sucker Punch+1","Poisoned Stab","Deadly Poison","Noxious Fumes+1","Dagger Spray","Leg Sweep+1","Backflip","Infinite Blades","Neutralize","Infinite Blades","After Image","Dodge and Roll+1","Backflip","Footwork","Cloak And Dagger+1","Catalyst+1"],"max_hp_per_floor":[70,75,75,75,75,75,75,75,75,75,75,75,75,75,75,75,75,75,75,75,75,75,75,75],"relics":["Ring of the Snake","Art of War","Happy Flower","Pen Nib","War Paint","White Beast Statue","Vajra"],"card_choices":[{"not_picked":["Slice","Prepared"],"picked":"Sucker Punch","floor":1},{"not_picked":["Outmaneuver","Dodge and Roll"],"picked":"Poisoned Stab","floor":3},{"not_picked":["Dodge and Roll","Catalyst"],"picked":"Deadly Poison","floor":4},{"not_picked":["Expertise","Acrobatics"],"picked":"Leg Sweep","floor":7},{"not_picked":["Venomology","Deflect"],"picked":"Backflip","floor":8},{"not_picked":["Deadly Poison","Flying Knee"],"picked":"Infinite Blades","floor":10},{"not_picked":["Setup","All Out Attack"],"picked":"Infinite Blades","floor":14},{"not_picked":["Unload","Grand Finale"],"picked":"After Image","floor":16},{"not_picked":["Outmaneuver","Endless Agony"],"picked":"Dodge and Roll","floor":18},{"not_picked":["Dodge and Roll","Slice"],"picked":"Backflip","floor":19},{"not_picked":["Sucker Punch","Dodge and Roll"],"picked":"Footwork","floor":21},{"not_picked":["Predator","Poisoned Stab"],"picked":"Cloak And Dagger","floor":22},{"not_picked":["Heel Hook","Prepared"],"picked":"Catalyst","floor":23}],"player_experience":292212,"potions_floor_usage":[7,14,16,22,23,24,24],"damage_taken":[{"damage":0,"enemies":"2 Louse","floor":1,"turns":4},{"damage":4,"enemies":"Small Slimes","floor":3,"turns":4},{"damage":1,"enemies":"Cultist","floor":4,"turns":3},{"damage":12,"enemies":"3 Sentries","floor":7,"turns":7},{"damage":0,"enemies":"Exordium Wildlife","floor":8,"turns":2},{"damage":3,"enemies":"Looter","floor":10,"turns":4},{"damage":18,"enemies":"Gremlin Nob","floor":12,"turns":4},{"damage":2,"enemies":"Lots of Slimes","floor":14,"turns":3},{"damage":7,"enemies":"Hexaghost","floor":16,"turns":8},{"damage":4,"enemies":"3 Byrds","floor":18,"turns":5},{"damage":13,"enemies":"2 Thieves","floor":19,"turns":5},{"damage":8,"enemies":"Snake Plant","floor":21,"turns":8},{"damage":29,"enemies":"3 Cultists","floor":22,"turns":6},{"damage":10,"enemies":"Sentry and Sphere","floor":23,"turns":8},{"damage":2,"enemies":"Gremlin Leader","floor":24,"turns":4}],"event_choices":[{"event_name":"Big Fish","player_choice":"Donut","floor":2,"damage_taken":0},{"event_name":"Match and Keep!","player_choice":"1 cards matched","floor":13,"damage_taken":0}],"boss_relics":[{"not_picked":["Velvet Choker","Lizard Tail"],"picked":"White Beast Statue"}],"potions_floor_spawned":[3,4,10,12,18,19,21,22,23],"seed_played":"1925389700361468943","killed_by":"Gremlin Leader","ascension_level":8,"is_trial":false}