{"path_per_floor":["M","M","?","M","M","R","M","E","T","M","M","M","R","?","R","B",null,"M","$","?","$","?","E","R","M","T"],"character_chosen":"THE_SILENT","items_purchased":["Snake Skull","Blood Vial","Footwork"],"gold_per_floor":[113,132,132,147,161,161,171,197,221,231,246,264,264,264,264,367,367,378,2,2,2,2,33,33,51,51,51],"floor_reached":27,"campfire_rested":0,"playtime":1629,"current_hp_per_floor":[70,70,58,58,54,54,54,41,41,41,41,37,37,37,37,29,60,60,60,60,60,60,49,49,47,47,0],"items_purged":[],"gold":51,"score":294,"play_id":"1721ff96-9a60-4093-9b53-576b7c9f66ca","local_time":"20180503220219","is_prod":false,"is_daily":false,"chose_seed":false,"is_ascension_mode":true,"campfire_upgraded":4,"timestamp":1525399339,"path_taken":["M","M","?","M","M","R","M","E","T","M","M","M","R","?","R","BOSS","M","$","?","$","?","E","R","M","T","E"],"build_version":"2018-04-28v2","seed_source_timestamp":170455729581901,"purchased_purges":1,"victory":false,"master_deck":["Survivor+1","Neutralize+1","Dagger Spray","Noxious Fumes","Distraction","Backstab+1","Unload","Dash","Eviscerate+1","Unload","Quick Slash","Crippling Poison","Tools of the Trade","Poisoned Stab","Noxious Fumes+1","Flying Knee","Outmaneuver","Footwork","Endless Agony","Expertise","Dodge and Roll","Dagger Spray","Bane+1","Footwork","Bouncing Flask+1","Malaise"],"max_hp_per_floor":[70,70,70,70,70,70,70,70,70,70,70,70,70,70,70,70,70,70,70,70,70,70,77,77,77,77,77],"relics":["Ring of the Snake","Regal Pillow","Prayer Wheel","Whetstone","Pandora\u0027s Box","Snake Skull","Blood Vial","Strawberry","Ancient Tea Set"],"card_choices":[{"not_picked":["Accuracy","Heel Hook"],"picked":"Dagger Spray","floor":1},{"not_picked":["Distraction","Setup"],"picked":"Noxious Fumes","floor":2},{"not_picked":["Bane","Deflect"],"picked":"Distraction","floor":4},{"not_picked":["Outmaneuver","Cloak And Dagger"],"picked":"Backstab","floor":5},{"not_picked":["Backflip","Dodge and Roll"],"picked":"Unload","floor":7},{"not_picked":["Blade Dance","Dodge and Roll"],"picked":"Dash","floor":8},{"not_picked":["Slice","All Out Attack"],"picked":"Eviscerate","floor":9},{"not_picked":["Slice","Deflect"],"picked":"Unload","floor":10},{"not_picked":["Underhanded Strike","Poisoned Stab"],"picked":"Quick Slash","floor":11},{"not_picked":["Endless Agony","Quick Slash"],"picked":"Crippling Poison","floor":12},{"not_picked":["Night Terror","Bullet Time"],"picked":"Tools of the Trade","floor":16},{"not_picked":["Poisoned Stab","Dodge and Roll"],"picked":"Bane","floor":18},{"not_picked":["Sucker Punch","Deflect"],"picked":"Bouncing Flask","floor":23},{"not_picked":["Slice","Predator"],"picked":"Malaise","floor":26}],"player_experience":412355,"potions_floor_usage":[7,12,16,23,25],"damage_taken":[{"damage":0,"enemies":"Jaw Worm","floor":1,"turns":4},{"damage":0,"enemies":"2 Louse","floor":2,"turns":3},{"damage":0,"enemies":"Small Slimes","floor":4,"turns":3},{"damage":4,"enemies":"Looter","floor":5,"turns":4},{"damage":0,"enemies":"3 Louse","floor":7,"turns":2},{"damage":13,"enemies":"3 Sentries","floor":8,"turns":8},{"damage":0,"enemies":"2 Fungi Beasts","floor":10,"turns":2},{"damage":0,"enemies":"Looter","floor":11,"turns":2},{"damage":4,"enemies":"Exordium Wildlife","floor":12,"turns":5},{"damage":8,"enemies":"The Guardian","floor":16,"turns":12},{"damage":0,"enemies":"3 Byrds","floor":18,"turns":4},{"damage":20,"enemies":"Gremlin Leader","floor":23,"turns":7},{"damage":4,"enemies":"Shell Parasite","floor":25,"turns":4},{"damage":50,"enemies":"Book of Stabbing","floor":27,"turns":5}],"event_choices":[{"event_name":"Scrap Ooze","player_choice":"success","floor":3,"damage_taken":12},{"event_name":"Living Wall","player_choice":"Forget","floor":14,"damage_taken":0},{"event_name":"Ghosts","player_choice":"Ignored","floor":20,"damage_taken":0},{"event_name":"Addict","player_choice":"Ignored","floor":22,"damage_taken":0}],"boss_relics":[{"not_picked":["Velvet Choker","White Beast Statue"],"picked":"Pandora\u0027s Box"}],"potions_floor_spawned":[1,5,7,10,11,12,16,23],"seed_played":"-7849498886163788603","killed_by":"Book of Stabbing","ascension_level":5,"is_trial":false}