{"path_per_floor":["M","M","M","M","M","R","M","M","T","M","?","E","M","E","R","B",null,"M","?","M","$","?","E","R","M","T","R","?","M"],"character_chosen":"IRONCLAD","items_purchased":["Charon\u0027s Ashes"],"gold_per_floor":[12,27,37,50,67,67,81,92,92,109,109,134,148,176,176,279,279,293,293,304,2,2,27,27,45,70,70,70,80],"floor_reached":30,"campfire_rested":0,"playtime":4146,"current_hp_per_floor":[80,80,80,80,83,83,82,85,85,86,86,63,66,78,78,29,101,83,83,76,76,76,55,55,45,45,45,45,36],"items_purged":[],"gold":80,"play_id":"183b5a8e-2705-459d-b16b-4d546464f47a","is_prod":false,"is_daily":false,"is_ascension_mode":false,"campfire_upgraded":4,"path_taken":["M","M","M","M","M","R","M","M","T","M","?","E","M","E","R","BOSS","M","?","M","$","?","E","R","M","T","R","?","?","M"],"build_version":"2018-01-23-BETA1","purchased_purges":0,"victory":false,"master_deck":["Strike_R","Strike_R","Strike_R","Defend_R","Defend_R","Defend_R","Defend_R","Bash","True Grit","Clash","Uppercut","Feed","Clash","Clash","Shrug It Off","Reaper","Headbutt","Bloodletting","Limit Break","Whirlwind","Flex","Infernal Blade","Sentinel","Armaments"],"max_hp_per_floor":[80,80,80,80,83,83,86,89,89,92,92,95,95,98,98,101,101,104,104,107,107,107,110,110,110,110,110,110,113],"relics":["Burning Blood","Sundial","Bird Faced Urn","Bag of Marbles","War Paint","Runic Pyramid","Charon\u0027s Ashes","Letter Opener","Mercury Hourglass","Nloth\u0027s Gift"],"card_choices":[{"not_picked":["Body Slam","Fire Breathing"],"picked":"True Grit"},{"not_picked":["Iron Wave","Wild Strike"],"picked":"Clash"},{"not_picked":["Flex","Twin Strike"],"picked":"Uppercut"},{"not_picked":["Burning Pact","Iron Wave"],"picked":"Feed"},{"not_picked":["Dropkick","Dual Wield"],"picked":"Clash"},{"not_picked":["Clothesline","True Grit"],"picked":"Clash"},{"not_picked":["Cleave","Blood for Blood"],"picked":"Shrug It Off"},{"not_picked":["Perfected Strike","Sever Soul"],"picked":"Reaper"},{"not_picked":["Heavy Blade","True Grit"],"picked":"Headbutt"},{"not_picked":["Heavy Blade","Dual Wield"],"picked":"Bloodletting"},{"not_picked":["Berserk","Barricade"],"picked":"Limit Break"},{"not_picked":["Anger","Thunderclap"],"picked":"Whirlwind"},{"not_picked":["Uppercut","Heavy Blade"],"picked":"Flex"},{"not_picked":["Thunderclap","Flame Barrier"],"picked":"Infernal Blade"},{"not_picked":["Inflame","Cleave"],"picked":"Sentinel"},{"not_picked":["Fire Breathing","Bloodletting"],"picked":"Armaments"}],"player_experience":15671,"potions_floor_usage":[12,18,23,23,30,30,30],"damage_taken":[{"damage":6,"enemies":"Cultist","floor":1,"turns":3},{"damage":4,"enemies":"Blue Slaver","floor":2,"turns":5},{"damage":0,"enemies":"Small Slimes","floor":3,"turns":3},{"damage":0,"enemies":"Exordium Wildlife","floor":4,"turns":5},{"damage":5,"enemies":"3 Louse","floor":5,"turns":5},{"damage":10,"enemies":"Exordium Thugs","floor":7,"turns":5},{"damage":6,"enemies":"Large Slime","floor":8,"turns":5},{"damage":8,"enemies":"2 Fungi Beasts","floor":10,"turns":3},{"damage":32,"enemies":"3 Sentries","floor":12,"turns":6},{"damage":3,"enemies":"Red Slaver","floor":13,"turns":4},{"damage":3,"enemies":"Gremlin Nob","floor":14,"turns":3},{"damage":64,"enemies":"Hexaghost","floor":16,"turns":12},{"damage":27,"enemies":"2 Thieves","floor":18,"turns":4},{"damage":22,"enemies":"Chosen","floor":20,"turns":6},{"damage":40,"enemies":"Slavers","floor":23,"turns":5},{"damage":25,"enemies":"Snecko","floor":25,"turns":4},{"damage":24,"enemies":"Sentry and Sphere","floor":29,"turns":6},{"damage":37,"enemies":"Slaver and Parasite","floor":30,"turns":4}],"event_choices":[{"event_name":"Purifier","player_choice":"One Purge","floor":11,"damage_taken":0},{"event_name":"Back to Basics","player_choice":"Elegance","floor":19,"damage_taken":0},{"event_name":"The Mausoleum","player_choice":"Yes","floor":22,"damage_taken":0},{"event_name":"N\u0027loth","player_choice":"Traded a Orichalcum","floor":28,"damage_taken":0}],"boss_relics":[{"not_picked":["Velvet Choker","Orrery"],"picked":"Runic Pyramid"}],"potions_floor_spawned":[3,5,13,16,20,23,29],"seed_played":"6452159072872309413","killed_by":"Slaver and Parasite","ascension_level":0,"is_trial":false}