{"gold_per_floor":[112,131,16,35,110,110,124,140,140,158,169,169,169],"floor_reached":13,"playtime":1249,"items_purged":["Strike_G"],"score":79,"play_id":"8bdfb3db-a8b7-4bd0-a8f4-40bf59fa1230","local_time":"20180923070752","is_ascension_mode":false,"campfire_choices":[{"data":"Footwork","floor":6,"key":"SMITH"}],"neow_cost":"NONE","seed_source_timestamp":52681034118208,"circlet_count":0,"master_deck":["Defend_G","Defend_G","Defend_G","Defend_G","Defend_G","Strike_G+1","Strike_G","Strike_G","Strike_G","Survivor","Neutralize","Footwork+1","Deflect+1","Prepared"],"relics":["Ring of the Snake","Pen Nib"],"potions_floor_usage":[],"damage_taken":[{"damage":2,"enemies":"Jaw Worm","floor":1,"turns":6},{"damage":0,"enemies":"2 Louse","floor":2,"turns":3},{"damage":0,"enemies":"Small Slimes","floor":4,"turns":7},{"damage":0,"enemies":"Exordium Wildlife","floor":7,"turns":9},{"damage":0,"enemies":"Large Slime","floor":8,"turns":12},{"damage":4,"enemies":"Exordium Thugs","floor":10,"turns":5},{"damage":0,"enemies":"3 Louse","floor":11,"turns":6}],"seed_played":"6135214111523822451","potions_obtained":[{"floor":7,"key":"PowerPotion"},{"floor":10,"key":"SteroidPotion"},{"floor":11,"key":"Block Potion"}],"is_trial":false,"path_per_floor":["M","M","$","M","?","R","M","M","T","M","M","?"],"character_chosen":"THE_SILENT","items_purchased":["Footwork"],"campfire_rested":0,"item_purchase_floors":[3],"current_hp_per_floor":[75,75,75,75,64,64,64,64,64,60,60,45,45],"gold":169,"neow_bonus":"TEN_PERCENT_HP_BONUS","is_prod":false,"is_daily":false,"chose_seed":false,"campfire_upgraded":1,"win_rate":0.0,"timestamp":1537675672,"path_taken":["M","M","$","M","?","R","M","M","T","M","M","?","?"],"build_version":"2018-09-20","purchased_purges":1,"victory":false,"max_hp_per_floor":[77,77,77,77,77,77,77,77,77,77,77,77,77],"card_choices":[{"not_picked":["Poisoned Stab","PiercingWail","Heel Hook"],"picked":"SKIP","floor":1},{"not_picked":["Deadly Poison","Flying Knee","Distraction"],"picked":"SKIP","floor":2},{"not_picked":["Underhanded Strike","Choke","Quick Slash"],"picked":"SKIP","floor":4},{"not_picked":["Quick Slash","Masterful Stab"],"picked":"Deflect","floor":7},{"not_picked":["Riddle With Holes","Leg Sweep"],"picked":"Prepared","floor":8},{"not_picked":["Outmaneuver","Footwork","Choke"],"picked":"SKIP","floor":10},{"not_picked":["Dash","Tactician","Underhanded Strike"],"picked":"SKIP","floor":11}],"player_experience":56027,"relics_obtained":[{"floor":9,"key":"Pen Nib"}],"event_choices":[{"event_name":"World of Goop","player_choice":"Gather Gold","floor":5,"damage_taken":0},{"event_name":"Shining Light","player_choice":"Entered Light","floor":12,"damage_taken":0}],"is_beta":false,"boss_relics":[],"items_purged_floors":[3],"is_endless":false,"potions_floor_spawned":[7,10,11],"ascension_level":0}