{"gold_per_floor":[111,121,134,34,51,51,51,51,51,71,71,96,108,108,108,213,213,223,233],"floor_reached":19,"playtime":1285,"items_purged":["Strike_R"],"score":171,"play_id":"9b42f79b-57fc-4a10-a122-ba08c0b1fb30","local_time":"20190219230238","is_ascension_mode":false,"campfire_choices":[{"data":"Hemokinesis","floor":6,"key":"SMITH"},{"data":"Havoc","floor":8,"key":"SMITH"},{"data":"True Grit","floor":11,"key":"SMITH"},{"data":"Spot Weakness","floor":15,"key":"SMITH"}],"neow_cost":"TEN_PERCENT_HP_LOSS","seed_source_timestamp":23182275475924,"circlet_count":0,"master_deck":["Strike_R","Strike_R","Strike_R","Defend_R","Defend_R","Defend_R","Bash","Clash","Clothesline","Havoc+1","True Grit+1","Hemokinesis+1","Spot Weakness+1","Exhume","Bloodletting","Offering"],"relics":["Burning Blood","Smiling Mask","Sundial","Cursed Key"],"potions_floor_usage":[],"damage_taken":[{"damage":6,"enemies":"Cultist","floor":1,"turns":3},{"damage":0,"enemies":"2 Louse","floor":2,"turns":2},{"damage":3,"enemies":"Small Slimes","floor":3,"turns":4},{"damage":9,"enemies":"Exordium Thugs","floor":5,"turns":6},{"damage":8,"enemies":"Lots of Slimes","floor":10,"turns":5},{"damage":12,"enemies":"Lagavulin","floor":12,"turns":3},{"damage":2,"enemies":"Looter","floor":13,"turns":3},{"damage":41,"enemies":"Slime Boss","floor":16,"turns":9},{"damage":19,"enemies":"3 Byrds","floor":18,"turns":5},{"damage":29,"enemies":"2 Thieves","floor":19,"turns":3}],"seed_played":"-3364097494895050947","potions_obtained":[{"floor":1,"key":"BloodPotion"},{"floor":5,"key":"BloodPotion"},{"floor":13,"key":"EntropicBrew"}],"is_trial":false,"path_per_floor":["M","M","M","$","M","R","$","R","T","M","R","E","M","?","R","B",null,"M","M"],"character_chosen":"IRONCLAD","items_purchased":["True Grit"],"campfire_rested":0,"item_purchase_floors":[4],"current_hp_per_floor":[72,72,72,72,69,69,69,69,69,67,67,61,65,65,65,30,72,59,36],"gold":233,"neow_bonus":"REMOVE_TWO","is_prod":false,"is_daily":false,"chose_seed":false,"campfire_upgraded":4,"win_rate":0,"timestamp":1550610158,"path_taken":["M","M","M","$","M","R","?","R","T","M","R","E","?","?","R","BOSS","M","M"],"build_version":"2019-01-23","purchased_purges":1,"victory":false,"max_hp_per_floor":[72,72,72,72,72,72,72,72,72,72,72,72,72,72,72,72,72,72,72],"card_choices":[{"not_picked":["Second Wind","Sentinel"],"picked":"Clash","floor":1},{"not_picked":["Sword Boomerang","Rage"],"picked":"Clothesline","floor":2},{"not_picked":["Heavy Blade","Twin Strike"],"picked":"Havoc","floor":3},{"not_picked":["Armaments","Sever Soul"],"picked":"Hemokinesis","floor":5},{"not_picked":["Flame Barrier","Battle Trance"],"picked":"Spot Weakness","floor":10},{"not_picked":["Heavy Blade","Wild Strike"],"picked":"Exhume","floor":12},{"not_picked":["Perfected Strike","Pommel Strike"],"picked":"Bloodletting","floor":13},{"not_picked":["Feed","Fiend Fire"],"picked":"Offering","floor":16},{"not_picked":["Body Slam+1","Flex","Heavy Blade"],"picked":"SKIP","floor":18}],"player_experience":429216,"relics_obtained":[{"floor":9,"key":"Smiling Mask"},{"floor":12,"key":"Sundial"}],"event_choices":[{"damage_healed":0,"gold_gain":0,"player_choice":"Ignored","damage_taken":0,"max_hp_gain":0,"max_hp_loss":0,"event_name":"NoteForYourself","floor":14,"gold_loss":0}],"is_beta":false,"boss_relics":[{"not_picked":["Orrery","Black Star"],"picked":"Cursed Key"}],"items_purged_floors":[4],"is_endless":false,"potions_floor_spawned":[1,5,13,19],"killed_by":"2 Thieves","ascension_level":0}