{"gold_per_floor":[110,123,140,140,140,172,172,187,214,233,243,243,261,261,261,360,360,377,302,242,92,104,104],"floor_reached":23,"playtime":3910,"items_purged":[],"score":193,"play_id":"4906b77f-36eb-45e5-98db-a336ac7f6aa7","local_time":"20180921221110","is_ascension_mode":false,"campfire_choices":[{"floor":7,"key":"REST"},{"floor":12,"key":"REST"},{"floor":15,"key":"REST"}],"neow_cost":"","seed_source_timestamp":106742143199619,"circlet_count":0,"master_deck":["Defend_G","Defend_G","Defend_G","Defend_G","Defend_G","Strike_G","Strike_G","Survivor","Neutralize","Slice","Blade Dance","Infinite Blades","Finisher","Escape Plan","Quick Slash","Infinite Blades","Venomology","A Thousand Cuts","Footwork","Deflect","Slice","Quick Slash","Choke"],"relics":["Ring of the Snake","Oddly Smooth Stone","Dream Catcher","Empty Cage"],"potions_floor_usage":[8,16,16,16,22,22],"damage_taken":[{"damage":1,"enemies":"Cultist","floor":1,"turns":4},{"damage":0,"enemies":"Jaw Worm","floor":2,"turns":4},{"damage":0,"enemies":"2 Louse","floor":3,"turns":3},{"damage":50,"enemies":"3 Sentries","floor":6,"turns":12},{"damage":20,"enemies":"Gremlin Gang","floor":8,"turns":5},{"damage":6,"enemies":"3 Louse","floor":10,"turns":5},{"damage":1,"enemies":"Blue Slaver","floor":11,"turns":4},{"damage":1,"enemies":"Red Slaver","floor":13,"turns":4},{"damage":23,"enemies":"Hexaghost","floor":16,"turns":9},{"damage":31,"enemies":"Chosen","floor":18,"turns":5},{"damage":1,"enemies":"2 Thieves","floor":20,"turns":4},{"damage":33,"enemies":"Snake Plant","floor":22,"turns":7},{"damage":24,"enemies":"Gremlin Leader","floor":23,"turns":2}],"seed_played":"-9093571739976728435","potions_obtained":[{"floor":2,"key":"Dexterity Potion"},{"floor":3,"key":"SteroidPotion"},{"floor":11,"key":"Strength Potion"}],"is_trial":false,"path_per_floor":["M","M","M","$","?","E","R","M","T","M","M","R","M","?","R","B",null,"M","?","M","$","M"],"character_chosen":"THE_SILENT","items_purchased":["Slice","Quick Slash","Regen Potion"],"campfire_rested":3,"item_purchase_floors":[21,21,21],"current_hp_per_floor":[69,69,69,69,69,19,40,20,20,14,13,34,33,33,54,31,70,39,39,38,38,19,0],"gold":104,"neow_bonus":"","is_prod":false,"is_daily":false,"chose_seed":false,"campfire_upgraded":0,"win_rate":0.0,"timestamp":1537557070,"path_taken":["M","M","M","$","?","E","R","?","T","M","M","R","M","?","R","BOSS","M","?","M","$","M","E"],"build_version":"2018-09-20","purchased_purges":0,"victory":false,"max_hp_per_floor":[70,70,70,70,70,70,70,70,70,70,70,70,70,70,70,70,70,70,70,70,70,70,70],"card_choices":[{"not_picked":["Masterful Stab","Deadly Poison"],"picked":"Slice","floor":1},{"not_picked":["Calculated Gamble","Quick Slash","PiercingWail"],"picked":"SKIP","floor":2},{"not_picked":["Slice","Reflex"],"picked":"Blade Dance","floor":3},{"not_picked":["PiercingWail","Quick Slash"],"picked":"Infinite Blades","floor":6},{"not_picked":["Tactician","Prepared","Expertise"],"picked":"SKIP","floor":8},{"not_picked":["Escape Plan","Sucker Punch"],"picked":"Finisher","floor":10},{"not_picked":["Deadly Poison","PiercingWail"],"picked":"Escape Plan","floor":11},{"not_picked":["Footwork","Terror"],"picked":"Quick Slash","floor":12},{"not_picked":["Quick Slash","Dodge and Roll"],"picked":"Infinite Blades","floor":13},{"not_picked":["Blade Dance","Deflect"],"picked":"Venomology","floor":15},{"not_picked":["Unload","Envenom"],"picked":"A Thousand Cuts","floor":16},{"not_picked":["Poisoned Stab","Dagger Throw"],"picked":"Footwork","floor":18},{"not_picked":["Blade Dance+1","Deadly Poison"],"picked":"Deflect","floor":20},{"not_picked":["Prepared","Quick Slash"],"picked":"Choke","floor":22}],"player_experience":3647,"relics_obtained":[{"floor":6,"key":"Oddly Smooth Stone"},{"floor":9,"key":"Dream Catcher"}],"event_choices":[{"event_name":"Liars Game","player_choice":"disagreed","floor":5,"damage_taken":0},{"event_name":"Scrap Ooze","player_choice":"unsuccessful","floor":14,"damage_taken":0},{"event_name":"Beggar","player_choice":"Gave Gold","floor":19,"damage_taken":0}],"is_beta":false,"boss_relics":[{"not_picked":["Velvet Choker","HoveringKite"],"picked":"Empty Cage"}],"items_purged_floors":[],"is_endless":false,"potions_floor_spawned":[2,3,11],"killed_by":"Gremlin Leader","ascension_level":0}