{"gold_per_floor":[113,127,145,70,70,70,100,0,0,0,15,31,62,82,82,185,185,200,211,52,66,77,102,102,102,102,50,68,79,94,109,109,211,211,229,249,249,261,261,261,274,284,284,284,303,320,320,17,17,17],"floor_reached":51,"playtime":6135,"items_purged":["Strike_R","Strike_R","Strike_R","Injury"],"score":662,"play_id":"14456b90-8d86-44e8-9ec5-cccb7388a322","local_time":"20180925005234","is_ascension_mode":false,"campfire_choices":[{"data":"Heavy Blade","floor":6,"key":"SMITH"},{"data":"Spot Weakness","floor":15,"key":"SMITH"},{"floor":25,"key":"REST"},{"data":"Flex","floor":32,"key":"SMITH"},{"data":"Pummel","floor":40,"key":"SMITH"},{"data":"Offering","floor":44,"key":"SMITH"},{"data":"Secret Weapon","floor":49,"key":"SMITH"}],"neow_cost":"","seed_source_timestamp":48754205310381,"circlet_count":0,"master_deck":["Strike_R","Defend_R","Defend_R","Defend_R","Bash","Spot Weakness+1","Heavy Blade+1","Pummel+1","Reaper","Offering+1","Intimidate+1","Cleave","Power Through","Headbutt","Flex+1","Warcry","Battle Trance","Twin Strike","Reaper","Madness","Madness","Twin Strike+1","Secret Weapon+1"],"relics":["Burning Blood","Torii","Bird Faced Urn","Bronze Scales","Sozu","Mummified Hand","Enchiridion","Kunai","Cursed Key","Letter Opener","Bag of Preparation"],"potions_floor_usage":[16,16,16],"damage_taken":[{"damage":6,"enemies":"Cultist","floor":1,"turns":3},{"damage":5,"enemies":"2 Louse","floor":2,"turns":2},{"damage":6,"enemies":"Jaw Worm","floor":3,"turns":3},{"damage":26,"enemies":"Gremlin Nob","floor":7,"turns":5},{"damage":0,"enemies":"Large Slime","floor":11,"turns":3},{"damage":25,"enemies":"Exordium Wildlife","floor":12,"turns":6},{"damage":26,"enemies":"Lagavulin","floor":13,"turns":5},{"damage":10,"enemies":"2 Fungi Beasts","floor":14,"turns":4},{"damage":25,"enemies":"The Guardian","floor":16,"turns":7},{"damage":1,"enemies":"Chosen","floor":18,"turns":2},{"damage":12,"enemies":"3 Byrds","floor":19,"turns":3},{"damage":17,"enemies":"Cultist and Chosen","floor":21,"turns":6},{"damage":24,"enemies":"Snecko","floor":22,"turns":4},{"damage":39,"enemies":"Book of Stabbing","floor":23,"turns":4},{"damage":6,"enemies":"Centurion and Healer","floor":28,"turns":4},{"damage":39,"enemies":"Shelled Parasite and Fungi","floor":29,"turns":4},{"damage":7,"enemies":"3 Cultists","floor":30,"turns":3},{"damage":8,"enemies":"Chosen and Byrds","floor":31,"turns":5},{"damage":65,"enemies":"Automaton","floor":33,"turns":8},{"damage":27,"enemies":"3 Darklings","floor":35,"turns":4},{"damage":6,"enemies":"Orb Walker","floor":36,"turns":2},{"damage":23,"enemies":"Transient","floor":38,"turns":5},{"damage":13,"enemies":"Reptomancer","floor":41,"turns":5},{"damage":24,"enemies":"Maw","floor":42,"turns":6},{"damage":32,"enemies":"3 Darklings","floor":45,"turns":4},{"damage":6,"enemies":"Transient","floor":46,"turns":5},{"damage":84,"enemies":"Donu and Deca","floor":50,"turns":8}],"seed_played":"6660468160314357361","potions_obtained":[{"floor":1,"key":"FearPotion"},{"floor":7,"key":"GamblersBrew"},{"floor":11,"key":"PowerPotion"},{"floor":12,"key":"LiquidBronze"},{"floor":13,"key":"Dexterity Potion"}],"is_trial":false,"path_per_floor":["M","M","M","$","$","R","E","$","T","?","M","M","E","M","R","B",null,"M","M","$","M","M","E","?","R","T","$","M","M","M","M","R","B",null,"M","M","?","M","?","R","M","M","T","R","M","M","?","$","R","B"],"character_chosen":"IRONCLAD","items_purchased":["Power Through","Flex","Bag of Preparation"],"campfire_rested":1,"item_purchase_floors":[20,27,48],"current_hp_per_floor":[80,80,80,80,80,80,60,60,60,60,66,57,37,47,47,30,80,80,80,80,76,64,31,15,39,39,39,50,33,62,62,62,21,80,78,80,70,65,65,65,80,77,77,77,80,80,80,80,80,46],"gold":17,"neow_bonus":"","is_prod":false,"is_daily":false,"chose_seed":false,"campfire_upgraded":6,"win_rate":0.0,"timestamp":1537825954,"path_taken":["M","M","M","?","$","R","E","$","T","?","M","M","E","M","R","BOSS","M","M","$","M","M","E","?","R","T","$","M","M","M","M","R","BOSS","M","M","?","M","?","R","M","M","T","R","M","M","?","$","R","BOSS"],"build_version":"2018-09-20","purchased_purges":4,"victory":true,"max_hp_per_floor":[80,80,80,80,80,80,80,80,80,80,80,80,80,80,80,80,80,80,80,80,80,80,80,80,80,80,80,80,80,80,80,80,80,80,80,80,80,80,80,80,80,80,80,80,80,80,80,80,80,80],"card_choices":[{"not_picked":["Seeing Red","Iron Wave"],"picked":"Spot Weakness","floor":1},{"not_picked":["Body Slam","Thunderclap"],"picked":"Heavy Blade","floor":2},{"not_picked":["Pommel Strike","Clash"],"picked":"Pummel","floor":3},{"not_picked":["Evolve","Iron Wave"],"picked":"Reaper","floor":7},{"not_picked":["Clash","Rage","Anger"],"picked":"SKIP","floor":11},{"not_picked":["Body Slam","Wild Strike","Spot Weakness"],"picked":"SKIP","floor":12},{"not_picked":["Armaments","Wild Strike","Infernal Blade"],"picked":"SKIP","floor":13},{"not_picked":["Feel No Pain","Pommel Strike","Clash"],"picked":"SKIP","floor":14},{"not_picked":["Impervious","Feed"],"picked":"Offering","floor":16},{"not_picked":["Pommel Strike+1","Clash"],"picked":"Intimidate+1","floor":18},{"not_picked":["Evolve","Sword Boomerang"],"picked":"Cleave","floor":19},{"not_picked":["Wild Strike","Clothesline","Iron Wave+1"],"picked":"SKIP","floor":21},{"not_picked":["Feel No Pain","Sword Boomerang+1"],"picked":"Headbutt","floor":22},{"not_picked":["Clash+1","Wild Strike","Disarm"],"picked":"SKIP","floor":23},{"not_picked":["Flex","Dark Embrace"],"picked":"Warcry","floor":28},{"not_picked":["Armaments","Feel No Pain"],"picked":"Battle Trance","floor":29},{"not_picked":["Anger","Second Wind","Bloodletting"],"picked":"SKIP","floor":30},{"not_picked":["Wild Strike","Searing Blow"],"picked":"Twin Strike","floor":31},{"not_picked":["Berserk","Juggernaut"],"picked":"Reaper","floor":33},{"not_picked":["Pommel Strike+1","Blood for Blood","Sever Soul+1"],"picked":"SKIP","floor":35},{"not_picked":["Battle Trance","Clash+1","Corruption+1"],"picked":"SKIP","floor":36},{"not_picked":["Body Slam","Headbutt","Sword Boomerang"],"picked":"SKIP","floor":38},{"not_picked":["Power Through","Bloodletting+1","Body Slam+1"],"picked":"SKIP","floor":41},{"not_picked":["Armaments+1","Battle Trance+1","Sword Boomerang"],"picked":"SKIP","floor":42},{"not_picked":["Headbutt","Thunderclap"],"picked":"Twin Strike+1","floor":45},{"not_picked":["True Grit+1","Pommel Strike+1","Perfected Strike"],"picked":"SKIP","floor":46},{"not_picked":["HandOfGreed","Impatience"],"picked":"Secret Weapon","floor":47}],"player_experience":65263,"relics_obtained":[{"floor":7,"key":"Torii"},{"floor":9,"key":"Bird Faced Urn"},{"floor":13,"key":"Bronze Scales"},{"floor":23,"key":"Mummified Hand"},{"floor":24,"key":"Enchiridion"},{"floor":26,"key":"Kunai"},{"floor":43,"key":"Letter Opener"}],"event_choices":[{"event_name":"Wheel of Change","player_choice":"Card Removal","floor":10,"damage_taken":0},{"event_name":"Cursed Tome","player_choice":"Obtained Book","floor":24,"damage_taken":0},{"event_name":"Winding Halls","player_choice":"Embrace Madness","floor":37,"damage_taken":0},{"event_name":"Bonfire Elementals","player_choice":"BASIC","floor":39,"damage_taken":0},{"event_name":"SensoryStone","player_choice":"Memory 1","floor":47,"damage_taken":0}],"is_beta":false,"boss_relics":[{"not_picked":["Orrery","Runic Dome"],"picked":"Sozu"},{"not_picked":["Black Star","Philosopher\u0027s Stone"],"picked":"Cursed Key"}],"items_purged_floors":[4,8,20,48],"is_endless":false,"potions_floor_spawned":[1,7,11,12,13,19,23,29,31,35,45,46],"ascension_level":0}