{"gold_per_floor":[109,109,122,122,44,44,83,83,83,106,144,144,121,145,145,276,276,299,317,342,32,51,91,91,131,131,131,162,162,205,224,224,354,354,374,395,201,270,17,17,48,73,73,73,88,48,30,49,49,49],"floor_reached":51,"playtime":3760,"items_purged":["Strike_B","Strike_B"],"score":879,"play_id":"235061c1-7ddd-4bfc-b990-9efbe1bae74b","local_time":"20181104205651","is_ascension_mode":true,"campfire_choices":[{"data":"Zap","floor":6,"key":"SMITH"},{"data":"Defragment","floor":8,"key":"SMITH"},{"floor":15,"key":"REST"},{"data":"Seek","floor":24,"key":"SMITH"},{"data":"Dualcast","floor":27,"key":"SMITH"},{"data":"Ball Lightning","floor":29,"key":"SMITH"},{"data":"Coolheaded","floor":32,"key":"SMITH"},{"data":"Coolheaded","floor":40,"key":"SMITH"},{"data":"Tempest","floor":49,"key":"SMITH"}],"neow_cost":"NONE","seed_source_timestamp":1397625397164947,"circlet_count":0,"master_deck":["Strike_B","Defend_B","Defend_B","Defend_B","Defend_B","Zap+1","Dualcast+1","Go for the Eyes+1","Sweeping Beam+1","Coolheaded+1","Ball Lightning+1","Defragment+1","Steam","Self Repair+1","Electrodynamics+1","Compile Driver+1","Reinforced Body+1","Coolheaded+1","Seek+1","BootSequence","Cold Snap+1","Cold Snap+1","Buffer+1","Beam Cell+1","Defragment+1","Storm+1","Hologram+1","Loop+1","Darkness","Flash of Steel+1","Ball Lightning+1","Blizzard+1","Undo","Tempest+1","Chaos+1"],"relics":["FrozenCore","NeowsBlessing","Golden Idol","Meat on the Bone","Dodecahedron","Frozen Egg 2","Cursed Key","Membership Card","MawBank","Du-Vu Doll","Thread and Needle","Molten Egg 2","Centennial Puzzle","Bottled Lightning","Mango","Chemical X","Orichalcum"],"potions_floor_usage":[28,28,50,50,50],"damage_taken":[{"damage":0,"enemies":"2 Louse","floor":1,"turns":1},{"damage":0,"enemies":"Small Slimes","floor":3,"turns":1},{"damage":0,"enemies":"Lagavulin","floor":7,"turns":1},{"damage":0,"enemies":"Jaw Worm","floor":10,"turns":3},{"damage":12,"enemies":"3 Sentries","floor":11,"turns":6},{"damage":5,"enemies":"Looter","floor":14,"turns":2},{"damage":47,"enemies":"The Guardian","floor":16,"turns":12},{"damage":14,"enemies":"2 Thieves","floor":18,"turns":3},{"damage":19,"enemies":"Shell Parasite","floor":19,"turns":4},{"damage":14,"enemies":"Snecko","floor":20,"turns":5},{"damage":26,"enemies":"Chosen and Byrds","floor":22,"turns":5},{"damage":12,"enemies":"Gremlin Leader","floor":23,"turns":5},{"damage":26,"enemies":"Slavers","floor":25,"turns":2},{"damage":3,"enemies":"Book of Stabbing","floor":28,"turns":5},{"damage":28,"enemies":"Slavers","floor":30,"turns":5},{"damage":0,"enemies":"Centurion and Healer","floor":31,"turns":3},{"damage":19,"enemies":"Automaton","floor":33,"turns":10},{"damage":0,"enemies":"3 Darklings","floor":35,"turns":4},{"damage":0,"enemies":"Orb Walker","floor":36,"turns":3},{"damage":1,"enemies":"2 Orb Walkers","floor":38,"turns":3},{"damage":0,"enemies":"Nemesis","floor":41,"turns":5},{"damage":0,"enemies":"Spire Growth","floor":42,"turns":3},{"damage":0,"enemies":"Maw","floor":45,"turns":5},{"damage":0,"enemies":"Sphere and 2 Shapes","floor":48,"turns":2},{"damage":0,"enemies":"Time Eater","floor":50,"turns":9}],"seed_played":"-2850585404198040696","potions_obtained":[{"floor":7,"key":"Swift Potion"},{"floor":11,"key":"Weak Potion"},{"floor":22,"key":"LiquidBronze"},{"floor":25,"key":"GamblersBrew"},{"floor":30,"key":"Dexterity Potion"},{"floor":31,"key":"Fire Potion"},{"floor":35,"key":"EssenceOfSteel"},{"floor":41,"key":"Energy Potion"}],"is_trial":false,"path_per_floor":["M","?","M","?","$","R","E","R","T","M","E","?","?","M","R","B",null,"M","M","M","$","M","E","R","E","T","R","E","R","E","M","R","B",null,"M","M","$","?","$","R","E","M","T","?","M","?","$","M","R","B",null],"character_chosen":"DEFECT","items_purchased":["Coolheaded","Ball Lightning","Membership Card","MawBank","Coolheaded","Storm+1","Bottled Lightning","Loop+1","Chemical X","Darkness","Flash of Steel+1","Tempest"],"campfire_rested":1,"item_purchase_floors":[5,5,21,21,21,37,37,39,39,39,39,47],"current_hp_per_floor":[75,68,68,50,50,50,50,50,50,50,38,38,38,45,67,42,75,71,62,48,48,44,54,54,50,50,50,57,57,51,51,51,44,75,75,75,75,89,89,89,89,89,89,89,89,89,89,89,89,89],"gold":49,"neow_bonus":"THREE_ENEMY_KILL","is_prod":false,"is_daily":false,"chose_seed":false,"campfire_upgraded":8,"win_rate":0,"timestamp":1541383011,"path_taken":["M","?","M","?","$","R","E","R","T","M","E","?","?","M","R","BOSS","M","M","M","$","M","E","R","E","T","R","E","R","E","M","R","BOSS","M","M","$","?","$","R","E","M","T","?","?","?","?","M","R","BOSS"],"build_version":"2018-11-01","purchased_purges":2,"victory":true,"max_hp_per_floor":[75,75,75,75,75,75,75,75,75,75,75,75,75,75,75,75,75,75,75,75,75,75,75,75,75,75,75,75,75,75,75,75,75,75,75,75,75,89,89,89,89,89,89,89,89,89,89,89,89,89],"card_choices":[{"not_picked":["Stack","Steam"],"picked":"Go for the Eyes","floor":1},{"not_picked":["Force Field","Rip and Tear"],"picked":"Sweeping Beam","floor":3},{"not_picked":["Cold Snap","Streamline"],"picked":"Defragment","floor":7},{"not_picked":["Streamline","Gash"],"picked":"Steam","floor":10},{"not_picked":["Sunder","Recycle","Hello World"],"picked":"SKIP","floor":11},{"not_picked":["Cold Snap","FTL"],"picked":"Self Repair+1","floor":14},{"not_picked":["Rainbow","Fission"],"picked":"Electrodynamics+1","floor":16},{"not_picked":["Cold Snap","Go for the Eyes"],"picked":"Compile Driver","floor":18},{"not_picked":["Gash","Leap"],"picked":"Reinforced Body+1","floor":19},{"not_picked":["Hello World+1","Barrage+1","Genetic Algorithm"],"picked":"SKIP","floor":20},{"not_picked":["Darkness","Double Energy","Stack"],"picked":"SKIP","floor":22},{"not_picked":["Genetic Algorithm","Compile Driver+1"],"picked":"Seek","floor":23},{"not_picked":["Heatsinks+1","Genetic Algorithm","Force Field"],"picked":"SKIP","floor":25},{"not_picked":["Redo","Streamline"],"picked":"BootSequence","floor":28},{"not_picked":["Gash+1","Barrage+1"],"picked":"Cold Snap+1","floor":30},{"not_picked":["Heatsinks+1","Hyperbeam+1"],"picked":"Cold Snap+1","floor":31},{"not_picked":["All For One+1","Core Surge+1"],"picked":"Buffer+1","floor":33},{"not_picked":["Rip and Tear+1","Steam"],"picked":"Beam Cell+1","floor":35},{"not_picked":["Rip and Tear+1","Streamline+1"],"picked":"Defragment+1","floor":36},{"not_picked":["Barrage+1","Steam"],"picked":"Hologram+1","floor":38},{"not_picked":["Static Discharge+1","Turbo+1"],"picked":"Ball Lightning+1","floor":41},{"not_picked":["Skim+1","Streamline+1"],"picked":"Blizzard+1","floor":42},{"not_picked":["Gash+1","Turbo+1"],"picked":"Undo","floor":45},{"not_picked":["Chill","Barrage+1"],"picked":"Chaos+1","floor":48}],"player_experience":1030085,"relics_obtained":[{"floor":7,"key":"Meat on the Bone"},{"floor":9,"key":"Dodecahedron"},{"floor":11,"key":"Frozen Egg 2"},{"floor":23,"key":"Du-Vu Doll"},{"floor":25,"key":"Thread and Needle"},{"floor":28,"key":"Molten Egg 2"},{"floor":30,"key":"Centennial Puzzle"},{"floor":38,"key":"Mango"},{"floor":41,"key":"Orichalcum"}],"event_choices":[{"cards_removed":["Strike_B"],"damage_healed":0,"gold_gain":0,"player_choice":"Card Removal","damage_taken":7,"max_hp_gain":0,"max_hp_loss":0,"event_name":"Golden Wing","floor":2,"gold_loss":0},{"damage_healed":0,"gold_gain":0,"player_choice":"Take Damage","damage_taken":18,"relics_obtained":["Golden Idol"],"max_hp_gain":0,"max_hp_loss":0,"event_name":"Golden Idol","floor":4,"gold_loss":0},{"damage_healed":0,"gold_gain":0,"player_choice":"Fled","damage_taken":0,"max_hp_gain":0,"max_hp_loss":0,"event_name":"Scrap Ooze","floor":12,"gold_loss":0},{"damage_healed":0,"gold_gain":0,"player_choice":"Left Gold","damage_taken":0,"max_hp_gain":0,"max_hp_loss":0,"event_name":"World of Goop","floor":13,"gold_loss":23},{"damage_healed":0,"gold_gain":0,"player_choice":"Fight","damage_taken":0,"max_hp_gain":0,"max_hp_loss":0,"event_name":"Mysterious Sphere","floor":38,"gold_loss":0},{"damage_healed":0,"gold_gain":0,"player_choice":"Forge","damage_taken":0,"max_hp_gain":0,"max_hp_loss":0,"event_name":"Accursed Blacksmith","floor":44,"gold_loss":0,"cards_upgraded":["Go for the Eyes"]},{"damage_healed":0,"gold_gain":0,"player_choice":"Upgraded Two","damage_taken":0,"max_hp_gain":0,"max_hp_loss":0,"event_name":"Designer","floor":46,"gold_loss":40,"cards_upgraded":["Compile Driver","Sweeping Beam"]}],"is_beta":false,"boss_relics":[{"not_picked":["Runic Dome","Black Star"],"picked":"Cursed Key"},{"not_picked":["Astrolabe","Velvet Choker"],"picked":"FrozenCore"}],"items_purged_floors":[37,39],"is_endless":false,"potions_floor_spawned":[7,11,22,25,30,31,35,36,41],"ascension_level":1}