{"gold_per_floor":[112,187,203,203,215,242,256,256,256,273,273,15,31,31,31,131,131,149,74,86,105,105,105,123,133,133,133,133,133,133,133,133,231,231,249,265,265,281,13,48,48,77,77,111,125,0,18,18,18,18],"floor_reached":50,"playtime":2748,"items_purged":["Strike_R"],"score":721,"play_id":"09e81a3a-ccd1-4da2-aefc-77310fa036e6","local_time":"20180805042712","is_ascension_mode":true,"campfire_choices":[{"data":"Demon Form","floor":8,"key":"SMITH"},{"floor":11,"key":"REST"},{"data":"Searing Blow+1","floor":15,"key":"SMITH"},{"data":"Searing Blow+2","floor":23,"key":"SMITH"},{"data":"Searing Blow+3","floor":27,"key":"SMITH"},{"data":"Searing Blow+4","floor":29,"key":"SMITH"},{"data":"Searing Blow+5","floor":32,"key":"SMITH"},{"data":"Searing Blow+6","floor":41,"key":"SMITH"},{"data":"Searing Blow+7","floor":49,"key":"SMITH"}],"neow_cost":"NONE","seed_source_timestamp":43831073334505,"circlet_count":0,"master_deck":["Strike_R","Strike_R","Strike_R","Strike_R+1","Defend_R","Defend_R","Defend_R","Defend_R","Bash+1","Cleave","Flame Barrier","Shockwave","Demon Form+1","Searing Blow+8","Inflame+1","Madness+1","Battle Trance+1","Double Tap+1","Warcry+1","Headbutt+1","Metallicize+1","Impervious+1","Disarm+1","Dual Wield+1","Armaments+1","Infernal Blade+1","Good Instincts+1"],"relics":["Burning Blood","NeowsBlessing","Toxic Egg 2","Frozen Egg 2","Coffee Dripper","Gambling Chip","Runic Cube","Orichalcum","Lee\u0027s Waffle","Du-Vu Doll","Happy Flower","Bottled Tornado","Question Card","Red Mask"],"potions_floor_usage":[6,6,16,33,35,42,44,45,47,50],"damage_taken":[{"damage":0,"enemies":"2 Louse","floor":1,"turns":1},{"damage":0,"enemies":"Small Slimes","floor":3,"turns":1},{"damage":0,"enemies":"Jaw Worm","floor":5,"turns":1},{"damage":23,"enemies":"Lagavulin","floor":6,"turns":5},{"damage":6,"enemies":"Looter","floor":7,"turns":4},{"damage":20,"enemies":"Large Slime","floor":10,"turns":7},{"damage":6,"enemies":"Exordium Thugs","floor":13,"turns":3},{"damage":26,"enemies":"Hexaghost","floor":16,"turns":8},{"damage":0,"enemies":"Spheric Guardian","floor":18,"turns":3},{"damage":16,"enemies":"Shell Parasite","floor":20,"turns":5},{"damage":0,"enemies":"Snecko","floor":21,"turns":2},{"damage":3,"enemies":"Cultist and Chosen","floor":24,"turns":4},{"damage":30,"enemies":"Centurion and Healer","floor":25,"turns":4},{"damage":34,"enemies":"Collector","floor":33,"turns":5},{"damage":6,"enemies":"Flame Bruiser 1 Orb","floor":35,"turns":4},{"damage":0,"enemies":"Orb Walker","floor":36,"turns":3},{"damage":38,"enemies":"3 Darklings","floor":38,"turns":4},{"damage":35,"enemies":"Giant Head","floor":40,"turns":7},{"damage":22,"enemies":"Nemesis","floor":42,"turns":3},{"damage":17,"enemies":"2 Orb Walkers","floor":44,"turns":3},{"damage":17,"enemies":"Maw","floor":45,"turns":7},{"damage":17,"enemies":"Sphere and 2 Shapes","floor":47,"turns":5},{"damage":29,"enemies":"Donu and Deca","floor":50,"turns":4}],"seed_played":"-4859229219187827620","potions_obtained":[{"floor":1,"key":"Strength Potion"},{"floor":3,"key":"SteroidPotion"},{"floor":13,"key":"Fire Potion"},{"floor":20,"key":"Explosive Potion"},{"floor":25,"key":"Block Potion"},{"floor":40,"key":"Fruit Juice"},{"floor":42,"key":"Block Potion"},{"floor":44,"key":"PowerPotion"},{"floor":45,"key":"Swift Potion"},{"floor":47,"key":"PowerPotion"}],"is_trial":false,"path_per_floor":["M","?","M","?","M","E","M","R","T","M","R","$","M","?","R","B",null,"M","$","M","M","?","R","M","M","T","R","?","R","?","?","R","B",null,"M","M","?","M","$","E","R","E","T","E","M","?","M","?","R"],"character_chosen":"IRONCLAD","items_purchased":["Searing Blow","Inflame+1","Madness+1","Weak Potion","Lee\u0027s Waffle","BloodPotion"],"campfire_rested":1,"item_purchase_floors":[12,12,12,12,39,39],"current_hp_per_floor":[80,69,75,59,65,48,48,48,48,34,58,58,58,58,58,38,70,76,76,66,72,57,57,60,36,36,36,64,64,64,64,64,36,73,73,79,79,47,92,63,63,52,52,41,30,30,28,28,28,0],"gold":18,"neow_bonus":"THREE_ENEMY_KILL","is_prod":false,"is_daily":false,"chose_seed":false,"campfire_upgraded":8,"win_rate":0,"timestamp":1533432432,"path_taken":["M","?","M","?","M","E","?","R","T","M","R","$","?","?","R","BOSS","M","$","M","M","?","R","M","M","T","R","?","R","?","?","R","BOSS","M","M","?","M","$","E","R","E","T","E","?","?","?","?","R","BOSS"],"build_version":"2018-08-02","purchased_purges":1,"victory":false,"max_hp_per_floor":[80,80,80,80,80,80,80,80,80,80,80,80,80,80,80,80,80,80,80,80,80,85,85,85,85,85,85,85,85,85,85,85,85,85,85,85,85,85,92,92,92,97,97,97,97,97,97,97,97,97],"card_choices":[{"not_picked":["Second Wind","Burning Pact"],"picked":"Cleave","floor":1},{"not_picked":["Headbutt","Flex"],"picked":"Flame Barrier","floor":3},{"not_picked":["Thunderclap","Warcry"],"picked":"Shockwave","floor":5},{"not_picked":["Havoc","Heavy Blade","Blood for Blood"],"picked":"SKIP","floor":6},{"not_picked":["Feel No Pain","Pommel Strike"],"picked":"Demon Form","floor":7},{"not_picked":["Body Slam","Headbutt","Rupture+1"],"picked":"SKIP","floor":10},{"not_picked":["Iron Wave","Carnage"],"picked":"Battle Trance+1","floor":13},{"not_picked":["Feed","Impervious+1"],"picked":"Double Tap+1","floor":16},{"not_picked":["Shockwave+1","Perfected Strike"],"picked":"Warcry+1","floor":18},{"not_picked":["Berserk+1","Anger+1"],"picked":"Headbutt+1","floor":20},{"not_picked":["Battle Trance+1","Clash","Clothesline"],"picked":"SKIP","floor":21},{"not_picked":["Bloodletting+1","Combust+1","Clothesline"],"picked":"SKIP","floor":24},{"not_picked":["Infernal Blade+1","Carnage"],"picked":"Metallicize+1","floor":25},{"not_picked":["Berserk+1","Immolate"],"picked":"Impervious+1","floor":33},{"not_picked":["Warcry+1","Wild Strike+1","Second Wind+1"],"picked":"SKIP","floor":35},{"not_picked":["Twin Strike+1","Clothesline","Feel No Pain+1"],"picked":"SKIP","floor":36},{"not_picked":["Flex+1","Clash"],"picked":"Disarm+1","floor":38},{"not_picked":["Bloodletting+1","Twin Strike+1","Havoc+1"],"picked":"SKIP","floor":40},{"not_picked":["Cleave+1","Dark Embrace+1"],"picked":"Dual Wield+1","floor":42},{"not_picked":["Shockwave+1","Clash"],"picked":"Armaments+1","floor":44},{"not_picked":["Anger+1","Iron Wave+1","Metallicize+1"],"picked":"Infernal Blade+1","floor":45},{"not_picked":["Spot Weakness+1","Iron Wave+1","Reckless Charge","Disarm+1"],"picked":"SKIP","floor":47},{"not_picked":["Mind Blast","Panache+1","Dramatic Entrance"],"picked":"Good Instincts+1","floor":48}],"player_experience":182683,"relics_obtained":[{"floor":6,"key":"Toxic Egg 2"},{"floor":9,"key":"Frozen Egg 2"},{"floor":26,"key":"Gambling Chip"},{"floor":40,"key":"Du-Vu Doll"},{"floor":42,"key":"Happy Flower"},{"floor":43,"key":"Bottled Tornado"},{"floor":44,"key":"Question Card"}],"event_choices":[{"event_name":"World of Goop","player_choice":"Gather Gold","floor":2,"damage_taken":0},{"event_name":"Shining Light","player_choice":"Entered Light","floor":4,"damage_taken":0},{"event_name":"Living Wall","player_choice":"Grow","floor":14,"damage_taken":0},{"event_name":"Forgotten Altar","player_choice":"Shed Blood","floor":22,"damage_taken":0},{"event_name":"The Library","player_choice":"Heal","floor":28,"damage_taken":0},{"event_name":"Vampires","player_choice":"Ignored","floor":30,"damage_taken":0},{"event_name":"Drug Dealer","player_choice":"Ignored","floor":31,"damage_taken":0},{"event_name":"WeMeetAgain","player_choice":"Potion","floor":37,"damage_taken":0},{"event_name":"Tomb of Lord Red Mask","player_choice":"Paid","floor":46,"damage_taken":0},{"event_name":"SensoryStone","player_choice":"Memory 1","floor":48,"damage_taken":0}],"is_beta":false,"boss_relics":[{"not_picked":["Black Blood","Fusion Hammer"],"picked":"Coffee Dripper"},{"not_picked":["Philosopher\u0027s Stone","Mark of Pain"],"picked":"Runic Cube"}],"items_purged_floors":[19],"is_endless":false,"potions_floor_spawned":[1,3,13,20,25,40,42,44,45,47],"killed_by":"Donu and Deca","ascension_level":5}