{"gold_per_floor":[110,110,60,70,80,107,107,124,124,135,210,227,245,45,45,141,141],"floor_reached":17,"playtime":720,"items_purged":[],"score":159,"play_id":"dff4f769-4444-48ef-8591-f9a0f1488155","local_time":"20180713084548","is_ascension_mode":false,"campfire_choices":[{"floor":7,"key":"REST"},{"floor":15,"key":"REST"}],"neow_cost":"NONE","seed_source_timestamp":47583040918191,"circlet_count":0,"master_deck":["Strike_R","Strike_R","Strike_R","Strike_R","Defend_R","Defend_R+1","Defend_R+1","Defend_R","Bash","Shrug It Off","Heavy Blade","Dual Wield","Flame Barrier","Flex","Demon Form","Dropkick","Seeing Red","Entrench"],"relics":["Burning Blood","NeowsBlessing","Ancient Tea Set","Bag of Preparation","Bronze Scales","Orrery"],"potions_floor_usage":[16],"damage_taken":[{"damage":0,"enemies":"2 Louse","floor":1,"turns":1},{"damage":0,"enemies":"Small Slimes","floor":4,"turns":1},{"damage":0,"enemies":"Jaw Worm","floor":5,"turns":1},{"damage":68,"enemies":"3 Sentries","floor":6,"turns":14},{"damage":18,"enemies":"Large Slime","floor":8,"turns":8},{"damage":0,"enemies":"2 Fungi Beasts","floor":10,"turns":5},{"damage":9,"enemies":"Lots of Slimes","floor":12,"turns":7},{"damage":0,"enemies":"Large Slime","floor":13,"turns":5},{"damage":26,"enemies":"The Guardian","floor":16,"turns":12}],"seed_played":"2901335965615959651","potions_obtained":[{"floor":4,"key":"Fruit Juice"},{"floor":8,"key":"SteroidPotion"},{"floor":12,"key":"EssenceOfSteel"}],"is_trial":false,"path_per_floor":["M","?","?","M","M","E","R","M","T","M","?","M","M","$","R","B"],"character_chosen":"IRONCLAD","items_purchased":["Bronze Scales","Flex"],"campfire_rested":2,"item_purchase_floors":[14,14],"current_hp_per_floor":[80,64,64,70,76,14,38,26,26,32,21,18,24,24,48,33,85],"gold":141,"neow_bonus":"THREE_ENEMY_KILL","is_prod":false,"is_daily":false,"chose_seed":false,"campfire_upgraded":0,"win_rate":0,"timestamp":1531460748,"path_taken":["M","?","?","?","M","E","R","M","T","M","?","?","M","$","R","BOSS"],"build_version":"2018-07-12","purchased_purges":0,"victory":false,"max_hp_per_floor":[80,80,80,80,80,80,80,80,80,80,80,80,80,80,80,85,85],"card_choices":[{"not_picked":["Clash","Body Slam","Perfected Strike"],"picked":"SKIP","floor":1},{"not_picked":["Whirlwind","Battle Trance","Sentinel"],"picked":"SKIP","floor":4},{"not_picked":["Iron Wave","Power Through"],"picked":"Shrug It Off","floor":5},{"not_picked":["Uppercut","Anger","Headbutt"],"picked":"SKIP","floor":6},{"not_picked":["Seeing Red","Pommel Strike"],"picked":"Heavy Blade","floor":8},{"not_picked":["Ghostly Armor","True Grit"],"picked":"Dual Wield","floor":10},{"not_picked":["Cleave","Twin Strike","Headbutt"],"picked":"SKIP","floor":12},{"not_picked":["Headbutt","Offering"],"picked":"Flame Barrier","floor":13},{"not_picked":["Impervious","Limit Break"],"picked":"Demon Form","floor":16},{"not_picked":["Blood for Blood","Clash"],"picked":"Dropkick","floor":17},{"not_picked":["Thunderclap","Power Through"],"picked":"Seeing Red","floor":17},{"not_picked":["Flame Barrier","Anger"],"picked":"Entrench","floor":17}],"player_experience":96208,"relics_obtained":[{"floor":6,"key":"Ancient Tea Set"},{"floor":9,"key":"Bag of Preparation"}],"event_choices":[{"event_name":"Shining Light","player_choice":"Entered Light","floor":2,"damage_taken":0},{"event_name":"The Cleric","player_choice":"Card Removal","floor":3,"damage_taken":0},{"event_name":"World of Goop","player_choice":"Gather Gold","floor":11,"damage_taken":0}],"boss_relics":[{"not_picked":["Black Star","Fusion Hammer"],"picked":"Orrery"}],"items_purged_floors":[],"is_endless":false,"potions_floor_spawned":[4,8,12,13],"ascension_level":0}