{"gold_per_floor":[114,114,128,5,18,30,205,218,218,71,88,103,121,156,156],"floor_reached":15,"playtime":1049,"items_purged":["Strike_R","Doubt"],"score":101,"play_id":"31053929-c4d8-4b63-8749-809dc1150ba0","local_time":"20180924031816","is_ascension_mode":false,"campfire_choices":[{"floor":15,"key":"DIG"}],"neow_cost":"","seed_source_timestamp":19119590735266,"circlet_count":0,"master_deck":["Strike_R","Strike_R","Strike_R","Strike_R","Defend_R","Defend_R","Defend_R","Defend_R","Bash","Heavy Blade","Cleave+1","Headbutt+1","Pummel+1","Reaper+1","Heavy Blade+1","Warcry","Flex"],"relics":["Burning Blood","Molten Egg 2","Charon\u0027s Ashes","Shovel","Shuriken"],"potions_floor_usage":[11],"damage_taken":[{"damage":6,"enemies":"Jaw Worm","floor":1,"turns":3},{"damage":3,"enemies":"Small Slimes","floor":3,"turns":3},{"damage":6,"enemies":"Cultist","floor":5,"turns":3},{"damage":5,"enemies":"Looter","floor":6,"turns":3},{"damage":9,"enemies":"Blue Slaver","floor":8,"turns":3},{"damage":17,"enemies":"Gremlin Gang","floor":11,"turns":2},{"damage":8,"enemies":"Lots of Slimes","floor":12,"turns":2},{"damage":0,"enemies":"Exordium Wildlife","floor":13,"turns":2},{"damage":13,"enemies":"3 Sentries","floor":14,"turns":5}],"seed_played":"7728353453994690013","potions_obtained":[{"floor":3,"key":"SteroidPotion"},{"floor":5,"key":"Swift Potion"},{"floor":13,"key":"Explosive Potion"},{"floor":14,"key":"PowerPotion"}],"is_trial":false,"path_per_floor":["M","?","M","$","M","M","?","M","T","$","M","M","M","E"],"character_chosen":"IRONCLAD","items_purchased":["Headbutt+1","Warcry"],"campfire_rested":0,"item_purchase_floors":[4,10],"current_hp_per_floor":[80,77,80,80,80,80,80,77,77,77,66,73,80,73,73],"gold":156,"neow_bonus":"","is_prod":false,"is_daily":false,"chose_seed":false,"campfire_upgraded":0,"win_rate":0.0,"timestamp":1537748296,"path_taken":["M","?","M","$","M","M","?","M","T","$","M","M","M","E","R"],"build_version":"2018-09-20","purchased_purges":2,"victory":false,"max_hp_per_floor":[80,80,80,80,80,80,80,80,80,80,80,80,80,80,80],"card_choices":[{"not_picked":["Wild Strike","Iron Wave"],"picked":"Heavy Blade","floor":1},{"not_picked":["Thunderclap+1","Shrug It Off"],"picked":"Cleave+1","floor":3},{"not_picked":["Headbutt+1","Dropkick+1"],"picked":"Pummel+1","floor":5},{"not_picked":["Flex","Shrug It Off"],"picked":"Reaper+1","floor":6},{"not_picked":["Pommel Strike+1","Wild Strike+1"],"picked":"Heavy Blade+1","floor":8},{"not_picked":["Perfected Strike+1","Armaments","Hemokinesis+1"],"picked":"SKIP","floor":11},{"not_picked":["Body Slam+1","Twin Strike+1"],"picked":"Flex","floor":12},{"not_picked":["Heavy Blade+1","Clash+1","Rupture"],"picked":"SKIP","floor":13},{"not_picked":["Burning Pact","Rupture","Ghostly Armor"],"picked":"SKIP","floor":14}],"player_experience":58263,"relics_obtained":[{"floor":9,"key":"Charon\u0027s Ashes"},{"floor":14,"key":"Shovel"},{"floor":15,"key":"Shuriken"}],"event_choices":[{"event_name":"Scrap Ooze","player_choice":"success","floor":2,"damage_taken":3},{"event_name":"Liars Game","player_choice":"agreed","floor":7,"damage_taken":0}],"is_beta":false,"boss_relics":[],"items_purged_floors":[4,10],"is_endless":false,"potions_floor_spawned":[3,5,13,14],"ascension_level":0}