{"gold_per_floor":[113,78,78,91,108,108,119,49,49,49,49,66,66,66,66,167,167,187,102,119,119,119,119,119,44,44,44,57,57,57,70,70,175,175,188,203,9,9,9,9,38,38,38,62,62,75,75,105,105,105],"floor_reached":51,"playtime":1134,"items_purged":["Strike_R"],"score":1079,"play_id":"ab012d55-b044-4f16-841e-6d12f837b3cc","local_time":"20190307025631","is_ascension_mode":true,"campfire_choices":[{"data":"Searing Blow","floor":6,"key":"SMITH"},{"data":"Searing Blow+1","floor":10,"key":"SMITH"},{"data":"Searing Blow+2","floor":13,"key":"SMITH"},{"data":"Searing Blow+3","floor":15,"key":"SMITH"},{"data":"Searing Blow+4","floor":23,"key":"SMITH"},{"data":"Searing Blow+5","floor":27,"key":"SMITH"},{"data":"Searing Blow+6","floor":29,"key":"SMITH"},{"data":"Searing Blow+7","floor":32,"key":"SMITH"},{"data":"Searing Blow+8","floor":40,"key":"SMITH"},{"data":"Searing Blow+9","floor":42,"key":"SMITH"},{"data":"Searing Blow+10","floor":45,"key":"SMITH"},{"data":"Searing Blow+11","floor":47,"key":"SMITH"},{"data":"Searing Blow+12","floor":49,"key":"SMITH"}],"neow_cost":"PERCENT_DAMAGE","seed_source_timestamp":3958430313756,"circlet_count":0,"master_deck":["AscendersBane","Strike_R+1","Strike_R","Strike_R","Defend_R","Defend_R+1","Defend_R","Bash","Immolate+1","Headbutt","Searing Blow+13","Headbutt","Second Wind","Warcry+1","Finesse+1"],"relics":["Burning Blood","Bottled Flame","Ornamental Fan","Mark of Pain","Anchor","MutagenicStrength","Blue Candle","Girya","Sozu","ClockworkSouvenir","Potion Belt","Charon\u0027s Ashes","Omamori","War Paint"],"potions_floor_usage":[7,16,16,33,50],"damage_taken":[{"damage":0,"enemies":"Small Slimes","floor":1,"turns":3},{"damage":1,"enemies":"Cultist","floor":4,"turns":3},{"damage":9,"enemies":"2 Louse","floor":5,"turns":3},{"damage":0,"enemies":"2 Fungi Beasts","floor":7,"turns":3},{"damage":7,"enemies":"Looter","floor":12,"turns":3},{"damage":55,"enemies":"The Guardian","floor":16,"turns":8},{"damage":14,"enemies":"Shell Parasite","floor":18,"turns":3},{"damage":0,"enemies":"Chosen","floor":20,"turns":2},{"damage":0,"enemies":"Snecko","floor":28,"turns":2},{"damage":0,"enemies":"Sentry and Sphere","floor":31,"turns":2},{"damage":68,"enemies":"Collector","floor":33,"turns":5},{"damage":0,"enemies":"3 Darklings","floor":35,"turns":4},{"damage":0,"enemies":"Orb Walker","floor":36,"turns":2},{"damage":18,"enemies":"Giant Head","floor":41,"turns":5},{"damage":0,"enemies":"Maw","floor":46,"turns":3},{"damage":4,"enemies":"Reptomancer","floor":48,"turns":3},{"damage":69,"enemies":"Donu and Deca","floor":50,"turns":6}],"seed_played":"-6588851230469624334","potions_obtained":[{"floor":4,"key":"Regen Potion"},{"floor":5,"key":"Fire Potion"},{"floor":7,"key":"Block Potion"},{"floor":16,"key":"Poison Potion"},{"floor":20,"key":"Weak Potion"},{"floor":31,"key":"PowerPotion"}],"is_trial":false,"path_per_floor":["M","?","?","M","M","R","M","$","T","R","?","M","R","?","R","B",null,"M","?","M","?","T","R","?","$","T","R","M","R","?","M","R","B",null,"M","M","$","?","?","R","E","R","T","T","R","M","R","E","R","B",null],"character_chosen":"IRONCLAD","items_purchased":["Second Wind","ClockworkSouvenir"],"campfire_rested":0,"item_purchase_floors":[8,37],"current_hp_per_floor":[57,77,77,80,77,77,80,80,80,80,64,63,63,60,60,26,67,59,59,65,65,65,65,65,65,65,65,71,71,71,77,77,15,64,70,76,76,76,76,76,64,64,64,64,64,70,70,72,72,9],"gold":105,"neow_bonus":"THREE_RARE_CARDS","is_prod":false,"is_daily":false,"chose_seed":false,"campfire_upgraded":13,"win_rate":0,"timestamp":1551948991,"path_taken":["M","?","?","M","?","R","M","$","T","R","?","M","R","?","R","BOSS","M","?","M","?","?","R","?","$","T","R","M","R","?","M","R","BOSS","M","M","$","?","?","R","E","R","T","?","R","?","R","E","R","BOSS"],"build_version":"2019-01-23","purchased_purges":1,"victory":true,"max_hp_per_floor":[80,80,80,80,80,80,80,80,80,80,80,80,80,80,80,80,80,80,80,80,80,80,80,80,80,80,80,80,80,80,80,80,80,80,80,80,80,80,80,80,80,80,80,80,80,80,80,80,80,80],"card_choices":[{"not_picked":["Feed","Exhume"],"picked":"Immolate","floor":0},{"not_picked":["Twin Strike","Sword Boomerang"],"picked":"Headbutt","floor":1},{"not_picked":["True Grit","Pommel Strike"],"picked":"Searing Blow","floor":4},{"not_picked":["Entrench","Rampage"],"picked":"Headbutt","floor":5},{"not_picked":["Rupture","Warcry","Twin Strike"],"picked":"SKIP","floor":7},{"not_picked":["Havoc","Dual Wield","Corruption"],"picked":"SKIP","floor":12},{"not_picked":["Shrug It Off","Seeing Red"],"picked":"Warcry+1","floor":18},{"not_picked":["Cleave+1","Heavy Blade","Ghostly Armor"],"picked":"SKIP","floor":20},{"not_picked":["True Grit","Sword Boomerang","Iron Wave"],"picked":"SKIP","floor":28},{"not_picked":["Iron Wave","Reaper","Body Slam"],"picked":"SKIP","floor":31},{"not_picked":["Sword Boomerang+1","Second Wind","Dropkick+1"],"picked":"SKIP","floor":35},{"not_picked":["Iron Wave+1","Shockwave","Twin Strike+1"],"picked":"SKIP","floor":36},{"not_picked":["Good Instincts","Dramatic Entrance"],"picked":"Finesse","floor":39},{"not_picked":["Twin Strike","Clothesline","Sword Boomerang"],"picked":"SKIP","floor":41},{"not_picked":["Uppercut","Ghostly Armor","Iron Wave+1"],"picked":"SKIP","floor":46},{"not_picked":["Ghostly Armor","Iron Wave+1","Entrench"],"picked":"SKIP","floor":48}],"player_experience":243172,"relics_obtained":[{"floor":9,"key":"Bottled Flame"},{"floor":22,"key":"Blue Candle"},{"floor":26,"key":"Girya"},{"floor":41,"key":"Potion Belt"},{"floor":43,"key":"Charon\u0027s Ashes"},{"floor":44,"key":"Omamori"},{"floor":48,"key":"War Paint"}],"event_choices":[{"damage_healed":20,"gold_gain":0,"player_choice":"Healed","damage_taken":0,"max_hp_gain":0,"max_hp_loss":0,"event_name":"The Cleric","floor":2,"gold_loss":35},{"cards_removed":["Strike_R"],"damage_healed":0,"gold_gain":0,"player_choice":"Purged","damage_taken":0,"max_hp_gain":0,"max_hp_loss":0,"event_name":"Purifier","floor":3,"gold_loss":0},{"damage_healed":0,"gold_gain":0,"player_choice":"Entered Light","damage_taken":16,"max_hp_gain":0,"max_hp_loss":0,"event_name":"Shining Light","floor":11,"gold_loss":0,"cards_upgraded":["Strike_R","Immolate"]},{"damage_healed":0,"gold_gain":0,"player_choice":"Success","damage_taken":3,"relics_obtained":["Ornamental Fan"],"max_hp_gain":0,"max_hp_loss":0,"event_name":"Scrap Ooze","floor":14,"gold_loss":0},{"damage_healed":0,"gold_gain":0,"player_choice":"Obtained Relic","damage_taken":0,"relics_obtained":["Anchor"],"max_hp_gain":0,"max_hp_loss":0,"event_name":"Addict","floor":19,"gold_loss":85},{"damage_healed":0,"gold_gain":0,"player_choice":"Inject Mutagens","damage_taken":0,"relics_obtained":["MutagenicStrength"],"max_hp_gain":0,"max_hp_loss":0,"event_name":"Drug Dealer","floor":21,"gold_loss":0},{"damage_healed":0,"gold_gain":0,"player_choice":"Ignored","damage_taken":0,"max_hp_gain":0,"max_hp_loss":0,"event_name":"Ghosts","floor":24,"gold_loss":0},{"damage_healed":0,"gold_gain":0,"player_choice":"Ignored","damage_taken":0,"max_hp_gain":0,"max_hp_loss":0,"event_name":"Vampires","floor":30,"gold_loss":0},{"cards_removed":["Defend_R"],"damage_healed":0,"gold_gain":0,"player_choice":"Removed Skill","damage_taken":0,"max_hp_gain":0,"max_hp_loss":0,"event_name":"Falling","floor":38,"gold_loss":0},{"damage_healed":0,"gold_gain":0,"player_choice":"Memory 1","damage_taken":0,"max_hp_gain":0,"max_hp_loss":0,"event_name":"SensoryStone","floor":39,"gold_loss":0}],"is_beta":false,"boss_relics":[{"not_picked":["Orrery","Runic Dome"],"picked":"Mark of Pain"},{"not_picked":["Fusion Hammer","Pandora\u0027s Box"],"picked":"Sozu"}],"items_purged_floors":[25],"is_endless":false,"potions_floor_spawned":[4,5,7,16,20,31,36,41],"ascension_level":11}