{"gold_per_floor":[214,233,243,53,128,128,139,158,183,183,197,215,225,253,253,357,357,371,390,390,400,410,427,427,461,461,461,479,214,214,232,232,335,335,353,353,353,369,94,94,107,107,107,125,143,143],"floor_reached":46,"playtime":1805,"items_purged":["Strike_R"],"score":475,"play_id":"e47b494a-93d8-4f8c-b23d-11cf89aa1c60","local_time":"20190309060258","is_ascension_mode":false,"campfire_choices":[{"data":"Armaments","floor":6.0,"key":"SMITH"},{"data":"Inflame","floor":10.0,"key":"SMITH"},{"data":"Armaments","floor":15,"key":"SMITH"},{"data":"Whirlwind","floor":24,"key":"SMITH"},{"data":"Juggernaut","floor":27,"key":"SMITH"},{"floor":32,"key":"REST"},{"data":"Clothesline","floor":40,"key":"SMITH"},{"data":"Immolate","floor":42,"key":"SMITH"}],"neow_cost":"NONE","seed_source_timestamp":31863371206451,"circlet_count":0,"master_deck":["Strike_R","Strike_R","Defend_R","Defend_R","Defend_R","Defend_R","Bash","Iron Wave","Disarm","Armaments+1","Inflame+1","Twin Strike","Whirlwind+1","Armaments+1","Pommel Strike","Double Tap","Impervious","Iron Wave","Rage","Juggernaut+1","Intimidate","Shrug It Off","Perfected Strike","Disarm","Heavy Blade","Immolate+1","Writhe","Sadistic Nature","Good Instincts","Clothesline+1","Flame Barrier","Shockwave"],"special_seed":0,"relics":["Burning Blood","Medical Kit","Omamori","PreservedInsect","Snecko Eye","Orichalcum","Darkstone Periapt","Bronze Scales","Calling Bell","Pen Nib","Singing Bowl","Du-Vu Doll","Brimstone","Bottled Tornado"],"potions_floor_usage":[14,16,25,28,45],"damage_taken":[{"damage":7.0,"enemies":"Small Slimes","floor":1.0,"turns":5.0},{"damage":12.0,"enemies":"Jaw Worm","floor":2.0,"turns":4.0},{"damage":6.0,"enemies":"2 Louse","floor":3.0,"turns":3.0},{"damage":0.0,"enemies":"Large Slime","floor":7.0,"turns":7.0},{"damage":9.0,"enemies":"Exordium Wildlife","floor":8.0,"turns":5.0},{"damage":1.0,"enemies":"2 Fungi Beasts","floor":11.0,"turns":4.0},{"damage":2,"enemies":"Blue Slaver","floor":12,"turns":4},{"damage":5,"enemies":"Looter","floor":13,"turns":4},{"damage":10,"enemies":"Gremlin Nob","floor":14,"turns":4},{"damage":24,"enemies":"Hexaghost","floor":16,"turns":10},{"damage":12,"enemies":"Shell Parasite","floor":18,"turns":4},{"damage":22,"enemies":"Spheric Guardian","floor":19,"turns":5},{"damage":2,"enemies":"Chosen and Byrds","floor":21,"turns":5},{"damage":9,"enemies":"Snecko","floor":22,"turns":5},{"damage":12,"enemies":"Shelled Parasite and Fungi","floor":23,"turns":7},{"damage":7,"enemies":"Slavers","floor":25,"turns":4},{"damage":10,"enemies":"Sentry and Sphere","floor":28,"turns":5},{"damage":12,"enemies":"3 Cultists","floor":31,"turns":3},{"damage":51,"enemies":"Automaton","floor":33,"turns":9},{"damage":0,"enemies":"3 Shapes","floor":35,"turns":2},{"damage":33,"enemies":"3 Darklings","floor":38,"turns":4},{"damage":0,"enemies":"Sphere and 2 Shapes","floor":41,"turns":2},{"damage":0,"enemies":"Spire Growth","floor":44,"turns":3},{"damage":0,"enemies":"Transient","floor":45,"turns":5},{"damage":102,"enemies":"Giant Head","floor":46,"turns":7}],"seed_played":"6962937829637029899","potions_obtained":[{"floor":1.0,"key":"PowerPotion"},{"floor":8.0,"key":"Energy Potion"},{"floor":11.0,"key":"FearPotion"},{"floor":13,"key":"LiquidBronze"},{"floor":16,"key":"LiquidBronze"},{"floor":19,"key":"SkillPotion"},{"floor":22,"key":"EssenceOfSteel"},{"floor":38,"key":"LiquidBronze"},{"floor":44,"key":"BloodPotion"}],"is_trial":false,"path_per_floor":["M","M","M","$","?","R","M","M","T","R","M","M","M","E","R","B",null,"M","M","?","M","M","M","R","E","T","R","M","$","?","M","R","B",null,"M","?","?","M","$","R","M","R","T","M","M","E"],"character_chosen":"IRONCLAD","items_purchased":["Medical Kit","Heavy Blade","Bronze Scales","Brimstone","Flame Barrier"],"campfire_rested":1,"item_purchase_floors":[4,29,29,39,39],"current_hp_per_floor":[79,73,73,73,62,62,68,65,65,65,70,74,75,71,71,53,80,74,58,58,62,59,53,53,52,52,52,48,48,33,27,52,7,91,93,93,85,58,58,58,64,64,64,72,89,0],"gold":143,"neow_bonus":"HUNDRED_GOLD","is_prod":false,"is_daily":false,"chose_seed":false,"campfire_upgraded":7,"win_rate":0,"timestamp":1552132978,"path_taken":["M","M","M","$","?","R","M","M","T","R","M","M","M","E","R","BOSS","M","M","?","M","M","M","R","E","T","R","M","$","?","M","R","BOSS","M","?","?","M","$","R","M","R","T","?","M","E"],"build_version":"2019-01-23","purchased_purges":1,"victory":false,"max_hp_per_floor":[80,80,80,80,80,80,80,80,80,80,80,80,80,80,80,80,80,80,80,80,80,80,80,80,80,80,80,80,80,85,85,85,85,91,93,93,95,95,95,95,95,95,95,97,99,99],"card_choices":[{"not_picked":["Hemokinesis","True Grit"],"picked":"Iron Wave","floor":1.0},{"not_picked":["Clothesline","Bloodletting"],"picked":"Disarm","floor":2.0},{"not_picked":["Pummel","Havoc"],"picked":"Armaments","floor":3.0},{"not_picked":["Dropkick","Anger"],"picked":"Inflame","floor":7.0},{"not_picked":["Berserk","Body Slam"],"picked":"Twin Strike","floor":8.0},{"not_picked":["Power Through","Pommel Strike"],"picked":"Whirlwind","floor":11.0},{"not_picked":["Perfected Strike","Iron Wave"],"picked":"Armaments","floor":12},{"not_picked":["Clothesline","Clash"],"picked":"Pommel Strike","floor":13},{"not_picked":["Ghostly Armor","Havoc"],"picked":"Double Tap","floor":14},{"not_picked":["Dark Embrace","Berserk"],"picked":"Impervious","floor":16},{"not_picked":["Anger","Clash"],"picked":"Iron Wave","floor":18},{"not_picked":["Sever Soul","True Grit"],"picked":"Rage","floor":19},{"not_picked":["Rampage","Thunderclap","Shrug It Off"],"picked":"SKIP","floor":21},{"not_picked":["Rampage","Thunderclap"],"picked":"Shrug It Off","floor":21},{"not_picked":["Evolve+1","Sword Boomerang+1"],"picked":"Perfected Strike","floor":22},{"not_picked":["Wild Strike","Second Wind","Infernal Blade"],"picked":"SKIP","floor":23},{"not_picked":["Evolve","Battle Trance+1","Berserk"],"picked":"SKIP","floor":25},{"not_picked":["Body Slam","Heavy Blade"],"picked":"Disarm","floor":28},{"not_picked":["Warcry","Thunderclap+1","Wild Strike"],"picked":"SKIP","floor":31},{"not_picked":["Impervious","Juggernaut"],"picked":"Immolate","floor":33},{"not_picked":["Wild Strike+1","Fire Breathing+1","Sword Boomerang+1"],"picked":"Singing Bowl","floor":35},{"not_picked":["Madness","Transmutation"],"picked":"Sadistic Nature","floor":37},{"not_picked":["Dark Shackles","Enlightenment"],"picked":"Good Instincts","floor":37},{"not_picked":["PanicButton","Thinking Ahead","Forethought"],"picked":"Singing Bowl","floor":37},{"not_picked":["Searing Blow","Rage+1"],"picked":"Clothesline","floor":38},{"not_picked":["Twin Strike","Anger"],"picked":"Shockwave","floor":41},{"not_picked":["Thunderclap+1","Havoc+1","Bloodletting"],"picked":"Singing Bowl","floor":44},{"not_picked":["Armaments","True Grit+1","Havoc+1"],"picked":"Singing Bowl","floor":45}],"player_experience":1010242,"relics_obtained":[{"floor":9.0,"key":"Omamori"},{"floor":14,"key":"PreservedInsect"},{"floor":25,"key":"Orichalcum"},{"floor":26,"key":"Darkstone Periapt"},{"floor":34,"key":"Pen Nib"},{"floor":34,"key":"Singing Bowl"},{"floor":34,"key":"Du-Vu Doll"},{"floor":43,"key":"Bottled Tornado"}],"event_choices":[{"damage_healed":0.0,"max_hp_gain":0.0,"max_hp_loss":0.0,"gold_gain":75.0,"event_name":"World of Goop","player_choice":"Gather Gold","floor":5.0,"gold_loss":0.0,"damage_taken":11.0},{"damage_healed":0,"gold_gain":0,"cards_transformed":["Strike_R","Strike_R"],"player_choice":"Became Test Subject","damage_taken":0,"max_hp_gain":0,"max_hp_loss":0,"event_name":"Drug Dealer","floor":20,"gold_loss":0,"cards_obtained":["Juggernaut","Intimidate"]},{"damage_healed":0,"gold_gain":0,"player_choice":"Shed Blood","damage_taken":20,"max_hp_gain":5,"max_hp_loss":0,"event_name":"Forgotten Altar","floor":30,"gold_loss":0},{"damage_healed":0,"gold_gain":0,"player_choice":"Ignored","damage_taken":0,"max_hp_gain":0,"max_hp_loss":0,"event_name":"Mysterious Sphere","floor":36,"gold_loss":0},{"damage_healed":0,"gold_gain":0,"player_choice":"Memory 3","damage_taken":10,"max_hp_gain":0,"max_hp_loss":0,"event_name":"SensoryStone","floor":37,"gold_loss":0}],"is_beta":false,"boss_relics":[{"not_picked":["Runic Cube","Runic Dome"],"picked":"Snecko Eye"},{"not_picked":["Eternal Feather","Black Star"],"picked":"Calling Bell"}],"items_purged_floors":[29],"is_endless":false,"potions_floor_spawned":[1,8,11,13,16,19,21,22,23,38,44],"killed_by":"Giant Head","ascension_level":0}