{"gold_per_floor":[110,110,8,8,24,24,40,76,152,173,18,18,36,75,75,200,200,213,231,13,13,13,13,13,52,101,148,160,188,216,268,280,411,423,459,804,816,659,678,713,713,331,354,354,387,387,413,65,65,65],"floor_reached":51,"playtime":3145,"items_purged":["Strike_R","Defend_R","Defend_R","Doubt"],"score":1144,"play_id":"1c5dbcdf-3c64-46d3-88a5-7d171e75c532","local_time":"20180923151300","is_ascension_mode":true,"campfire_choices":[{"data":"Rampage","floor":6,"key":"SMITH"},{"data":"Shrug It Off","floor":12,"key":"SMITH"},{"data":"Bash","floor":15,"key":"SMITH"},{"data":"Immolate","floor":23,"key":"SMITH"},{"data":"Demon Form","floor":32,"key":"SMITH"},{"data":"Shrug It Off","floor":46,"key":"SMITH"},{"floor":49,"key":"REST"}],"neow_cost":"NONE","seed_source_timestamp":147550921393808,"circlet_count":0,"master_deck":["Defend_R","Defend_R","Bash+1","Rampage+1","Shrug It Off+1","Cleave","Pommel Strike","Offering","Immolate+1","True Grit+1","Thunderclap+1","Whirlwind","Demon Form+1","Flame Barrier+1","Offering","Disarm+1","Discovery+1","Flame Barrier","Battle Trance+1","Twin Strike+1","Shrug It Off+1","Disarm"],"relics":["Burning Blood","Bag of Preparation","Pear","Pantograph","PreservedInsect","Meat on the Bone","Sozu","Bag of Marbles","Mango","MawBank","Bronze Scales","Matryoshka","Empty Cage","Molten Egg 2","Frozen Eye","Mercury Hourglass","Anchor","Shuriken","Potion Belt","Strange Spoon"],"potions_floor_usage":[8,13],"damage_taken":[{"damage":7,"enemies":"Jaw Worm","floor":1,"turns":3},{"damage":0,"enemies":"Cultist","floor":5,"turns":3},{"damage":1,"enemies":"Small Slimes","floor":7,"turns":3},{"damage":17,"enemies":"3 Sentries","floor":8,"turns":5},{"damage":11,"enemies":"Blue Slaver","floor":10,"turns":4},{"damage":19,"enemies":"Gremlin Gang","floor":13,"turns":4},{"damage":25,"enemies":"Lagavulin","floor":14,"turns":4},{"damage":6,"enemies":"Slime Boss","floor":16,"turns":6},{"damage":7,"enemies":"Shell Parasite","floor":18,"turns":3},{"damage":7,"enemies":"3 Byrds","floor":19,"turns":3},{"damage":29,"enemies":"Slavers","floor":25,"turns":2},{"damage":0,"enemies":"Gremlin Leader","floor":27,"turns":3},{"damage":14,"enemies":"Snake Plant","floor":29,"turns":3},{"damage":1,"enemies":"Cultist and Chosen","floor":30,"turns":3},{"damage":44,"enemies":"Slavers","floor":31,"turns":3},{"damage":47,"enemies":"Collector","floor":33,"turns":5},{"damage":6,"enemies":"3 Shapes","floor":35,"turns":5},{"damage":10,"enemies":"3 Darklings","floor":39,"turns":3},{"damage":42,"enemies":"Nemesis","floor":40,"turns":5},{"damage":28,"enemies":"2 Orb Walkers","floor":45,"turns":2},{"damage":55,"enemies":"Giant Head","floor":47,"turns":7},{"damage":68,"enemies":"Time Eater","floor":50,"turns":10}],"seed_played":"-7465861341092189228","potions_obtained":[{"floor":1,"key":"EssenceOfSteel"},{"floor":8,"key":"Block Potion"}],"is_trial":false,"path_per_floor":["M","?","$","?","M","R","M","E","T","M","$","R","M","E","R","B",null,"M","M","$","?","?","R","?","E","T","E","$","M","M","E","R","B",null,"M","?","?","$","M","E","?","$","T","?","E","R","E","$","R","B"],"character_chosen":"IRONCLAD","items_purchased":["Shrug It Off","Fire Potion","PreservedInsect","Bag of Marbles","Flame Barrier","Frozen Eye","Twin Strike+1","Strange Spoon"],"campfire_rested":1,"item_purchase_floors":[3,3,11,20,38,42,42,48],"current_hp_per_floor":[71,71,71,51,57,57,62,61,61,56,56,56,43,24,24,61,83,82,81,81,81,81,81,81,72,72,78,78,70,75,49,49,45,89,89,89,79,79,75,51,51,51,51,104,82,82,45,45,76,64],"gold":65,"neow_bonus":"REMOVE_CARD","is_prod":false,"is_daily":false,"chose_seed":false,"campfire_upgraded":6,"win_rate":0,"timestamp":1537729980,"path_taken":["M","?","$","?","M","R","M","E","T","M","$","R","M","E","R","BOSS","M","M","$","?","?","R","?","E","T","E","$","?","M","E","R","BOSS","M","?","?","?","M","E","?","$","T","?","E","R","E","$","R","BOSS"],"build_version":"2018-09-20","purchased_purges":4,"victory":true,"max_hp_per_floor":[80,80,80,80,80,80,80,90,90,90,90,90,90,90,90,90,90,90,90,90,90,90,90,90,104,104,104,104,104,104,104,104,104,104,104,104,104,104,104,104,104,104,104,104,104,104,104,104,104,104],"card_choices":[{"not_picked":["Iron Wave","Pommel Strike"],"picked":"Rampage","floor":1},{"not_picked":["Heavy Blade","Wild Strike"],"picked":"Cleave","floor":5},{"not_picked":["Seeing Red","Wild Strike"],"picked":"Pommel Strike","floor":7},{"not_picked":["Carnage","Iron Wave","Cleave"],"picked":"SKIP","floor":8},{"not_picked":["Entrench","Warcry","Clash"],"picked":"SKIP","floor":10},{"not_picked":["Iron Wave","Cleave"],"picked":"Offering","floor":13},{"not_picked":["Intimidate","Clash","Havoc"],"picked":"SKIP","floor":14},{"not_picked":["Feed","Reaper"],"picked":"Immolate","floor":16},{"not_picked":["Feel No Pain","Uppercut+1"],"picked":"True Grit+1","floor":18},{"not_picked":["Iron Wave","Shockwave"],"picked":"Thunderclap+1","floor":19},{"not_picked":["Pummel+1","Flame Barrier"],"picked":"Demon Form","floor":25},{"not_picked":["Clash","Combust+1","True Grit"],"picked":"SKIP","floor":27},{"not_picked":["Flex+1","Bloodletting"],"picked":"Flame Barrier+1","floor":29},{"not_picked":["True Grit","Shockwave+1"],"picked":"Offering","floor":30},{"not_picked":["True Grit+1","Anger","Flex"],"picked":"SKIP","floor":31},{"not_picked":["Bloodletting+1","Warcry+1"],"picked":"Disarm+1","floor":35},{"not_picked":["Blind","Dramatic Entrance"],"picked":"Discovery","floor":37},{"not_picked":["Pommel Strike","Power Through+1","Feel No Pain"],"picked":"SKIP","floor":39},{"not_picked":["Infernal Blade","Heavy Blade"],"picked":"Battle Trance+1","floor":40},{"not_picked":["True Grit+1","Burning Pact"],"picked":"Shrug It Off","floor":45},{"not_picked":["Clash+1","Havoc+1"],"picked":"Disarm","floor":47}],"player_experience":578321,"relics_obtained":[{"floor":8,"key":"Pear"},{"floor":9,"key":"Pantograph"},{"floor":14,"key":"Meat on the Bone"},{"floor":25,"key":"Mango"},{"floor":26,"key":"MawBank"},{"floor":27,"key":"Bronze Scales"},{"floor":31,"key":"Matryoshka"},{"floor":40,"key":"Molten Egg 2"},{"floor":43,"key":"Mercury Hourglass"},{"floor":43,"key":"Anchor"},{"floor":45,"key":"Shuriken"},{"floor":47,"key":"Potion Belt"}],"event_choices":[{"event_name":"WeMeetAgain","player_choice":"Potion","floor":2,"damage_taken":0},{"event_name":"Golden Idol","player_choice":"Take Damage","floor":4,"damage_taken":0},{"event_name":"Bonfire Elementals","player_choice":"BASIC","floor":21,"damage_taken":0},{"event_name":"Ghosts","player_choice":"Ignored","floor":22,"damage_taken":0},{"event_name":"The Library","player_choice":"Read","floor":24,"damage_taken":0},{"event_name":"The Moai Head","player_choice":"Gave Idol","floor":36,"damage_taken":0},{"event_name":"SensoryStone","player_choice":"Memory 3","floor":37,"damage_taken":0},{"event_name":"Upgrade Shrine","player_choice":"Upgraded","floor":41,"damage_taken":0},{"event_name":"MindBloom","player_choice":"Heal","floor":44,"damage_taken":0}],"is_beta":false,"boss_relics":[{"not_picked":["Calling Bell","Astrolabe"],"picked":"Sozu"},{"not_picked":["Runic Dome","Pandora\u0027s Box"],"picked":"Empty Cage"}],"items_purged_floors":[20,38,42,48],"is_endless":false,"potions_floor_spawned":[1,8,19,29,31,39],"ascension_level":6}