{"gold_per_floor":[113,188,188,168,168,199,15,15,39,39,66,29,56,56,56,134,134,150,150,9,21,40,40,40,40,40,57,73,93,107,124,124,200,200,219,319,17,27,43,43],"floor_reached":40,"playtime":1796,"items_purged":["Strike_B"],"score":958,"play_id":"643990a1-6338-47d3-b6d8-75a6a906365c","local_time":"20190222182543","is_ascension_mode":true,"campfire_choices":[{"data":"Zap","floor":8.0,"key":"SMITH"},{"data":"Barrage","floor":10.0,"key":"SMITH"},{"data":"Go for the Eyes","floor":15.0,"key":"SMITH"},{"floor":23,"key":"REST"},{"data":"Undo","floor":25,"key":"SMITH"},{"floor":32,"key":"REST"}],"neow_cost":"NONE","seed_source_timestamp":2622112256049881,"circlet_count":0,"master_deck":["AscendersBane","Strike_B","Strike_B","Defend_B","Defend_B","Defend_B","Defend_B","Zap+1","Dualcast","Chill","Go for the Eyes+1","Biased Cognition","All For One","Barrage+1","Leap","Static Discharge","Ball Lightning","Gash","Electrodynamics","Gash","Cold Snap","Undo+1","Gash+1","Scrape+1","Compile Driver+1","Seek","FTL+1","Parasite"],"special_seed":0,"relics":["Cracked Core","NeowsBlessing","Juzu Bracelet","Pen Nib","Potion Belt","Bird Faced Urn","Boot","Inserter","Molten Egg 2","Nuclear Battery","Thread and Needle","Bag of Preparation"],"potions_floor_usage":[27,33,33,36,39,40,40],"damage_taken":[{"damage":0.0,"enemies":"Jaw Worm","floor":1.0,"turns":1.0},{"damage":0.0,"enemies":"Gremlin Nob","floor":6.0,"turns":1.0},{"damage":0.0,"enemies":"Lagavulin","floor":11.0,"turns":1.0},{"damage":0.0,"enemies":"Gremlin Nob","floor":13.0,"turns":3.0},{"damage":20.0,"enemies":"Hexaghost","floor":16.0,"turns":8.0},{"damage":20.0,"enemies":"3 Byrds","floor":18.0,"turns":3.0},{"damage":23,"enemies":"2 Thieves","floor":21,"turns":3},{"damage":1,"enemies":"3 Cultists","floor":22,"turns":3},{"damage":17,"enemies":"Shelled Parasite and Fungi","floor":27,"turns":5},{"damage":0,"enemies":"Snecko","floor":28,"turns":4},{"damage":24,"enemies":"Snake Plant","floor":29,"turns":3},{"damage":4,"enemies":"Sentry and Sphere","floor":30,"turns":4},{"damage":0,"enemies":"Centurion and Healer","floor":31,"turns":5},{"damage":3,"enemies":"Automaton","floor":33,"turns":6},{"damage":0,"enemies":"3 Shapes","floor":35,"turns":2},{"damage":25,"enemies":"Mind Bloom Boss Battle","floor":36,"turns":4},{"damage":6,"enemies":"3 Darklings","floor":38,"turns":6},{"damage":16,"enemies":"Writhing Mass","floor":39,"turns":5},{"damage":39,"enemies":"Nemesis","floor":40,"turns":5}],"seed_played":"-6806123750857999728","potions_obtained":[{"floor":1.0,"key":"Energy Potion"},{"floor":4.0,"key":"EssenceOfSteel"},{"floor":6.0,"key":"FocusPotion"},{"floor":21,"key":"SteroidPotion"},{"floor":27,"key":"FocusPotion"},{"floor":31,"key":"FocusPotion"},{"floor":33,"key":"Weak Potion"},{"floor":36,"key":"Ancient Potion"}],"is_trial":false,"path_per_floor":["M","?","?","?","?","E","$","R","T","R","E","$","E","?","R","B",null,"M","?","$","M","M","R","?","R","T","M","M","M","M","M","R","B",null,"M","?","$","M","M","E"],"character_chosen":"DEFECT","items_purchased":["All For One","Barrage","Static Discharge","Undo","SkillPotion","Bag of Preparation","Weak Potion"],"campfire_rested":2,"item_purchase_floors":[7,7,12,20,20,37,37],"current_hp_per_floor":[64,53,48,48,48,48,48,48,48,48,48,48,50,50,50,34,62,48,48,48,31,36,57,57,57,57,46,50,30,30,36,57,58,68,71,46,46,44,34,0],"gold":43,"neow_bonus":"THREE_ENEMY_KILL","is_prod":false,"is_daily":false,"chose_seed":false,"campfire_upgraded":4,"win_rate":0,"timestamp":1550827543,"path_taken":["M","?","?","?","?","E","$","R","T","R","E","?","E","?","R","BOSS","M","?","$","M","M","R","?","R","T","M","M","M","M","M","R","BOSS","M","?","$","M","M","E"],"build_version":"2019-01-23","purchased_purges":1,"victory":false,"max_hp_per_floor":[71,71,71,71,71,71,71,71,71,71,71,71,71,71,71,71,71,71,71,71,71,71,71,71,71,71,71,71,71,71,71,71,71,71,71,71,71,71,71,71],"card_choices":[{"not_picked":["Darkness","Conserve Battery"],"picked":"Chill","floor":1.0},{"not_picked":["Genetic Algorithm","Streamline"],"picked":"Biased Cognition","floor":6.0},{"not_picked":["Scrape","Streamline"],"picked":"Leap","floor":11.0},{"not_picked":["Conserve Battery","Turbo"],"picked":"Ball Lightning","floor":13.0},{"not_picked":["Hyperbeam","Fission"],"picked":"Electrodynamics","floor":16.0},{"not_picked":["Go for the Eyes","Coolheaded"],"picked":"Gash","floor":18.0},{"not_picked":["Compile Driver","Coolheaded","Cold Snap"],"picked":"SKIP","floor":21},{"not_picked":["White Noise","Redo","Rip and Tear"],"picked":"SKIP","floor":22},{"not_picked":["Melter+1","Meteor Strike+1","Storm"],"picked":"SKIP","floor":27},{"not_picked":["Redo","Coolheaded","Leap"],"picked":"SKIP","floor":28},{"not_picked":["Ball Lightning+1","Leap"],"picked":"Gash+1","floor":29},{"not_picked":["Stack","Steam"],"picked":"Scrape+1","floor":30},{"not_picked":["Turbo","Chaos"],"picked":"Compile Driver+1","floor":31},{"not_picked":["Rainbow","Thunder Strike+1"],"picked":"Seek","floor":33},{"not_picked":["Coolheaded","Compile Driver+1"],"picked":"FTL+1","floor":35},{"not_picked":["Leap+1","Ball Lightning+1","Go for the Eyes+1"],"picked":"SKIP","floor":38},{"not_picked":["Blizzard+1","Barrage+1","Scrape+1"],"picked":"SKIP","floor":39}],"player_experience":579846,"relics_obtained":[{"floor":6.0,"key":"Pen Nib"},{"floor":9.0,"key":"Potion Belt"},{"floor":11.0,"key":"Bird Faced Urn"},{"floor":13.0,"key":"Boot"},{"floor":26,"key":"Molten Egg 2"},{"floor":36,"key":"Thread and Needle"}],"event_choices":[{"damage_healed":0.0,"max_hp_gain":0.0,"max_hp_loss":0.0,"gold_gain":75.0,"event_name":"World of Goop","player_choice":"Gather Gold","floor":2.0,"gold_loss":0.0,"damage_taken":11.0},{"damage_healed":0.0,"max_hp_gain":0.0,"max_hp_loss":0.0,"gold_gain":0.0,"event_name":"Scrap Ooze","player_choice":"Success","floor":3.0,"gold_loss":0.0,"damage_taken":5.0,"relics_obtained":["Juzu Bracelet"]},{"damage_healed":0.0,"max_hp_gain":0.0,"max_hp_loss":0.0,"gold_gain":0.0,"event_name":"The Woman in Blue","player_choice":"Bought 1 Potion","floor":4.0,"gold_loss":0.0,"damage_taken":0.0},{"damage_healed":0.0,"max_hp_gain":0.0,"max_hp_loss":0.0,"gold_gain":0.0,"cards_transformed":["Strike_B"],"event_name":"Transmorgrifier","player_choice":"Transformed","floor":5.0,"gold_loss":0.0,"damage_taken":0.0,"cards_obtained":["Go for the Eyes"]},{"damage_healed":0.0,"max_hp_gain":0.0,"max_hp_loss":0.0,"gold_gain":0.0,"event_name":"Match and Keep!","player_choice":"1 cards matched","floor":14.0,"gold_loss":0.0,"damage_taken":0.0,"cards_obtained":["Gash"]},{"damage_healed":0,"gold_gain":0,"player_choice":"1 cards matched","damage_taken":0,"max_hp_gain":0,"max_hp_loss":0,"event_name":"Match and Keep!","floor":19,"gold_loss":0,"cards_obtained":["Cold Snap"]},{"damage_healed":0,"gold_gain":0,"player_choice":"Ignored","damage_taken":0,"max_hp_gain":0,"max_hp_loss":0,"event_name":"The Mausoleum","floor":24,"gold_loss":0},{"damage_healed":0,"gold_gain":0,"player_choice":"Fight","damage_taken":0,"max_hp_gain":0,"max_hp_loss":0,"event_name":"MindBloom","floor":36,"gold_loss":0}],"is_beta":false,"boss_relics":[{"not_picked":["Eternal Feather","Lizard Tail"],"picked":"Inserter"},{"not_picked":["Tiny House","Philosopher\u0027s Stone"],"picked":"Nuclear Battery"}],"items_purged_floors":[37],"is_endless":false,"potions_floor_spawned":[1,6,21,27,31,33,36,38],"killed_by":"Nemesis","ascension_level":20}