{"gold_per_floor":[113,129,149,169,0,28,28,59,59,59,59,76,95,108,108,210,210,226,226,77,77,77,77,112,112,112,112],"floor_reached":27,"playtime":1052,"items_purged":["Strike_B","Shame"],"score":313,"play_id":"26a554d1-ffc0-442f-9f4d-f541494ae38b","local_time":"20180930004439","is_ascension_mode":true,"campfire_choices":[{"data":"Multi-Cast","floor":7,"key":"SMITH"},{"data":"Hologram","floor":11,"key":"SMITH"},{"data":"Darkness","floor":15,"key":"SMITH"},{"data":"Redo","floor":23,"key":"SMITH"}],"neow_cost":"NONE","seed_source_timestamp":10695427240576,"circlet_count":0,"master_deck":["Strike_B","Strike_B","Strike_B","Defend_B","Defend_B+1","Defend_B","Defend_B","Zap","Dualcast","Multi-Cast+1","Darkness+1","Rebound","Hologram+1","Auto Shields","Bandage Up","Turbo+1","Beam Cell","Ball Lightning","Electrodynamics","Parasite","Writhe","Redo+1","Creative AI","Reprogram"],"relics":["Cracked Core","Pear","Mummified Hand","Meat on the Bone","Calling Bell","DataDisk","Singing Bowl","Calipers","FaceOfCleric","Mercury Hourglass","Unceasing Top"],"potions_floor_usage":[6,14,16,24],"damage_taken":[{"damage":4,"enemies":"Cultist","floor":1,"turns":5},{"damage":0,"enemies":"Small Slimes","floor":2,"turns":3},{"damage":3,"enemies":"2 Louse","floor":3,"turns":3},{"damage":11,"enemies":"Blue Slaver","floor":4,"turns":3},{"damage":15,"enemies":"Lagavulin","floor":6,"turns":4},{"damage":25,"enemies":"3 Sentries","floor":8,"turns":8},{"damage":3,"enemies":"Large Slime","floor":12,"turns":3},{"damage":14,"enemies":"Exordium Wildlife","floor":13,"turns":4},{"damage":0,"enemies":"2 Fungi Beasts","floor":14,"turns":3},{"damage":15,"enemies":"The Guardian","floor":16,"turns":8},{"damage":34,"enemies":"2 Thieves","floor":18,"turns":4},{"damage":58,"enemies":"Slavers","floor":24,"turns":3},{"damage":30,"enemies":"Book of Stabbing","floor":27,"turns":2}],"seed_played":"-2916326499331731933","potions_obtained":[{"floor":1,"key":"SkillPotion"},{"floor":6,"key":"Dexterity Potion"},{"floor":12,"key":"Regen Potion"},{"floor":13,"key":"Fire Potion"},{"floor":18,"key":"FairyPotion"}],"is_trial":false,"path_per_floor":["M","M","M","M","$","E","R","E","T","?","R","M","M","M","R","B",null,"M","?","$","?","?","R","E","$","T"],"character_chosen":"DEFECT","items_purchased":["Bandage Up","Strength Potion"],"campfire_rested":0,"item_purchase_floors":[5,20],"current_hp_per_floor":[64,64,61,50,50,49,49,28,28,11,11,24,26,42,42,43,75,47,47,47,47,47,47,29,29,29,0],"gold":112,"neow_bonus":"ONE_RANDOM_RARE_CARD","is_prod":false,"is_daily":false,"chose_seed":false,"campfire_upgraded":4,"win_rate":0,"timestamp":1538282679,"path_taken":["M","?","M","M","$","E","R","E","T","?","R","M","M","M","R","BOSS","M","?","$","?","?","R","E","?","T","E"],"build_version":"2018-09-27","purchased_purges":2,"victory":false,"max_hp_per_floor":[75,75,75,75,75,85,85,85,85,85,85,85,85,85,85,85,85,87,87,87,87,87,87,88,88,88,88],"card_choices":[{"not_picked":["Melter","Steam"],"picked":"Darkness","floor":1},{"not_picked":["Skim","Blizzard"],"picked":"Rebound","floor":2},{"not_picked":["Go for the Eyes","Sweeping Beam"],"picked":"Hologram","floor":3},{"not_picked":["Barrage","Coolheaded"],"picked":"Auto Shields","floor":4},{"not_picked":["Sweeping Beam","Stack"],"picked":"Turbo","floor":6},{"not_picked":["Steam Power","Fission"],"picked":"Beam Cell","floor":8},{"not_picked":["Go for the Eyes","Streamline"],"picked":"Ball Lightning","floor":12},{"not_picked":["Beam Cell","Steam","Barrage"],"picked":"SKIP","floor":13},{"not_picked":["Ball Lightning","Steam","Streamline"],"picked":"SKIP","floor":14},{"not_picked":["Meteor Strike","Fission"],"picked":"Electrodynamics","floor":16},{"not_picked":["Barrage","Go for the Eyes","Conserve Battery"],"picked":"Singing Bowl","floor":18},{"not_picked":["Gash","Sweeping Beam"],"picked":"Reprogram","floor":24}],"player_experience":621938,"relics_obtained":[{"floor":6,"key":"Pear"},{"floor":8,"key":"Mummified Hand"},{"floor":9,"key":"Meat on the Bone"},{"floor":17,"key":"DataDisk"},{"floor":17,"key":"Singing Bowl"},{"floor":17,"key":"Calipers"},{"floor":24,"key":"Mercury Hourglass"},{"floor":26,"key":"Unceasing Top"}],"event_choices":[{"event_name":"Shining Light","player_choice":"Entered Light","floor":10,"damage_taken":0},{"event_name":"Vampires","player_choice":"Ignored","floor":19,"damage_taken":0},{"event_name":"Match and Keep!","player_choice":"2 cards matched","floor":21,"damage_taken":0},{"event_name":"FaceTrader","player_choice":"Trade","floor":22,"damage_taken":0}],"is_beta":false,"boss_relics":[{"not_picked":["Snecko Eye","Philosopher\u0027s Stone"],"picked":"Calling Bell"}],"items_purged_floors":[5,20],"is_endless":false,"potions_floor_spawned":[1,6,12,13,18],"killed_by":"Book of Stabbing","ascension_level":6}