{"path_per_floor":["M","M","M","?","M","E","R","$","T","?","M","M","R","E","R","B",null,"M","M","$","?","?","R","M","$","T","R","M","R","M","M","R","B",null,"M","$","?","M","?","R","T","M","T","T","R","?","M","M","R"],"character_chosen":"IRONCLAD","items_purchased":["Vajra","Entrench","Omamori"],"gold_per_floor":[117,131,150,150,169,204,204,129,207,207,219,234,234,263,263,365,365,384,395,295,295,220,220,238,85,115,115,135,135,147,164,164,259,259,278,57,57,77,77,77,122,139,139,139,139,139,159,178,178],"floor_reached":50,"campfire_rested":1,"playtime":4640,"current_hp_per_floor":[88,78,79,79,84,62,62,62,62,62,52,58,84,77,77,10,88,80,65,65,65,65,65,71,71,71,71,77,77,73,79,79,54,88,88,88,88,78,78,78,85,77,77,77,77,77,83,87,87],"items_purged":["Strike_R","Strike_R"],"gold":178,"play_id":"f2e1f703-8b57-4a4a-ae57-7197cbde1552","is_prod":false,"is_daily":false,"campfire_rituals":0,"campfire_upgraded":9,"is_hardmode":false,"path_taken":["M","M","M","?","M","E","R","$","T","?","M","M","R","E","R","BOSS","M","M","$","?","?","R","?","$","T","R","M","R","M","M","R","BOSS","M","$","?","?","?","R","?","M","T","?","R","?","?","M","R","BOSS"],"build_version":"2018-01-18-PROD4","purchased_purges":2,"victory":false,"master_deck":["Strike_R","Strike_R","Defend_R","Defend_R","Bash","Warcry","Heavy Blade","Pummel","Shockwave","Inflame","True Grit","Clothesline","Uppercut","Double Tap","Flame Barrier","Pommel Strike","Spot Weakness","Iron Wave","True Grit","Barricade","Shrug It Off","Power Through","Inflame","Entrench","Shrug It Off","Bloodletting","Exhume"],"max_hp_per_floor":[88,88,88,88,88,88,88,88,88,88,88,88,88,88,88,88,88,88,88,88,88,88,88,88,88,88,88,88,88,88,88,88,88,88,88,88,88,88,88,88,95,95,95,95,95,95,95,95,95],"relics":["Burning Blood","Whetstone","Kunai","Darkstone Periapt","Mark of Pain","Vajra","Tiny Chest","Orrery","Omamori","Strawberry","Champion Belt","Anchor"],"campfire_meditates":0,"card_choices":[{"not_picked":["Sentinel","Anger"],"picked":"Warcry"},{"not_picked":["True Grit","Iron Wave"],"picked":"Heavy Blade"},{"not_picked":["Clash","Shockwave"],"picked":"Pummel"},{"not_picked":["Heavy Blade","Havoc"],"picked":"Shockwave"},{"not_picked":["Havoc","Berserk"],"picked":"Inflame"},{"not_picked":["Rage","Entrench"],"picked":"True Grit"},{"not_picked":["Body Slam","Thunderclap"],"picked":"Clothesline"},{"not_picked":["Feel No Pain","Cleave"],"picked":"Uppercut"},{"not_picked":["Brutality","Dark Embrace"],"picked":"Double Tap"},{"not_picked":["Body Slam","Searing Blow"],"picked":"Flame Barrier"},{"not_picked":["True Grit","Perfected Strike"],"picked":"Pommel Strike"},{"not_picked":["Body Slam","Carnage"],"picked":"Spot Weakness"},{"not_picked":["Rupture","Warcry"],"picked":"Iron Wave"},{"not_picked":["Clash","Flex"],"picked":"True Grit"},{"not_picked":["Fiend Fire","Limit Break"],"picked":"Barricade"},{"not_picked":["Wild Strike","Combust"],"picked":"Shrug It Off"},{"not_picked":["Pommel Strike","Seeing Red"],"picked":"Power Through"},{"not_picked":["Clothesline","Iron Wave"],"picked":"Inflame"},{"not_picked":["Sword Boomerang","Intimidate"],"picked":"Shrug It Off"},{"not_picked":["Headbutt","Second Wind"],"picked":"Bloodletting"},{"not_picked":["True Grit","Rage"],"picked":"Exhume"}],"player_experience":210164,"potions_floor_usage":[12,16,19,30,33,48,48,50],"damage_taken":[{"damage":1,"enemies":"2 Louse","floor":1,"turns":3},{"damage":16,"enemies":"Blue Slaver","floor":2,"turns":4},{"damage":5,"enemies":"Small Slimes","floor":3,"turns":4},{"damage":1,"enemies":"2 Fungi Beasts","floor":5,"turns":3},{"damage":28,"enemies":"Gremlin Nob","floor":6,"turns":5},{"damage":16,"enemies":"Exordium Thugs","floor":11,"turns":6},{"damage":6,"enemies":"Exordium Wildlife","floor":12,"turns":4},{"damage":13,"enemies":"Lagavulin","floor":14,"turns":4},{"damage":79,"enemies":"Hexaghost","floor":16,"turns":13},{"damage":14,"enemies":"Spheric Guardian","floor":18,"turns":4},{"damage":21,"enemies":"2 Thieves","floor":19,"turns":3},{"damage":0,"enemies":"Centurion and Healer","floor":24,"turns":5},{"damage":0,"enemies":"Snake Plant","floor":28,"turns":2},{"damage":10,"enemies":"3 Cultists","floor":30,"turns":5},{"damage":0,"enemies":"Snecko","floor":31,"turns":5},{"damage":31,"enemies":"Collector","floor":33,"turns":10},{"damage":6,"enemies":"Orb Walker","floor":35,"turns":2},{"damage":16,"enemies":"3 Shapes","floor":38,"turns":7},{"damage":14,"enemies":"Sphere and 2 Shapes","floor":42,"turns":4},{"damage":0,"enemies":"Maw","floor":47,"turns":11},{"damage":2,"enemies":"4 Shapes","floor":48,"turns":8},{"damage":107,"enemies":"Donu and Deca","floor":50,"turns":7}],"event_choices":[{"event_name":"The Lab","player_choice":"Got Potions","floor":4,"damage_taken":0},{"event_name":"Living Wall","player_choice":"Forget","floor":10,"damage_taken":0},{"event_name":"Transmorgrifier","player_choice":"Transform","floor":21,"damage_taken":0},{"event_name":"Beggar","player_choice":"Gave Gold","floor":22,"damage_taken":0},{"event_name":"Accursed Blacksmith","player_choice":"Forge","floor":37,"damage_taken":0},{"event_name":"Mysterious Sphere","player_choice":"Ignore","floor":39,"damage_taken":0},{"event_name":"Wheel of Change","player_choice":"Card Removal","floor":46,"damage_taken":0}],"boss_relics":[{"not_picked":["Question Card","Ectoplasm"],"picked":"Mark of Pain"},{"not_picked":["Black Blood","Sozu"],"picked":"Orrery"}],"potions_floor_spawned":[2,6,12,14,18,24,28,33,38,42],"seed_played":"5814764452156922192","killed_by":"Donu and Deca","is_trial":false}