{"gold_per_floor":[115,40,51,64,11,11,27,27,52,52,70,86,86],"floor_reached":13,"playtime":599,"items_purged":[],"score":150,"play_id":"f523afda-2420-4e4a-9031-cba6d7aa65d3","local_time":"20190301185451","is_ascension_mode":true,"campfire_choices":[{"data":"Zap","floor":6,"key":"SMITH"}],"neow_cost":"NONE","seed_source_timestamp":1280071455219547,"circlet_count":0,"master_deck":["AscendersBane","Strike_B","Strike_B+1","Strike_B","Defend_B","Defend_B","Defend_B","Defend_B","Zap+1","Dualcast","Reinforced Body+1","Go for the Eyes","Barrage","Thunder Strike"],"relics":["Cracked Core","Dream Catcher","PreservedInsect"],"potions_floor_usage":[12,13],"damage_taken":[{"damage":6,"enemies":"Small Slimes","floor":1,"turns":3},{"damage":0,"enemies":"Jaw Worm","floor":3,"turns":4},{"damage":4,"enemies":"2 Louse","floor":4,"turns":3},{"damage":20,"enemies":"Exordium Thugs","floor":7,"turns":6},{"damage":3,"enemies":"Blue Slaver","floor":11,"turns":3},{"damage":0,"enemies":"3 Louse","floor":12,"turns":1},{"damage":22,"enemies":"Lagavulin","floor":13,"turns":4}],"seed_played":"5626973952052765343","potions_obtained":[{"floor":1,"key":"EntropicBrew"},{"floor":4,"key":"SpeedPotion"},{"floor":11,"key":"Strength Potion"}],"is_trial":false,"path_per_floor":["M","?","M","M","$","R","M","?","T","?","M","M","E"],"character_chosen":"DEFECT","items_purchased":["PowerPotion"],"campfire_rested":0,"item_purchase_floors":[5],"current_hp_per_floor":[58,58,58,54,54,54,34,34,34,13,10,10,0],"gold":86,"neow_bonus":"RANDOM_COMMON_RELIC","is_prod":false,"is_daily":false,"chose_seed":false,"campfire_upgraded":1,"win_rate":0,"timestamp":1551488091,"path_taken":["M","?","M","M","$","R","M","?","T","?","M","?","E"],"build_version":"2019-01-23","purchased_purges":0,"victory":false,"max_hp_per_floor":[71,71,71,71,71,71,71,71,71,71,71,71,71],"card_choices":[{"not_picked":["Force Field","Scrape"],"picked":"Reinforced Body","floor":1},{"not_picked":["Compile Driver","Redo"],"picked":"Go for the Eyes","floor":3},{"not_picked":["Steam","Turbo","Self Repair"],"picked":"SKIP","floor":4},{"not_picked":["Beam Cell","White Noise","Barrage"],"picked":"SKIP","floor":7},{"not_picked":["Beam Cell","Reprogram"],"picked":"Barrage","floor":11},{"not_picked":["Steam","Hologram"],"picked":"Thunder Strike","floor":12}],"player_experience":550043,"relics_obtained":[{"floor":9,"key":"PreservedInsect"}],"event_choices":[{"cards_removed":["Strike_B"],"damage_healed":0,"gold_gain":0,"player_choice":"Card Removal","damage_taken":0,"max_hp_gain":0,"max_hp_loss":0,"event_name":"The Cleric","floor":2,"gold_loss":75},{"damage_healed":0,"gold_gain":0,"player_choice":"Ignored","damage_taken":0,"max_hp_gain":0,"max_hp_loss":0,"event_name":"Liars Game","floor":8,"gold_loss":0},{"damage_healed":0,"gold_gain":0,"player_choice":"Entered Light","damage_taken":21,"max_hp_gain":0,"max_hp_loss":0,"event_name":"Shining Light","floor":10,"gold_loss":0,"cards_upgraded":["Strike_B","Reinforced Body"]}],"is_beta":false,"boss_relics":[],"items_purged_floors":[],"is_endless":false,"potions_floor_spawned":[1,4,11],"killed_by":"Lagavulin","ascension_level":19}