{"gold_per_floor":[112,112,37,49,61,86,86,97,97,108,138,138,38,38,38,140,140,154,138,13,33,33,33,33,67,67,85,100,100],"floor_reached":29,"playtime":2905,"items_purged":["Strike_R","Strike_R","Rupture+1"],"score":268,"play_id":"e0891024-7fe2-4f1e-858b-b91a1b80640f","local_time":"20180713233238","is_ascension_mode":true,"campfire_choices":[{"data":"Uppercut","floor":7,"key":"SMITH"},{"data":"Shrug It Off","floor":12,"key":"SMITH"},{"data":"Pommel Strike","floor":15,"key":"SMITH"},{"data":"Perfected Strike","floor":23,"key":"SMITH"}],"neow_cost":"NONE","seed_source_timestamp":272425218477398,"circlet_count":0,"master_deck":["Strike_R","Strike_R","Defend_R","Defend_R","Defend_R","Defend_R","Bash","Uppercut+1","Shrug It Off+1","Cleave","Seeing Red","Pommel Strike+1","Feed","Dropkick","Perfected Strike+1","RitualDagger","Iron Wave"],"relics":["Burning Blood","Bronze Scales","Question Card","Kunai","Frozen Egg 2","Lizard Tail","Pen Nib","Letter Opener"],"potions_floor_usage":[16,16,25,28,28],"damage_taken":[{"damage":6,"enemies":"Cultist","floor":1,"turns":3},{"damage":6,"enemies":"2 Louse","floor":4,"turns":2},{"damage":3,"enemies":"Jaw Worm","floor":5,"turns":3},{"damage":18,"enemies":"3 Sentries","floor":6,"turns":9},{"damage":5,"enemies":"Exordium Wildlife","floor":8,"turns":4},{"damage":8,"enemies":"Red Slaver","floor":10,"turns":3},{"damage":20,"enemies":"Lagavulin","floor":11,"turns":7},{"damage":19,"enemies":"Slime Boss","floor":16,"turns":7},{"damage":12,"enemies":"Chosen","floor":18,"turns":6},{"damage":15,"enemies":"2 Thieves","floor":19,"turns":4},{"damage":24,"enemies":"Centurion and Healer","floor":21,"turns":5},{"damage":62,"enemies":"Slavers","floor":25,"turns":7},{"damage":16,"enemies":"3 Cultists","floor":27,"turns":5},{"damage":29,"enemies":"Snake Plant","floor":28,"turns":6},{"damage":20,"enemies":"Slaver and Parasite","floor":29,"turns":2}],"seed_played":"-2250254447885207467","potions_obtained":[{"floor":1,"key":"Explosive Potion"},{"floor":4,"key":"Poison Potion"},{"floor":10,"key":"Explosive Potion"},{"floor":19,"key":"Explosive Potion"},{"floor":25,"key":"AttackPotion"},{"floor":27,"key":"SkillPotion"}],"is_trial":false,"path_per_floor":["M","?","$","M","M","E","R","M","T","M","E","R","$","?","R","B",null,"M","M","$","M","?","R","?","E","T","M","M"],"character_chosen":"IRONCLAD","items_purchased":[],"campfire_rested":0,"item_purchase_floors":[],"current_hp_per_floor":[80,85,85,85,85,73,73,74,74,72,58,58,58,58,58,45,85,82,73,73,55,55,55,49,42,42,35,12,0],"gold":100,"neow_bonus":"RANDOM_COMMON_RELIC","is_prod":false,"is_daily":false,"chose_seed":false,"campfire_upgraded":4,"win_rate":0,"timestamp":1531549958,"path_taken":["M","?","$","M","M","E","R","M","T","M","E","R","$","?","R","BOSS","M","?","$","?","?","R","?","E","T","M","M","M"],"build_version":"2018-07-12","purchased_purges":3,"victory":false,"max_hp_per_floor":[80,85,85,85,85,85,85,85,85,85,85,85,85,85,85,85,85,88,88,88,88,88,88,88,88,88,91,91,91],"card_choices":[{"not_picked":["Pommel Strike","Headbutt"],"picked":"Uppercut","floor":1},{"not_picked":["Twin Strike","Iron Wave"],"picked":"Shrug It Off","floor":4},{"not_picked":["True Grit","Clash","Feel No Pain"],"picked":"SKIP","floor":5},{"not_picked":["Anger","Headbutt"],"picked":"Cleave","floor":6},{"not_picked":["Rampage","Heavy Blade","Body Slam"],"picked":"Seeing Red","floor":8},{"not_picked":["Warcry","Anger","Twin Strike","True Grit"],"picked":"SKIP","floor":10},{"not_picked":["Hemokinesis","Fiend Fire","Iron Wave"],"picked":"Pommel Strike","floor":11},{"not_picked":["Double Tap","Fiend Fire","Dark Embrace+1"],"picked":"Feed","floor":16},{"not_picked":["Heavy Blade","Ghostly Armor","Clothesline+1","Twin Strike"],"picked":"SKIP","floor":18},{"not_picked":["Twin Strike+1","Pommel Strike","Cleave+1"],"picked":"Dropkick","floor":19},{"not_picked":["Sword Boomerang","Offering","Armaments","Heavy Blade"],"picked":"SKIP","floor":21},{"not_picked":["Rampage","Headbutt","Shockwave+1"],"picked":"Iron Wave","floor":25},{"not_picked":["Cleave","Clothesline","Armaments","Heavy Blade"],"picked":"SKIP","floor":27},{"not_picked":["Anger+1","Headbutt","Cleave+1","True Grit"],"picked":"SKIP","floor":28}],"player_experience":42229,"relics_obtained":[{"floor":6,"key":"Question Card"},{"floor":9,"key":"Kunai"},{"floor":11,"key":"Frozen Egg 2"},{"floor":25,"key":"Pen Nib"},{"floor":26,"key":"Letter Opener"}],"event_choices":[{"event_name":"Big Fish","player_choice":"Donut","floor":2,"damage_taken":0},{"event_name":"Transmorgrifier","player_choice":"Transform","floor":14,"damage_taken":0},{"event_name":"The Library","player_choice":"Read","floor":22,"damage_taken":0},{"event_name":"Nest","player_choice":"Joined the Cult","floor":24,"damage_taken":0}],"boss_relics":[{"not_picked":["Eternal Feather","Coffee Dripper"],"picked":"Lizard Tail"}],"items_purged_floors":[3,13,20],"is_endless":false,"potions_floor_spawned":[1,4,10,19,25,27],"killed_by":"Slaver and Parasite","ascension_level":1}