{"gold_per_floor":[117,117,129,11,11,11,41,60,60,76,29,29,48,64,64,138,138,158,168,168,9,28,28,62,62,114,146,196,196,196,42,42,115,165,180,193,203,203,203,234,234,234,234,234,234,251,2,2,2,2],"floor_reached":51,"playtime":2763,"items_purged":["Strike_G"],"score":1337,"play_id":"8513b42e-f3e8-4434-92c8-0dff2a7d8555","local_time":"20190303004118","is_ascension_mode":true,"campfire_choices":[{"data":"Noxious Fumes","floor":6,"key":"SMITH"},{"data":"Neutralize","floor":15,"key":"SMITH"},{"data":"Blade Dance","floor":23,"key":"SMITH"},{"data":"Backflip","floor":30,"key":"SMITH"},{"data":"Survivor","floor":32,"key":"SMITH"},{"data":"Underhanded Strike","floor":41,"key":"SMITH"},{"data":"Defend_G","floor":44,"key":"SMITH"},{"data":"Defend_G","floor":49,"key":"SMITH"}],"neow_cost":"NONE","seed_source_timestamp":17036964016183,"circlet_count":0,"master_deck":["AscendersBane","Defend_G","Defend_G","Defend_G+1","Defend_G+1","Defend_G+1","Strike_G","Strike_G","Strike_G","Survivor+1","Underhanded Strike+1","Blade Dance+1","Noxious Fumes+1","Backflip+1","Backflip+1","Leg Sweep+1","Deflect+1","Footwork+1","PiercingWail+1","Corpse Explosion+1","PiercingWail+1","Caltrops+1","Panacea+1","Cloak And Dagger+1","Ghostly+1","Ghostly+1","Ghostly+1","Catalyst+1","Footwork+1","Cloak And Dagger+1","Backflip+1","Backflip+1","Tools of the Trade+1","Discovery+1","Panache+1","Venomology+1"],"relics":["Ring of the Snake","NeowsBlessing","Toxic Egg 2","Juzu Bracelet","Frozen Egg 2","Coffee Dripper","Meat on the Bone","Art of War","Red Mask","Singing Bowl","Tiny House","Bag of Preparation","Potion Belt","Frozen Eye"],"potions_floor_usage":[12,16,22,24,35,40,42,50,50],"damage_taken":[{"damage":0,"enemies":"Small Slimes","floor":1,"turns":1},{"damage":0,"enemies":"2 Louse","floor":3,"turns":1},{"damage":0,"enemies":"Gremlin Nob","floor":7,"turns":1},{"damage":1,"enemies":"Jaw Worm","floor":8,"turns":4},{"damage":10,"enemies":"Exordium Thugs","floor":10,"turns":6},{"damage":0,"enemies":"Red Slaver","floor":13,"turns":5},{"damage":0,"enemies":"Blue Slaver","floor":14,"turns":4},{"damage":28,"enemies":"Slime Boss","floor":16,"turns":13},{"damage":0,"enemies":"2 Thieves","floor":18,"turns":4},{"damage":0,"enemies":"Spheric Guardian","floor":19,"turns":4},{"damage":1,"enemies":"Centurion and Healer","floor":22,"turns":6},{"damage":1,"enemies":"Gremlin Leader","floor":24,"turns":6},{"damage":1,"enemies":"Masked Bandits","floor":27,"turns":4},{"damage":20,"enemies":"Champ","floor":33,"turns":12},{"damage":9,"enemies":"3 Darklings","floor":35,"turns":5},{"damage":8,"enemies":"Orb Walker","floor":36,"turns":6},{"damage":2,"enemies":"Maw","floor":37,"turns":8},{"damage":13,"enemies":"Giant Head","floor":40,"turns":12},{"damage":0,"enemies":"Reptomancer","floor":42,"turns":2},{"damage":3,"enemies":"Writhing Mass","floor":46,"turns":7},{"damage":12,"enemies":"Time Eater","floor":50,"turns":16}],"seed_played":"-3809514064351564772","potions_obtained":[{"floor":8,"key":"GamblersBrew"},{"floor":10,"key":"SpeedPotion"},{"floor":12,"key":"Fruit Juice"},{"floor":12,"key":"GamblersBrew"},{"floor":18,"key":"Poison Potion"},{"floor":24,"key":"Weak Potion"},{"floor":33,"key":"Weak Potion"},{"floor":35,"key":"SmokeBomb"}],"is_trial":false,"path_per_floor":["M","?","M","$","?","R","E","M","T","M","$","?","M","M","R","B",null,"M","M","?","$","M","R","E","?","T","?","?","T","R","$","R","B",null,"M","M","M","?","?","E","R","E","T","R","?","M","$","?","R","B",null],"character_chosen":"THE_SILENT","items_purchased":["Noxious Fumes","Backflip","Deflect+1","Caltrops+1","Panacea+1","Footwork+1","Frozen Eye","SkillPotion"],"campfire_rested":0,"item_purchase_floors":[4,4,11,21,21,31,47,47],"current_hp_per_floor":[59,59,59,59,41,41,41,40,40,30,30,35,35,35,35,7,55,55,55,55,55,54,54,53,35,35,34,34,34,34,34,34,28,40,31,23,35,35,35,22,22,22,22,22,17,28,28,28,28,28],"gold":2,"neow_bonus":"THREE_ENEMY_KILL","is_prod":false,"is_daily":false,"chose_seed":false,"campfire_upgraded":8,"win_rate":0,"timestamp":1551591678,"path_taken":["M","?","M","$","?","R","E","M","T","M","?","?","M","M","R","BOSS","M","M","?","$","M","R","E","?","T","?","?","?","R","$","R","BOSS","M","M","M","?","?","E","R","E","T","R","?","M","$","?","R","BOSS"],"build_version":"2019-01-23","purchased_purges":1,"victory":true,"max_hp_per_floor":[66,66,66,66,66,66,66,66,66,66,66,71,71,71,71,71,71,71,71,71,71,71,71,71,35,35,35,35,35,35,35,35,37,42,42,42,44,42,42,42,42,42,42,42,42,44,44,44,44,44],"card_choices":[{"not_picked":["Reflex","All Out Attack"],"picked":"Underhanded Strike","floor":1},{"not_picked":["Dagger Throw","Acrobatics"],"picked":"Blade Dance","floor":3},{"not_picked":["A Thousand Cuts","Storm of Steel+1"],"picked":"Backflip+1","floor":7},{"not_picked":["Masterful Stab","Dagger Throw","Riddle With Holes"],"picked":"SKIP","floor":8},{"not_picked":["Prepared+1","Bouncing Flask+1"],"picked":"Leg Sweep+1","floor":10},{"not_picked":["Die Die Die","Outmaneuver+1"],"picked":"Footwork+1","floor":13},{"not_picked":["Dagger Spray","Masterful Stab"],"picked":"PiercingWail+1","floor":14},{"not_picked":["Glass Knife","Night Terror+1"],"picked":"Corpse Explosion+1","floor":16},{"not_picked":["Dagger Spray","Terror+1"],"picked":"PiercingWail+1","floor":18},{"not_picked":["Backstab","Slice","Dagger Spray"],"picked":"SKIP","floor":19},{"not_picked":["Sucker Punch","Choke","Underhanded Strike"],"picked":"SKIP","floor":22},{"not_picked":["Acrobatics+1","Underhanded Strike"],"picked":"Cloak And Dagger+1","floor":24},{"not_picked":["Predator","Leg Sweep+1"],"picked":"Catalyst+1","floor":27},{"not_picked":["Burst+1","Unload","Glass Knife"],"picked":"Singing Bowl","floor":33},{"not_picked":["Leg Sweep+1","Slice"],"picked":"Cloak And Dagger+1","floor":34},{"not_picked":["PiercingWail+1","Distraction+1"],"picked":"Backflip+1","floor":35},{"not_picked":["Blade Dance+1","Dagger Spray"],"picked":"Backflip+1","floor":36},{"not_picked":["Poisoned Stab","PiercingWail+1","Calculated Gamble+1"],"picked":"Singing Bowl","floor":37},{"not_picked":["Backflip+1","All Out Attack"],"picked":"Tools of the Trade+1","floor":40},{"not_picked":["Bandage Up+1","Purity+1"],"picked":"Discovery+1","floor":45},{"not_picked":["Mind Blast","Jack Of All Trades+1"],"picked":"Panache+1","floor":45},{"not_picked":["Prepared+1","Dagger Spray","Predator"],"picked":"Singing Bowl","floor":46}],"player_experience":787700,"relics_obtained":[{"floor":7,"key":"Juzu Bracelet"},{"floor":9,"key":"Frozen Egg 2"},{"floor":24,"key":"Meat on the Bone"},{"floor":26,"key":"Art of War"},{"floor":27,"key":"Red Mask"},{"floor":29,"key":"Singing Bowl"},{"floor":40,"key":"Bag of Preparation"},{"floor":43,"key":"Potion Belt"}],"event_choices":[{"damage_healed":0,"gold_gain":0,"player_choice":"Leave","damage_taken":0,"max_hp_gain":0,"max_hp_loss":0,"event_name":"The Cleric","floor":2,"gold_loss":0},{"damage_healed":0,"gold_gain":0,"player_choice":"Success","damage_taken":18,"relics_obtained":["Toxic Egg 2"],"max_hp_gain":0,"max_hp_loss":0,"event_name":"Scrap Ooze","floor":5,"gold_loss":0},{"damage_healed":0,"gold_gain":0,"player_choice":"Got Potions","damage_taken":0,"max_hp_gain":0,"max_hp_loss":0,"event_name":"Lab","floor":12,"gold_loss":0},{"damage_healed":0,"gold_gain":0,"player_choice":"Ignored","damage_taken":0,"max_hp_gain":0,"max_hp_loss":0,"event_name":"Beggar","floor":20,"gold_loss":0},{"damage_healed":0,"gold_gain":0,"player_choice":"Became a Ghost","damage_taken":0,"max_hp_gain":0,"max_hp_loss":36,"event_name":"Ghosts","floor":25,"gold_loss":0,"cards_obtained":["Ghostly","Ghostly","Ghostly"]},{"damage_healed":0,"gold_gain":0,"player_choice":"Fought Bandits","damage_taken":0,"max_hp_gain":0,"max_hp_loss":0,"event_name":"Masked Bandits","floor":27,"gold_loss":0},{"damage_healed":0,"gold_gain":50,"player_choice":"Stole From Cult","damage_taken":0,"max_hp_gain":0,"max_hp_loss":0,"event_name":"Nest","floor":28,"gold_loss":0},{"damage_healed":0,"gold_gain":0,"player_choice":"Max HP","damage_taken":0,"max_hp_gain":0,"max_hp_loss":2,"event_name":"Winding Halls","floor":38,"gold_loss":0},{"cards_removed":["Neutralize"],"damage_healed":0,"gold_gain":0,"player_choice":"Removed Attack","damage_taken":0,"max_hp_gain":0,"max_hp_loss":0,"event_name":"Falling","floor":39,"gold_loss":0},{"damage_healed":0,"gold_gain":0,"player_choice":"Memory 2","damage_taken":5,"max_hp_gain":0,"max_hp_loss":0,"event_name":"SensoryStone","floor":45,"gold_loss":0},{"damage_healed":0,"gold_gain":0,"cards_transformed":["Strike_G"],"player_choice":"Transformed","damage_taken":0,"max_hp_gain":0,"max_hp_loss":0,"event_name":"Transmorgrifier","floor":48,"gold_loss":0,"cards_obtained":["Venomology"]}],"is_beta":false,"boss_relics":[{"not_picked":["Black Star","Lizard Tail"],"picked":"Coffee Dripper"},{"not_picked":["Fusion Hammer","HoveringKite"],"picked":"Tiny House"}],"items_purged_floors":[31],"is_endless":false,"potions_floor_spawned":[8,10,14,18,24,33,35],"ascension_level":15}