{"gold_per_floor":[116,116,116,7,82,82,114,114,114,142,142,92,123,136,136,237,237,248,248,148,167,184,184,210,210,210,235,246,256,266,92,92,194,194,214,224,224,244,244,272,289,316,365,400,410,420,220,220,220,220,220,220,126,154,154],"floor_reached":55,"playtime":2197,"items_purged":["Strike_R","Entrench","Reckless Charge","Strike_R"],"score":1090,"play_id":"7cca8c82-def2-497f-816c-06d143a9c751","local_time":"20190307203818","is_ascension_mode":true,"campfire_choices":[{"data":"Bash","floor":6,"key":"SMITH"},{"data":"Pommel Strike","floor":8,"key":"SMITH"},{"data":"Defend_R","floor":11,"key":"SMITH"},{"data":"Offering","floor":15,"key":"SMITH"},{"data":"Pommel Strike","floor":23,"key":"SMITH"},{"data":"Defend_R","floor":25,"key":"SMITH"},{"data":"Clothesline","floor":32,"key":"SMITH"},{"floor":49,"key":"RECALL"},{"data":"Dropkick","floor":52,"key":"SMITH"}],"neow_cost":"NONE","seed_source_timestamp":387091149272607,"circlet_count":0,"master_deck":["Strike_R","Defend_R+1","Bash+1","Pommel Strike+1","Dropkick","Dropkick+1","Offering+1","Pommel Strike+1","Clothesline","Flex"],"relics":["Burning Blood","NeowsBlessing","Charon\u0027s Ashes","Lantern","Paper Frog","Philosopher\u0027s Stone","Pen Nib","Darkstone Periapt","Vajra","Busted Crown","Bronze Scales","Singing Bowl","Self Forming Clay","Orichalcum"],"potions_floor_usage":[13,33,33,33,44,50,54,55,55],"damage_taken":[{"damage":0,"enemies":"Jaw Worm","floor":1,"turns":1},{"damage":0,"enemies":"Gremlin Nob","floor":7,"turns":1},{"damage":0,"enemies":"3 Sentries","floor":10,"turns":1},{"damage":18,"enemies":"Lagavulin","floor":13,"turns":5},{"damage":0,"enemies":"2 Louse","floor":14,"turns":3},{"damage":44,"enemies":"The Guardian","floor":16,"turns":8},{"damage":6,"enemies":"Shell Parasite","floor":18,"turns":1},{"damage":6,"enemies":"2 Thieves","floor":21,"turns":1},{"damage":16,"enemies":"Snake Plant","floor":22,"turns":2},{"damage":19,"enemies":"Slavers","floor":24,"turns":4},{"damage":6,"enemies":"Gremlin Leader","floor":27,"turns":1},{"damage":6,"enemies":"Snecko","floor":28,"turns":1},{"damage":6,"enemies":"Chosen and Byrds","floor":29,"turns":1},{"damage":18,"enemies":"Cultist and Chosen","floor":30,"turns":2},{"damage":6,"enemies":"Automaton","floor":33,"turns":1},{"damage":6,"enemies":"Orb Walker","floor":35,"turns":1},{"damage":6,"enemies":"3 Darklings","floor":36,"turns":2},{"damage":6,"enemies":"Jaw Worm Horde","floor":38,"turns":2},{"damage":6,"enemies":"Nemesis","floor":40,"turns":1},{"damage":6,"enemies":"Maw","floor":41,"turns":1},{"damage":6,"enemies":"Reptomancer","floor":42,"turns":1},{"damage":6,"enemies":"Giant Head","floor":44,"turns":1},{"damage":6,"enemies":"Spire Growth","floor":45,"turns":1},{"damage":6,"enemies":"Writhing Mass","floor":46,"turns":1},{"damage":6,"enemies":"Awakened One","floor":50,"turns":2},{"damage":23,"enemies":"Shield and Spear","floor":54,"turns":3},{"damage":108,"enemies":"The Heart","floor":55,"turns":5}],"seed_played":"4517261886997186994","potions_obtained":[{"floor":1,"key":"PowerPotion"},{"floor":14,"key":"Swift Potion"},{"floor":16,"key":"EssenceOfSteel"},{"floor":21,"key":"Block Potion"},{"floor":22,"key":"Energy Potion"},{"floor":27,"key":"AttackPotion"},{"floor":33,"key":"BloodPotion"},{"floor":36,"key":"Fire Potion"},{"floor":40,"key":"Energy Potion"},{"floor":44,"key":"FearPotion"},{"floor":54,"key":"SkillPotion"}],"is_trial":false,"path_per_floor":["M","$","?","$","?","R","E","R","T","E","R","?","E","M","R","B",null,"M","?","$","M","M","R","E","R","T","E","M","M","M","$","R","B",null,"M","M","?","M","$","E","M","E","T","E","M","M","$","?","R","B",null,"R","$","E","B"],"character_chosen":"IRONCLAD","items_purchased":["Dropkick","Energy Potion","Swift Potion","Swift Potion","Flex"],"campfire_rested":0,"item_purchase_floors":[4,31,47,53,53],"current_hp_per_floor":[80,80,80,80,69,69,75,75,75,80,80,80,68,74,74,36,80,80,80,80,80,70,70,57,57,57,57,57,57,45,45,45,45,80,80,80,80,80,80,80,80,82,82,84,86,88,88,88,88,88,88,88,88,73,0],"gold":154,"neow_bonus":"THREE_ENEMY_KILL","is_prod":false,"is_daily":false,"chose_seed":false,"campfire_upgraded":8,"win_rate":0,"timestamp":1551987498,"path_taken":["M","$","?","$","?","R","E","R","T","E","R","?","E","M","R","BOSS","M","?","$","M","M","R","E","R","T","E","M","M","M","$","R","BOSS","M","M","?","M","$","E","M","E","T","E","?","?","?","?","R","BOSS","R","$","E","BOSS"],"build_version":"2019-01-23","purchased_purges":4,"victory":false,"max_hp_per_floor":[80,80,80,80,80,80,80,80,80,80,80,80,80,80,80,80,80,80,80,80,80,80,80,80,80,80,80,80,80,80,80,80,80,80,80,80,80,80,80,80,80,82,82,84,86,88,88,88,88,88,88,88,88,90,90],"card_choices":[{"not_picked":["Entrench","Wild Strike"],"picked":"Pommel Strike","floor":1},{"not_picked":["Iron Wave","Body Slam","Twin Strike"],"picked":"SKIP","floor":7},{"not_picked":["Seeing Red","Sever Soul"],"picked":"Dropkick","floor":10},{"not_picked":["Battle Trance","Body Slam"],"picked":"Offering","floor":13},{"not_picked":["Heavy Blade","Flex","Anger"],"picked":"SKIP","floor":14},{"not_picked":["Flame Barrier","Cleave","Sword Boomerang"],"picked":"SKIP","floor":18},{"not_picked":["Body Slam+1","Shrug It Off","Rupture"],"picked":"SKIP","floor":21},{"not_picked":["Clothesline","Sword Boomerang"],"picked":"Pommel Strike","floor":22},{"not_picked":["Rampage","Headbutt","Hemokinesis"],"picked":"SKIP","floor":24},{"not_picked":["Metallicize","Battle Trance","Thunderclap+1"],"picked":"SKIP","floor":27},{"not_picked":["Perfected Strike","Clothesline+1","Flame Barrier"],"picked":"SKIP","floor":28},{"not_picked":["Flex","Rampage","Fire Breathing"],"picked":"SKIP","floor":29},{"not_picked":["Rage","Twin Strike","Inflame"],"picked":"SKIP","floor":30},{"not_picked":["Wild Strike+1"],"picked":"SKIP","floor":35},{"not_picked":["True Grit+1"],"picked":"SKIP","floor":36},{"not_picked":["Inflame"],"picked":"SKIP","floor":38},{"not_picked":["Clash+1"],"picked":"SKIP","floor":40},{"not_picked":["Clash+1"],"picked":"SKIP","floor":41},{"not_picked":["Whirlwind+1"],"picked":"Singing Bowl","floor":42},{"not_picked":["Heavy Blade"],"picked":"Singing Bowl","floor":44},{"not_picked":["Pommel Strike"],"picked":"Singing Bowl","floor":45},{"not_picked":["True Grit+1"],"picked":"Singing Bowl","floor":46},{"not_picked":["Combust"],"picked":"Singing Bowl","floor":54}],"player_experience":1084153,"relics_obtained":[{"floor":9,"key":"Charon\u0027s Ashes"},{"floor":10,"key":"Lantern"},{"floor":13,"key":"Paper Frog"},{"floor":24,"key":"Pen Nib"},{"floor":26,"key":"Darkstone Periapt"},{"floor":27,"key":"Vajra"},{"floor":40,"key":"Bronze Scales"},{"floor":42,"key":"Singing Bowl"},{"floor":44,"key":"Self Forming Clay"},{"floor":54,"key":"Orichalcum"}],"event_choices":[{"damage_healed":0,"gold_gain":0,"cards_transformed":["Defend_R"],"player_choice":"Change","damage_taken":0,"max_hp_gain":0,"max_hp_loss":0,"event_name":"Living Wall","floor":3,"gold_loss":0,"cards_obtained":["Reckless Charge"]},{"damage_healed":0,"gold_gain":75,"player_choice":"Gather Gold","damage_taken":11,"max_hp_gain":0,"max_hp_loss":0,"event_name":"World of Goop","floor":5,"gold_loss":0},{"cards_removed":["Strike_R"],"damage_healed":0,"gold_gain":0,"player_choice":"Card Removal","damage_taken":0,"max_hp_gain":0,"max_hp_loss":0,"event_name":"The Cleric","floor":12,"gold_loss":50},{"damage_healed":0,"gold_gain":0,"cards_transformed":["Strike_R","Defend_R"],"player_choice":"Became Test Subject","damage_taken":0,"max_hp_gain":0,"max_hp_loss":0,"event_name":"Drug Dealer","floor":19,"gold_loss":0,"cards_obtained":["Entrench","Clothesline"]},{"cards_removed":["Clothesline"],"damage_healed":0,"gold_gain":0,"player_choice":"Took Card","damage_taken":0,"max_hp_gain":0,"max_hp_loss":0,"event_name":"NoteForYourself","floor":37,"gold_loss":0,"cards_obtained":["Clothesline"]},{"cards_removed":["Defend_R"],"damage_healed":0,"gold_gain":0,"player_choice":"Removed Skill","damage_taken":0,"max_hp_gain":0,"max_hp_loss":0,"event_name":"Falling","floor":48,"gold_loss":0}],"is_beta":false,"boss_relics":[{"not_picked":["Runic Dome","White Beast Statue"],"picked":"Philosopher\u0027s Stone"},{"not_picked":["Velvet Choker","Black Blood"],"picked":"Busted Crown"}],"items_purged_floors":[4,20,31,47],"is_endless":false,"potions_floor_spawned":[1,14,16,21,22,27,33,36,40,44,45,54],"killed_by":"The Heart","ascension_level":1}