{"path_per_floor":["M","?","M","$","?","?","E","M","T","R","M","$","R","M","R","B",null,"M","?","M","$","M","R"],"character_chosen":"THE_SILENT","items_purchased":["Finesse"],"gold_per_floor":[118,118,133,58,58,58,92,105,131,131,144,144,144,159,159,257,257,269,269,282,183,202,202,202],"floor_reached":24,"campfire_rested":1,"playtime":1526,"current_hp_per_floor":[70,63,60,60,60,49,33,33,33,33,32,32,57,57,57,46,75,74,58,39,39,19,19,0],"items_purged":["Strike_G"],"gold":202,"score":245,"play_id":"39abb311-b9d0-4fc6-8219-97f22951efbe","local_time":"20180413215503","is_prod":false,"is_daily":false,"chose_seed":false,"is_ascension_mode":true,"campfire_upgraded":1,"timestamp":1523649303,"path_taken":["M","?","M","$","?","?","E","M","T","R","M","$","R","M","R","BOSS","M","?","M","$","M","R","E"],"build_version":"2018-04-12","seed_source_timestamp":136481734565096,"purchased_purges":1,"victory":false,"master_deck":["Defend_G","Defend_G","Defend_G","Strike_G","Strike_G","Survivor","Neutralize","Bouncing Flask+1","Well Laid Plans","Endless Agony","Cloak And Dagger","Escape Plan","Burst","Slice","Flechettes+1","Finesse","Backflip"],"max_hp_per_floor":[70,70,70,70,70,84,84,84,84,84,84,84,84,84,84,84,84,84,84,84,84,84,84,84],"relics":["Ring of the Snake","Mango","Peace Pipe","Omamori","Philosopher\u0027s Stone","Enchiridion"],"card_choices":[{"not_picked":["Terror","Quick Slash"],"picked":"Bouncing Flask","floor":1},{"not_picked":["Underhanded Strike","Crippling Poison"],"picked":"Well Laid Plans","floor":3},{"not_picked":["Bouncing Flask","Skewer"],"picked":"Cloak And Dagger","floor":8},{"not_picked":["Deadly Poison","Predator"],"picked":"Escape Plan","floor":11},{"not_picked":["Tactician","Storm of Steel"],"picked":"Burst","floor":16},{"not_picked":["Underhanded Strike","Well Laid Plans"],"picked":"Slice","floor":18},{"not_picked":["Dagger Throw","Underhanded Strike"],"picked":"Flechettes","floor":20},{"not_picked":["Accuracy","Choke"],"picked":"Backflip","floor":22}],"player_experience":238784,"potions_floor_usage":[7,7,16,24],"damage_taken":[{"damage":0,"enemies":"2 Louse","floor":1,"turns":4},{"damage":3,"enemies":"Small Slimes","floor":3,"turns":6},{"damage":16,"enemies":"Lagavulin","floor":7,"turns":6},{"damage":0,"enemies":"Cultist","floor":8,"turns":3},{"damage":1,"enemies":"3 Louse","floor":11,"turns":3},{"damage":0,"enemies":"Red Slaver","floor":14,"turns":3},{"damage":11,"enemies":"The Guardian","floor":16,"turns":10},{"damage":1,"enemies":"Chosen","floor":18,"turns":5},{"damage":19,"enemies":"2 Thieves","floor":20,"turns":4},{"damage":20,"enemies":"Cultist and Chosen","floor":22,"turns":7},{"damage":19,"enemies":"Gremlin Leader","floor":24,"turns":5}],"event_choices":[{"event_name":"Golden Wing","player_choice":"Card Removal","floor":2,"damage_taken":0},{"event_name":"Transmorgrifier","player_choice":"Transform","floor":5,"damage_taken":0},{"event_name":"Scrap Ooze","player_choice":"success","floor":6,"damage_taken":25},{"event_name":"Cursed Tome","player_choice":"Obtained Book","floor":19,"damage_taken":0}],"boss_relics":[{"not_picked":["Eternal Feather","Lizard Tail"],"picked":"Philosopher\u0027s Stone"}],"potions_floor_spawned":[1,3,11,20],"seed_played":"1012776502428515451","killed_by":"Gremlin Leader","ascension_level":5,"is_trial":false}