{"gold_per_floor":[119,138,151,151,169,169,134,161,161,161],"floor_reached":10,"playtime":410,"items_purged":[],"score":109,"play_id":"1697bc6f-91ee-4e5a-9e02-53414c717521","local_time":"20190301101635","is_ascension_mode":true,"campfire_choices":[{"data":"Dual Wield","floor":6,"key":"SMITH"}],"neow_cost":"NONE","seed_source_timestamp":737105553440571,"circlet_count":0,"master_deck":["AscendersBane","Strike_R","Strike_R","Strike_R","Strike_R","Strike_R","Defend_R","Defend_R","Defend_R","Defend_R","Bash","Whirlwind","Clothesline","Perfected Strike","Dual Wield+1","Shrug It Off+1"],"relics":["Burning Blood","Frozen Egg 2","Toxic Egg 2","Kunai"],"potions_floor_usage":[8],"damage_taken":[{"damage":14,"enemies":"Small Slimes","floor":1,"turns":5},{"damage":3,"enemies":"Jaw Worm","floor":2,"turns":5},{"damage":14,"enemies":"2 Louse","floor":3,"turns":3},{"damage":9,"enemies":"Blue Slaver","floor":5,"turns":5},{"damage":49,"enemies":"Lagavulin","floor":8,"turns":7},{"damage":42,"enemies":"3 Sentries","floor":10,"turns":9}],"seed_played":"4246053335350186468","potions_obtained":[{"floor":3,"key":"Poison Potion"}],"is_trial":false,"path_per_floor":["M","M","M","?","M","R","?","E","T","E"],"character_chosen":"IRONCLAD","items_purchased":[],"campfire_rested":0,"item_purchase_floors":[],"current_hp_per_floor":[72,75,67,60,57,57,79,36,36,0],"gold":161,"neow_bonus":"TEN_PERCENT_HP_BONUS","is_prod":false,"is_daily":false,"chose_seed":false,"campfire_upgraded":1,"win_rate":0,"timestamp":1551453395,"path_taken":["M","M","M","?","M","R","?","E","T","E"],"build_version":"2019-01-23","purchased_purges":0,"victory":false,"max_hp_per_floor":[88,88,88,88,88,88,88,88,88,88],"card_choices":[{"not_picked":["Clash","Cleave"],"picked":"Whirlwind","floor":1},{"not_picked":["Armaments","Iron Wave"],"picked":"Clothesline","floor":2},{"not_picked":["Burning Pact","Havoc"],"picked":"Perfected Strike","floor":3},{"not_picked":["Headbutt","Blood for Blood"],"picked":"Dual Wield","floor":5},{"not_picked":["Combust+1","Warcry"],"picked":"Shrug It Off","floor":8}],"player_experience":731843,"relics_obtained":[{"floor":8,"key":"Toxic Egg 2"},{"floor":9,"key":"Kunai"}],"event_choices":[{"damage_healed":0,"gold_gain":0,"player_choice":"Success","damage_taken":7,"relics_obtained":["Frozen Egg 2"],"max_hp_gain":0,"max_hp_loss":0,"event_name":"Scrap Ooze","floor":4,"gold_loss":0},{"damage_healed":22,"gold_gain":0,"player_choice":"Healed","damage_taken":0,"max_hp_gain":0,"max_hp_loss":0,"event_name":"The Cleric","floor":7,"gold_loss":35}],"is_beta":false,"boss_relics":[],"items_purged_floors":[],"is_endless":false,"potions_floor_spawned":[3],"killed_by":"3 Sentries","ascension_level":12}