{"path_per_floor":["M","?","M","M","M","E","R","M","T","R","M","M","M","M","R","B",null,"M","M","$","?","M","?","R","M","T","R","?","$","R","M","R","B",null,"M","?","?","$","?","R","T","M","T","M"],"character_chosen":"IRONCLAD","items_purchased":["Kunai","Shrug It Off","Regen Potion","Regen Potion"],"gold_per_floor":[116,66,86,104,123,148,148,165,165,165,183,201,221,239,239,342,342,359,373,15,15,33,33,33,49,72,72,72,22,22,39,39,142,142,155,155,155,3,0,0,0,11,11,29],"floor_reached":45,"campfire_rested":1,"playtime":3946,"current_hp_per_floor":[78,78,74,74,74,38,38,37,37,61,61,61,49,48,48,17,80,73,73,73,57,57,57,65,43,43,51,51,51,59,37,47,46,80,43,43,43,43,43,53,53,47,47,7],"items_purged":["Strike_R","Decay"],"gold":29,"play_id":"714471ad-0781-4c61-90fd-0502eb32c0b2","is_prod":false,"is_daily":false,"is_ascension_mode":false,"campfire_upgraded":7,"path_taken":["M","?","M","M","M","E","R","M","T","R","?","M","M","M","R","BOSS","M","M","$","?","M","?","R","M","T","R","?","$","R","M","R","BOSS","M","?","?","$","?","R","?","M","T","M","M"],"build_version":"2018-01-23-BETA1","purchased_purges":2,"victory":false,"master_deck":["Strike_R","Strike_R","Strike_R","Defend_R","Defend_R","Defend_R","Bash","Evolve","Thunderclap","Wild Strike","Dropkick","Wild Strike","Armaments","Feel No Pain","True Grit","Barricade","Rampage","Headbutt","Shrug It Off","Necronomicurse","Metallicize","True Grit","Battle Trance","Wild Strike","Dark Embrace","Doubt","Burning Pact","Havoc"],"max_hp_per_floor":[80,80,80,80,80,80,80,80,80,80,80,80,80,80,80,80,80,80,80,80,80,80,80,80,80,80,80,80,80,80,80,80,80,80,80,80,80,80,80,80,80,80,80,80],"relics":["Velvet Choker","Torii","Bottled Lightning","Eternal Feather","Kunai","Necronomicon","Anchor","Calling Bell","Ancient Tea Set","Paper Frog","Girya","Red Mask","Unceasing Top","Molten Egg"],"card_choices":[{"not_picked":["Wild Strike","Shrug It Off"],"picked":"Evolve"},{"not_picked":["Dropkick","Havoc"],"picked":"Thunderclap"},{"not_picked":["Warcry","Sever Soul"],"picked":"Wild Strike"},{"not_picked":["Heavy Blade","Clash"],"picked":"Dropkick"},{"not_picked":["Thunderclap","Sever Soul"],"picked":"Wild Strike"},{"not_picked":["Anger","Metallicize"],"picked":"Armaments"},{"not_picked":["Armaments","Warcry"],"picked":"Feel No Pain"},{"not_picked":["Inflame","Dual Wield"],"picked":"True Grit"},{"not_picked":["Bludgeon","Berserk"],"picked":"Barricade"},{"not_picked":["Corruption","Blood for Blood"],"picked":"Rampage"},{"not_picked":["Corruption","Sever Soul"],"picked":"Headbutt"},{"not_picked":["Havoc","Body Slam"],"picked":"Metallicize"},{"not_picked":["Disarm","Sentinel"],"picked":"True Grit"},{"not_picked":["Cleave","Pummel"],"picked":"Wild Strike"},{"not_picked":["Reaper","Berserk"],"picked":"Dark Embrace"},{"not_picked":["Hemokinesis","Armaments"],"picked":"Burning Pact"},{"not_picked":["Uppercut","Flex"],"picked":"Havoc"}],"player_experience":15671,"potions_floor_usage":[6,19,31,35,42,45],"damage_taken":[{"damage":2,"enemies":"Jaw Worm","floor":1,"turns":4},{"damage":4,"enemies":"Blue Slaver","floor":3,"turns":5},{"damage":0,"enemies":"Cultist","floor":4,"turns":3},{"damage":0,"enemies":"Exordium Wildlife","floor":5,"turns":3},{"damage":36,"enemies":"Lagavulin","floor":6,"turns":5},{"damage":1,"enemies":"Large Slime","floor":8,"turns":5},{"damage":0,"enemies":"2 Fungi Beasts","floor":11,"turns":3},{"damage":0,"enemies":"Looter","floor":12,"turns":3},{"damage":12,"enemies":"Exordium Thugs","floor":13,"turns":5},{"damage":1,"enemies":"Red Slaver","floor":14,"turns":2},{"damage":31,"enemies":"The Guardian","floor":16,"turns":10},{"damage":7,"enemies":"Shell Parasite","floor":18,"turns":7},{"damage":0,"enemies":"Chosen","floor":19,"turns":6},{"damage":0,"enemies":"Snecko","floor":22,"turns":5},{"damage":22,"enemies":"3 Cultists","floor":25,"turns":7},{"damage":37,"enemies":"Slaver and Parasite","floor":31,"turns":11},{"damage":1,"enemies":"Automaton","floor":33,"turns":14},{"damage":52,"enemies":"Flame Bruiser 1 Orb","floor":35,"turns":13},{"damage":21,"enemies":"3 Darklings","floor":42,"turns":9},{"damage":40,"enemies":"Sphere and 2 Shapes","floor":44,"turns":9},{"damage":13,"enemies":"Flame Bruiser 2 Orb","floor":45,"turns":2}],"event_choices":[{"event_name":"The Cleric","player_choice":"Card Removal","floor":2,"damage_taken":0},{"event_name":"Cursed Tome","player_choice":"Obtained Book","floor":21,"damage_taken":0},{"event_name":"Drug Dealer","player_choice":"Ignored","floor":23,"damage_taken":0},{"event_name":"The Library","player_choice":"Read","floor":28,"damage_taken":0},{"event_name":"Purifier","player_choice":"One Purge","floor":36,"damage_taken":0},{"event_name":"Tomb of Lord Red Mask","player_choice":"Paid","floor":39,"damage_taken":0}],"boss_relics":[{"not_picked":["Sozu","Runic Cube"],"picked":"Eternal Feather"},{"not_picked":["Black Star","Lizard Tail"],"picked":"Calling Bell"}],"potions_floor_spawned":[3,4,6,11,18,33,44],"seed_played":"470437991882334110","killed_by":"Flame Bruiser 2 Orb","ascension_level":0,"is_trial":false}