{"gold_per_floor":[117,136,153,167,179,208,220,247,272,303,303,303,315,240,240,345,345,356,371,371,382,382,382,416,416,416,434,502,528,543,571,571,669,669,688,688,700,700,714,744,744,744],"floor_reached":42,"playtime":3793,"items_purged":["Strike_B"],"score":642,"play_id":"b8c891f5-a169-4ea7-9af6-ecd75787dcc8","local_time":"20181016214347","is_ascension_mode":true,"campfire_choices":[{"floor":12,"key":"REST"},{"data":"Genetic Algorithm","floor":15,"key":"SMITH"},{"data":"Seek","floor":23,"key":"SMITH"},{"data":"Electrodynamics","floor":25,"key":"SMITH"},{"data":"Blizzard","floor":32,"key":"SMITH"},{"data":"Glacier","floor":41,"key":"SMITH"}],"neow_cost":"","seed_source_timestamp":523566969489799,"circlet_count":0,"master_deck":["Strike_B","Strike_B","Defend_B","Defend_B","Defend_B+1","Defend_B","Zap","Dualcast","Barrage","FTL","Coolheaded","Cold Snap","Cold Snap","Reboot","Defragment+1","Genetic Algorithm+1","Seek+1","Conserve Battery+1","Self Repair+1","Ball Lightning","Glacier+1","Electrodynamics+1","Ball Lightning+1","Blizzard+1","Core Surge","Flash of Steel","Conserve Battery"],"relics":["Cracked Core","Blood Vial","Ornamental Fan","Lantern","Oddly Smooth Stone","Velvet Choker","War Paint","Question Card","Pantograph","Regal Pillow","Peace Pipe","White Beast Statue","Potion Belt"],"potions_floor_usage":[8,8,16,16,24,24,39,40,40,42,42],"damage_taken":[{"damage":3,"enemies":"2 Louse","floor":1,"turns":2},{"damage":12,"enemies":"Jaw Worm","floor":2,"turns":3},{"damage":1,"enemies":"Cultist","floor":3,"turns":3},{"damage":4,"enemies":"Red Slaver","floor":4,"turns":3},{"damage":7,"enemies":"2 Fungi Beasts","floor":5,"turns":4},{"damage":18,"enemies":"3 Sentries","floor":6,"turns":9},{"damage":5,"enemies":"Blue Slaver","floor":7,"turns":4},{"damage":11,"enemies":"Lagavulin","floor":8,"turns":4},{"damage":12,"enemies":"3 Sentries","floor":10,"turns":9},{"damage":0,"enemies":"Large Slime","floor":13,"turns":5},{"damage":17,"enemies":"Slime Boss","floor":16,"turns":16},{"damage":3,"enemies":"Spheric Guardian","floor":18,"turns":4},{"damage":6,"enemies":"2 Thieves","floor":19,"turns":5},{"damage":11,"enemies":"Centurion and Healer","floor":21,"turns":7},{"damage":4,"enemies":"Slavers","floor":24,"turns":7},{"damage":14,"enemies":"Sentry and Sphere","floor":27,"turns":6},{"damage":0,"enemies":"Gremlin Leader","floor":29,"turns":5},{"damage":13,"enemies":"Snecko","floor":30,"turns":5},{"damage":16,"enemies":"Slavers","floor":31,"turns":5},{"damage":61,"enemies":"Collector","floor":33,"turns":8},{"damage":7,"enemies":"3 Shapes","floor":35,"turns":5},{"damage":3,"enemies":"Orb Walker","floor":37,"turns":3},{"damage":0,"enemies":"Transient","floor":39,"turns":5},{"damage":30,"enemies":"Nemesis","floor":40,"turns":9},{"damage":88,"enemies":"Giant Head","floor":42,"turns":9}],"seed_played":"4323445439122169728","potions_obtained":[{"floor":1,"key":"SpeedPotion"},{"floor":5,"key":"Poison Potion"},{"floor":7,"key":"AttackPotion"},{"floor":8,"key":"FocusPotion"},{"floor":16,"key":"Poison Potion"},{"floor":21,"key":"Fire Potion"},{"floor":29,"key":"SpeedPotion"},{"floor":33,"key":"GamblersBrew"},{"floor":35,"key":"SpeedPotion"},{"floor":37,"key":"FocusPotion"},{"floor":39,"key":"SpeedPotion"},{"floor":40,"key":"SpeedPotion"}],"is_trial":false,"path_per_floor":["M","M","M","M","M","E","M","E","T","E","?","R","M","$","R","B",null,"M","M","?","M","?","R","E","R","T","M","T","E","M","E","R","B",null,"M","?","M","?","M","E","R"],"character_chosen":"DEFECT","items_purchased":[],"campfire_rested":1,"item_purchase_floors":[],"current_hp_per_floor":[72,60,59,55,48,30,27,18,18,8,8,30,32,32,32,17,75,72,68,68,59,59,59,67,67,67,65,65,75,72,68,68,24,75,75,75,75,75,75,55,55,0],"gold":744,"neow_bonus":"","is_prod":false,"is_daily":false,"chose_seed":false,"campfire_upgraded":5,"win_rate":0,"timestamp":1539744227,"path_taken":["M","M","M","M","M","E","M","E","T","E","?","R","?","$","R","BOSS","M","M","?","M","?","R","E","R","T","M","?","E","M","E","R","BOSS","M","?","M","?","M","E","R","E"],"build_version":"2018-10-11","purchased_purges":1,"victory":false,"max_hp_per_floor":[75,75,75,75,75,75,75,75,75,75,75,75,75,75,75,75,75,75,75,75,75,75,75,75,75,75,75,75,75,75,75,75,75,75,75,75,75,75,75,75,75,75],"card_choices":[{"not_picked":["Capacitor","Rebound"],"picked":"Barrage","floor":1},{"not_picked":["Stack","Sweeping Beam"],"picked":"FTL","floor":2},{"not_picked":["Compile Driver","Leap"],"picked":"Coolheaded","floor":3},{"not_picked":["Auto Shields","Steam Power"],"picked":"Cold Snap","floor":4},{"not_picked":["Steam","Sweeping Beam"],"picked":"Cold Snap","floor":5},{"not_picked":["Sweeping Beam","Fusion","Darkness"],"picked":"SKIP","floor":6},{"not_picked":["Chaos","Steam"],"picked":"Reboot","floor":7},{"not_picked":["Gash","Go for the Eyes"],"picked":"Defragment","floor":8},{"not_picked":["Rebound","Redo"],"picked":"Hologram","floor":10},{"not_picked":["Steam Power","Sweeping Beam"],"picked":"Genetic Algorithm","floor":13},{"not_picked":["Buffer","Rainbow"],"picked":"Seek","floor":16},{"not_picked":["Scrape","Rip and Tear"],"picked":"Conserve Battery+1","floor":18},{"not_picked":["Turbo","Stack"],"picked":"Self Repair+1","floor":19},{"not_picked":["Conserve Battery","Leap"],"picked":"Glacier","floor":21},{"not_picked":["Blizzard","Undo+1"],"picked":"Electrodynamics","floor":24},{"not_picked":["Defragment","Storm","Steam"],"picked":"Ball Lightning+1","floor":27},{"not_picked":["Melter","Scrape","Reinforced Body","Sunder"],"picked":"SKIP","floor":29},{"not_picked":["Barrage","Turbo","Hologram+1","Ball Lightning"],"picked":"SKIP","floor":30},{"not_picked":["Ball Lightning+1","Streamline","Skim"],"picked":"Blizzard","floor":31},{"not_picked":["Hyperbeam","Fission","Seek"],"picked":"Core Surge","floor":33},{"not_picked":["Reprogram","Fusion","Redo+1","White Noise"],"picked":"SKIP","floor":35},{"not_picked":["Storm","Skim+1","Leap+1","Beam Cell+1"],"picked":"SKIP","floor":37},{"not_picked":["Dramatic Entrance","Trip","Sadistic Nature"],"picked":"Flash of Steel","floor":38},{"not_picked":["Leap+1","Capacitor","Blizzard","Gash"],"picked":"SKIP","floor":39},{"not_picked":["Stack+1","Redo","Doom and Gloom+1"],"picked":"Conserve Battery","floor":40}],"player_experience":119479,"relics_obtained":[{"floor":6,"key":"Blood Vial"},{"floor":8,"key":"Ornamental Fan"},{"floor":9,"key":"Lantern"},{"floor":10,"key":"Oddly Smooth Stone"},{"floor":24,"key":"War Paint"},{"floor":26,"key":"Question Card"},{"floor":28,"key":"Pantograph"},{"floor":29,"key":"Regal Pillow"},{"floor":31,"key":"Peace Pipe"},{"floor":40,"key":"Potion Belt"}],"event_choices":[{"event_name":"Living Wall","player_choice":"Forget","floor":11,"damage_taken":0},{"event_name":"The Library","player_choice":"Read","floor":20,"damage_taken":0},{"event_name":"Upgrade Shrine","player_choice":"Upgraded","floor":22,"damage_taken":0},{"event_name":"Falling","player_choice":"Removed Skill","floor":36,"damage_taken":0},{"event_name":"SensoryStone","player_choice":"Memory 1","floor":38,"damage_taken":0}],"is_beta":false,"boss_relics":[{"not_picked":["Tiny House","Calling Bell"],"picked":"Velvet Choker"},{"not_picked":["Runic Dome","Inserter"],"picked":"White Beast Statue"}],"items_purged_floors":[14],"is_endless":false,"potions_floor_spawned":[1,5,7,8,16,21,29,33,35,37,39,40],"killed_by":"Giant Head","ascension_level":4}