{"path_per_floor":["M","M","?","M","M","R","E","R","T","R","M","$","?","M","R"],"character_chosen":"IRONCLAD","items_purchased":["Shuriken"],"gold_per_floor":[209,222,222,235,248,248,278,278,278,278,294,45,220,235,235,235],"floor_reached":16,"campfire_rested":0,"playtime":711,"current_hp_per_floor":[80,74,74,74,66,66,54,54,54,54,42,42,42,47,47,0],"items_purged":[],"gold":235,"score":117,"play_id":"7d9676b5-d593-415e-9177-229697757359","local_time":"20180502045947","is_prod":false,"is_daily":false,"chose_seed":false,"is_ascension_mode":true,"campfire_upgraded":4,"timestamp":1525251587,"path_taken":["M","?","?","M","M","R","E","R","T","R","M","$","?","M","R","BOSS"],"build_version":"2018-04-28v2","seed_source_timestamp":23695898183780,"purchased_purges":0,"victory":false,"master_deck":["Strike_R","Strike_R","Strike_R","Strike_R","Strike_R","Defend_R","Defend_R","Defend_R","Defend_R","Bash","Thunderclap+1","Clothesline","Dramatic Entrance","Perfected Strike+1","Barricade+1","Shrug It Off+1","Doubt","Second Wind"],"max_hp_per_floor":[80,80,80,80,80,80,80,80,80,80,80,80,80,80,80,80],"relics":["Burning Blood","Art of War","Shuriken"],"card_choices":[{"not_picked":["Seeing Red","Anger"],"picked":"Thunderclap","floor":1},{"not_picked":["Anger","Armaments"],"picked":"Clothesline","floor":2},{"not_picked":["Sever Soul","Sentinel"],"picked":"Perfected Strike","floor":4},{"not_picked":["Thunderclap","Flame Barrier"],"picked":"Barricade","floor":7},{"not_picked":["Combust","Searing Blow"],"picked":"Shrug It Off","floor":11},{"not_picked":["Sword Boomerang","Seeing Red"],"picked":"Second Wind","floor":14}],"player_experience":353108,"potions_floor_usage":[14,14,14],"damage_taken":[{"damage":6,"enemies":"Cultist","floor":1,"turns":3},{"damage":12,"enemies":"Jaw Worm","floor":2,"turns":3},{"damage":6,"enemies":"2 Louse","floor":4,"turns":2},{"damage":14,"enemies":"Exordium Wildlife","floor":5,"turns":4},{"damage":18,"enemies":"Gremlin Nob","floor":7,"turns":4},{"damage":18,"enemies":"Exordium Thugs","floor":11,"turns":3},{"damage":1,"enemies":"Large Slime","floor":14,"turns":5},{"damage":48,"enemies":"The Guardian","floor":16,"turns":6}],"event_choices":[{"event_name":"Match and Keep!","player_choice":"1 cards matched","floor":3,"damage_taken":0},{"event_name":"Liars Game","player_choice":"agreed","floor":13,"damage_taken":0}],"boss_relics":[],"potions_floor_spawned":[1,7,11],"seed_played":"-3658030172092529713","killed_by":"The Guardian","ascension_level":3,"is_trial":false}