{"gold_per_floor":[112,129,15,115,126,126,141,175,229,229,249,283,283,295,295,396,396,413,413,429,429,448,448,448,474,474,474,16,16,41,54,54,156,156,173,173,143,162,177,177,207,219,219,0,0,0,14,29,29,29],"floor_reached":51,"playtime":8197,"items_purged":[],"score":702,"play_id":"fc009622-8983-415f-a46b-b4bfc0e75cee","local_time":"20190203105616","is_ascension_mode":false,"campfire_choices":[{"data":"Self Repair","floor":6.0,"key":"SMITH"},{"floor":10.0,"key":"REST"},{"data":"Machine Learning","floor":15.0,"key":"SMITH"},{"floor":23,"key":"REST"},{"floor":27,"key":"REST"},{"floor":32,"key":"REST"},{"floor":40,"key":"REST"},{"floor":46,"key":"REST"},{"floor":49,"key":"REST"}],"neow_cost":"NONE","seed_source_timestamp":0,"circlet_count":0,"master_deck":["Strike_B+1","Strike_B+1","Strike_B+1","Strike_B+1","Defend_B+1","Defend_B+1","Defend_B+1","Defend_B+1","Zap","Dualcast","Self Repair+1","Streamline","Panacea","Coolheaded","Streamline","Coolheaded","Machine Learning+1","Cold Snap","Conserve Battery","Darkness","Machine Learning","Stack","Defragment","RitualDagger","Coolheaded","Redo","Multi-Cast","Loop","Thunder Strike","Auto Shields","Thunder Strike","Tempest","Thinking Ahead","Impatience","Turbo+1","Stack","Streamline+1","Parasite","Buffer","Stack+1","Barrage+1"],"special_seed":0,"relics":["Snecko Eye","Happy Flower","Tiny Chest","Centennial Puzzle","Kunai","Fusion Hammer","Bronze Scales","Anchor","Bottled Tornado","Ice Cream","Bottled Lightning","Inserter","Thread and Needle","Singing Bowl","Red Mask"],"potions_floor_usage":[18,20,31,33,38,39,41,41,50,50],"damage_taken":[{"damage":10.0,"enemies":"Jaw Worm","floor":1.0,"turns":5.0},{"damage":8.0,"enemies":"Cultist","floor":2.0,"turns":5.0},{"damage":6.0,"enemies":"2 Louse","floor":5.0,"turns":2.0},{"damage":11.0,"enemies":"Large Slime","floor":7.0,"turns":6.0},{"damage":33.0,"enemies":"Gremlin Nob","floor":8.0,"turns":5.0},{"damage":4.0,"enemies":"Blue Slaver","floor":11.0,"turns":3.0},{"damage":9.0,"enemies":"Lagavulin","floor":12.0,"turns":6.0},{"damage":22.0,"enemies":"3 Louse","floor":14.0,"turns":3.0},{"damage":18.0,"enemies":"Slime Boss","floor":16.0,"turns":9.0},{"damage":10,"enemies":"3 Byrds","floor":18,"turns":6},{"damage":0,"enemies":"Shell Parasite","floor":20,"turns":4},{"damage":5,"enemies":"Chosen and Byrds","floor":22,"turns":5},{"damage":21,"enemies":"Book of Stabbing","floor":25,"turns":6},{"damage":17,"enemies":"Slavers","floor":30,"turns":5},{"damage":3,"enemies":"Centurion and Healer","floor":31,"turns":6},{"damage":4,"enemies":"Champ","floor":33,"turns":7},{"damage":0,"enemies":"3 Shapes","floor":35,"turns":10},{"damage":15,"enemies":"Orb Walker","floor":38,"turns":4},{"damage":14,"enemies":"Transient","floor":39,"turns":5},{"damage":27,"enemies":"Reptomancer","floor":41,"turns":5},{"damage":16,"enemies":"Writhing Mass","floor":42,"turns":5},{"damage":7,"enemies":"Sphere and 2 Shapes","floor":47,"turns":5},{"damage":0,"enemies":"3 Darklings","floor":48,"turns":5},{"damage":55,"enemies":"Awakened One","floor":50,"turns":15}],"seed_played":"-7360874853040211293","potions_obtained":[{"floor":2.0,"key":"SpeedPotion"},{"floor":14.0,"key":"Energy Potion"},{"floor":16.0,"key":"EssenceOfSteel"},{"floor":20,"key":"GamblersBrew"},{"floor":30,"key":"AttackPotion"},{"floor":37,"key":"LiquidBronze"},{"floor":37,"key":"FairyPotion"},{"floor":38,"key":"Swift Potion"},{"floor":39,"key":"Swift Potion"},{"floor":42,"key":"Block Potion"},{"floor":47,"key":"Regen Potion"}],"is_trial":false,"path_per_floor":["M","M","$","?","M","R","M","E","T","R","M","E","T","M","R","B",null,"M","?","M","?","M","R","T","E","T","R","$","?","E","M","R","B",null,"M","?","?","M","M","R","E","M","T","?","$","R","M","M","R","B",null],"character_chosen":"DEFECT","items_purchased":["Panacea","Coolheaded","Ice Cream","Multi-Cast","Loop"],"campfire_rested":7,"item_purchase_floors":[3,3,28,28,28],"current_hp_per_floor":[65,64,64,64,65,65,64,41,41,63,69,70,70,58,58,40,75,75,75,75,69,74,75,75,64,64,75,75,75,68,75,75,75,75,75,70,70,65,51,73,56,50,50,50,50,72,75,75,75,44],"gold":29,"neow_bonus":"BOSS_RELIC","is_prod":false,"is_daily":false,"chose_seed":false,"campfire_upgraded":2,"win_rate":0,"timestamp":1549220176,"path_taken":["M","M","$","?","?","R","M","E","T","R","M","E","?","M","R","BOSS","M","?","M","?","M","R","?","E","T","R","$","?","E","M","R","BOSS","M","?","?","?","M","R","E","M","T","?","$","R","M","M","R","BOSS"],"build_version":"2019-01-23","purchased_purges":0,"victory":true,"max_hp_per_floor":[75,75,75,75,75,75,75,75,75,75,75,75,75,75,75,75,75,75,75,75,75,75,75,75,75,75,75,75,75,75,75,75,75,75,75,75,75,75,75,75,75,75,75,75,75,75,75,75,75,75],"card_choices":[{"not_picked":["Compile Driver","Tempest"],"picked":"Self Repair","floor":1.0},{"not_picked":["Leap","Conserve Battery"],"picked":"Streamline","floor":2.0},{"not_picked":["Leap","Rebound"],"picked":"Streamline","floor":5.0},{"not_picked":["Cold Snap","Streamline"],"picked":"Coolheaded","floor":7.0},{"not_picked":["Sweeping Beam","Rip and Tear"],"picked":"Machine Learning","floor":8.0},{"not_picked":["Sweeping Beam","Turbo"],"picked":"Cold Snap","floor":11.0},{"not_picked":["Steam","Turbo"],"picked":"Conserve Battery","floor":12.0},{"not_picked":["Glacier","Cold Snap"],"picked":"Darkness","floor":14.0},{"not_picked":["Biased Cognition","Multi-Cast"],"picked":"Machine Learning","floor":16.0},{"not_picked":["Coolheaded","Reprogram"],"picked":"Stack","floor":18},{"not_picked":["Blizzard","Hologram"],"picked":"Defragment","floor":20},{"not_picked":["Conserve Battery","Gash"],"picked":"Coolheaded","floor":22},{"not_picked":["Hologram","Steam"],"picked":"Redo","floor":25},{"not_picked":["Static Discharge+1","Lockon+1"],"picked":"Thunder Strike","floor":30},{"not_picked":["Barrage+1","Consume+1"],"picked":"Auto Shields","floor":31},{"not_picked":["Seek","Reboot"],"picked":"Thunder Strike","floor":33},{"not_picked":["Turbo","Defragment"],"picked":"Tempest","floor":35},{"not_picked":["Blind","Good Instincts"],"picked":"Thinking Ahead","floor":36},{"not_picked":["Forethought","Flash of Steel"],"picked":"Impatience","floor":36},{"not_picked":["Genetic Algorithm","Go for the Eyes"],"picked":"Turbo+1","floor":38},{"not_picked":["Coolheaded+1","Redo"],"picked":"Stack","floor":39},{"not_picked":["Hologram+1","Leap"],"picked":"Streamline+1","floor":41},{"not_picked":["Chaos+1","Aggregate+1"],"picked":"Buffer","floor":42},{"not_picked":["Aggregate+1","Streamline"],"picked":"Stack+1","floor":47},{"not_picked":["Heatsinks+1","Turbo"],"picked":"Barrage+1","floor":48}],"player_experience":125741,"relics_obtained":[{"floor":8.0,"key":"Happy Flower"},{"floor":9.0,"key":"Tiny Chest"},{"floor":12.0,"key":"Centennial Puzzle"},{"floor":13.0,"key":"Kunai"},{"floor":24,"key":"Bronze Scales"},{"floor":25,"key":"Anchor"},{"floor":26,"key":"Bottled Tornado"},{"floor":30,"key":"Bottled Lightning"},{"floor":41,"key":"Thread and Needle"},{"floor":43,"key":"Singing Bowl"}],"event_choices":[{"damage_healed":0.0,"max_hp_gain":0.0,"max_hp_loss":0.0,"gold_gain":100.0,"event_name":"Golden Shrine","player_choice":"Pray","floor":4.0,"gold_loss":0.0,"damage_taken":0.0},{"damage_healed":0,"gold_gain":0,"player_choice":"Simplicity","damage_taken":0,"max_hp_gain":0,"max_hp_loss":0,"event_name":"Back to Basics","floor":19,"gold_loss":0,"cards_upgraded":["Strike_B","Strike_B","Strike_B","Strike_B","Defend_B","Defend_B","Defend_B","Defend_B"]},{"damage_healed":0,"gold_gain":0,"player_choice":"Joined the Cult","damage_taken":6,"max_hp_gain":0,"max_hp_loss":0,"event_name":"Nest","floor":21,"gold_loss":0,"cards_obtained":["RitualDagger"]},{"damage_healed":0,"gold_gain":0,"player_choice":"Ignored","damage_taken":0,"max_hp_gain":0,"max_hp_loss":0,"event_name":"Vampires","floor":29,"gold_loss":0},{"damage_healed":0,"gold_gain":0,"player_choice":"Memory 2","damage_taken":5,"max_hp_gain":0,"max_hp_loss":0,"event_name":"SensoryStone","floor":36,"gold_loss":0},{"damage_healed":0,"gold_gain":0,"player_choice":"Bought 2 Potions","damage_taken":0,"max_hp_gain":0,"max_hp_loss":0,"event_name":"The Woman in Blue","floor":37,"gold_loss":0},{"damage_healed":0,"gold_gain":0,"player_choice":"Paid","damage_taken":0,"relics_obtained":["Red Mask"],"max_hp_gain":0,"max_hp_loss":0,"event_name":"Tomb of Lord Red Mask","floor":44,"gold_loss":219}],"is_beta":false,"boss_relics":[{"not_picked":["Cursed Key","Runic Dome"],"picked":"Fusion Hammer"},{"not_picked":["White Beast Statue","Black Star"],"picked":"Inserter"}],"items_purged_floors":[],"is_endless":false,"potions_floor_spawned":[2,14,16,20,30,38,39,42,47],"ascension_level":0}