{"path_per_floor":["M","$","?","M","M","R","M","M","T","R","E","$","M","M","R","B",null,"M","M","?","M","?","R","E","R","T","?"],"character_chosen":"IRONCLAD","items_purchased":["Juzu Bracelet","Metallicize"],"gold_per_floor":[215,72,72,89,105,105,124,135,162,162,224,68,79,93,93,191,191,207,225,140,151,51,51,86,86,160,110],"floor_reached":28,"campfire_rested":0,"playtime":2311,"current_hp_per_floor":[80,80,80,76,80,80,77,74,74,74,46,46,43,41,41,24,80,64,42,42,39,39,39,12,12,12,12],"items_purged":["Strike_R"],"gold":110,"play_id":"26dbfe21-a17d-4a9a-8849-8d88942161f4","is_prod":false,"is_daily":false,"is_ascension_mode":false,"campfire_upgraded":5,"path_taken":["M","$","?","M","M","R","M","M","T","R","E","$","M","M","R","BOSS","M","M","?","M","?","R","E","R","T","?","M"],"build_version":"2018-01-25-PROD3","purchased_purges":1,"victory":false,"master_deck":["Strike_R","Strike_R","Strike_R","Strike_R","Defend_R","Defend_R","Defend_R","Defend_R","Bash+1","Clothesline+1","Headbutt","Disarm+1","Pummel","Evolve+1","Metallicize","Metallicize","Barricade+1","Wild Strike","Body Slam","Metallicize","J.A.X."],"max_hp_per_floor":[80,80,80,80,80,80,80,80,80,80,80,80,80,80,80,80,80,80,80,80,80,80,80,80,80,80,80],"relics":["Black Blood","Juzu Bracelet","Blood Vial","Tiny Chest","Dream Catcher","Blue Candle","Meat on the Bone"],"card_choices":[{"not_picked":["Flex","Hemokinesis"],"picked":"Clothesline"},{"not_picked":["Second Wind","Cleave"],"picked":"Headbutt"},{"not_picked":["Perfected Strike","Armaments"],"picked":"Disarm"},{"not_picked":["Corruption","Wild Strike"],"picked":"Pummel"},{"not_picked":["Reckless Charge","Anger"],"picked":"Evolve"},{"not_picked":["Evolve","Fire Breathing"],"picked":"Metallicize"},{"not_picked":["Bludgeon","Exhume"],"picked":"Barricade"},{"not_picked":["Sword Boomerang","Hemokinesis"],"picked":"Wild Strike"},{"not_picked":["Ghostly Armor","Carnage"],"picked":"Body Slam"},{"not_picked":["Body Slam","Flex"],"picked":"Metallicize"}],"player_experience":298456,"potions_floor_usage":[13,14,18,19,24,24,24],"damage_taken":[{"damage":0,"enemies":"2 Louse","floor":1,"turns":3},{"damage":10,"enemies":"Blue Slaver","floor":4,"turns":5},{"damage":1,"enemies":"Cultist","floor":5,"turns":3},{"damage":9,"enemies":"2 Fungi Beasts","floor":7,"turns":4},{"damage":9,"enemies":"Looter","floor":8,"turns":4},{"damage":36,"enemies":"Lagavulin","floor":11,"turns":7},{"damage":11,"enemies":"Large Slime","floor":13,"turns":9},{"damage":10,"enemies":"Gremlin Gang","floor":14,"turns":6},{"damage":25,"enemies":"The Guardian","floor":16,"turns":13},{"damage":26,"enemies":"3 Byrds","floor":18,"turns":10},{"damage":34,"enemies":"2 Thieves","floor":19,"turns":5},{"damage":15,"enemies":"Snecko","floor":21,"turns":10},{"damage":54,"enemies":"Slavers","floor":24,"turns":9},{"damage":29,"enemies":"Chosen and Byrds","floor":28,"turns":4}],"event_choices":[{"event_name":"Wheel of Change","player_choice":"Full Heal","floor":3,"damage_taken":0},{"event_name":"Addict","player_choice":"Obtained Relic","floor":20,"damage_taken":0},{"event_name":"Drug Dealer","player_choice":"Got JAXXED","floor":22,"damage_taken":0},{"event_name":"The Joust","player_choice":"Bet on Murderer","floor":27,"damage_taken":0}],"boss_relics":[{"not_picked":["Question Card","Calling Bell"],"picked":"Black Blood"}],"potions_floor_spawned":[4,11,13,14,16,18,21],"seed_played":"-4538910248771371400","killed_by":"Chosen and Byrds","ascension_level":0,"is_trial":false}