{"path_per_floor":["M","M","T","?","M","R","E","R","T","R","$","M","M","M","R","B",null,"M","?","M","M","M","R","M","R","T","M","M","M","M","?","R","B",null,"M","$","M","M","$","R","E","M","T","?","M","T","R","M","R"],"character_chosen":"IRONCLAD","items_purchased":["Medical Kit","Bronze Scales","Ice Cream","Perfected Strike"],"gold_per_floor":[115,127,195,270,283,283,315,315,362,362,19,39,50,65,65,168,168,186,186,200,220,239,239,258,258,328,345,365,378,395,318,318,415,415,430,355,365,382,40,40,65,75,75,0,18,18,18,36,36,36],"floor_reached":50,"campfire_rested":2,"playtime":4927,"current_hp_per_floor":[42,41,51,40,44,44,34,34,34,34,34,39,45,46,46,26,74,78,78,81,72,68,68,55,55,55,57,44,40,42,42,69,12,71,69,69,62,51,51,51,41,43,43,43,45,45,45,34,61,0],"items_purged":["Writhe"],"gold":36,"score":836,"play_id":"92461388-ef1c-4090-bb60-373a0e6dad6e","local_time":"20180506013507","is_prod":false,"is_daily":false,"chose_seed":false,"is_ascension_mode":true,"campfire_upgraded":8,"timestamp":1525584907,"path_taken":["M","M","?","?","M","R","E","R","T","R","$","M","?","M","R","BOSS","M","?","M","?","M","R","?","R","T","M","M","M","?","?","R","BOSS","M","$","M","M","?","R","E","M","T","?","M","?","R","M","R","BOSS"],"build_version":"2018-05-03","seed_source_timestamp":352804701639942,"purchased_purges":1,"victory":false,"master_deck":["Strike_R","Strike_R+1","Strike_R","Strike_R","Strike_R+1","Defend_R","Defend_R","Bash+1","AscendersBane","Sword Boomerang","Seeing Red","True Grit+1","Shrug It Off","Feel No Pain+1","Ghostly Armor","Wild Strike+1","Shrug It Off","Sever Soul","Offering","Perfected Strike+1","Warcry+1","Evolve+1","Armaments+1","Rupture+1","Perfected Strike+1","Double Tap+1","J.A.X.","Offering","Shrug It Off","Shrug It Off+1","Perfected Strike","Perfected Strike","Havoc+1","Feed","Feel No Pain+1"],"max_hp_per_floor":[80,80,90,90,90,90,90,90,90,90,90,90,90,90,90,90,90,90,90,90,90,90,90,90,90,90,90,90,90,90,90,90,90,90,90,90,90,90,90,90,90,90,90,90,90,90,90,90,90,90],"relics":["Burning Blood","Pear","Vajra","Whetstone","Medical Kit","Bronze Scales","Sozu","Red Skull","Ornamental Fan","Mark of Pain","Ice Cream","Bottled Lightning","Letter Opener","Red Mask","Ancient Tea Set"],"card_choices":[{"not_picked":["Flex","Combust"],"picked":"True Grit","floor":1},{"not_picked":["Corruption","Twin Strike"],"picked":"Shrug It Off","floor":2},{"not_picked":["Intimidate","Warcry"],"picked":"Feel No Pain","floor":5},{"not_picked":["Wild Strike","Headbutt"],"picked":"Ghostly Armor","floor":7},{"not_picked":["True Grit","Pummel"],"picked":"Wild Strike","floor":12},{"not_picked":["Thunderclap","Iron Wave"],"picked":"Shrug It Off","floor":13},{"not_picked":["Entrench","Headbutt"],"picked":"Sever Soul","floor":14},{"not_picked":["Double Tap","Dark Embrace"],"picked":"Offering","floor":16},{"not_picked":["Iron Wave","Warcry"],"picked":"Perfected Strike","floor":18},{"not_picked":["Rage","Burning Pact"],"picked":"Warcry","floor":20},{"not_picked":["Sever Soul","Headbutt"],"picked":"Evolve","floor":22},{"not_picked":["Evolve","Sentinel"],"picked":"Armaments","floor":27},{"not_picked":["Sword Boomerang","True Grit"],"picked":"Rupture","floor":28},{"not_picked":["Clothesline","Heavy Blade"],"picked":"Perfected Strike","floor":29},{"not_picked":["Sword Boomerang","Rage"],"picked":"Double Tap","floor":30},{"not_picked":["Berserk","Impervious"],"picked":"Offering","floor":33},{"not_picked":["Clothesline","Armaments"],"picked":"Shrug It Off","floor":35},{"not_picked":["Armaments","Entrench"],"picked":"Shrug It Off","floor":38},{"not_picked":["Corruption","Infernal Blade"],"picked":"Perfected Strike","floor":41},{"not_picked":["Uppercut","Headbutt"],"picked":"Havoc","floor":42},{"not_picked":["Sever Soul","Clash"],"picked":"Feed","floor":45},{"not_picked":["Battle Trance","Flame Barrier"],"picked":"Feel No Pain","floor":48}],"player_experience":512079,"potions_floor_usage":[7,13,16],"damage_taken":[{"damage":0,"enemies":"Cultist","floor":1,"turns":2},{"damage":7,"enemies":"Jaw Worm","floor":2,"turns":2},{"damage":2,"enemies":"2 Louse","floor":5,"turns":3},{"damage":16,"enemies":"3 Sentries","floor":7,"turns":9},{"damage":1,"enemies":"Lots of Slimes","floor":12,"turns":4},{"damage":0,"enemies":"Gremlin Gang","floor":13,"turns":4},{"damage":5,"enemies":"Blue Slaver","floor":14,"turns":2},{"damage":26,"enemies":"Hexaghost","floor":16,"turns":9},{"damage":2,"enemies":"Spheric Guardian","floor":18,"turns":3},{"damage":3,"enemies":"Shell Parasite","floor":20,"turns":3},{"damage":15,"enemies":"Snake Plant","floor":21,"turns":3},{"damage":10,"enemies":"Centurion and Healer","floor":22,"turns":4},{"damage":19,"enemies":"Sentry and Sphere","floor":24,"turns":4},{"damage":4,"enemies":"Chosen and Byrds","floor":27,"turns":4},{"damage":19,"enemies":"Snake Plant","floor":28,"turns":3},{"damage":10,"enemies":"Centurion and Healer","floor":29,"turns":3},{"damage":4,"enemies":"Cultist and Chosen","floor":30,"turns":4},{"damage":63,"enemies":"Champ","floor":33,"turns":9},{"damage":8,"enemies":"Orb Walker","floor":35,"turns":3},{"damage":13,"enemies":"3 Darklings","floor":37,"turns":6},{"damage":17,"enemies":"Sphere and 2 Shapes","floor":38,"turns":4},{"damage":16,"enemies":"Giant Head","floor":41,"turns":3},{"damage":4,"enemies":"4 Shapes","floor":42,"turns":4},{"damage":4,"enemies":"Maw","floor":45,"turns":5},{"damage":17,"enemies":"3 Darklings","floor":48,"turns":4},{"damage":72,"enemies":"Donu and Deca","floor":50,"turns":5}],"event_choices":[{"event_name":"World of Goop","player_choice":"Gather Gold","floor":4,"damage_taken":0},{"event_name":"The Mausoleum","player_choice":"Yes","floor":19,"damage_taken":0},{"event_name":"Drug Dealer","player_choice":"Got JAXXED","floor":31,"damage_taken":0},{"event_name":"Tomb of Lord Red Mask","player_choice":"Paid","floor":44,"damage_taken":0}],"boss_relics":[{"not_picked":["Black Star","Orrery"],"picked":"Sozu"},{"not_picked":["Lizard Tail","Runic Dome"],"picked":"Mark of Pain"}],"potions_floor_spawned":[2,7,12,20,24,27,41,42],"seed_played":"3341916205928987509","killed_by":"Donu and Deca","ascension_level":10,"is_trial":false}