{"gold_per_floor":[219,35,52,2,20,20,52,145,157,186,198,223,260,292,304,390,402,426,438,468,480,98,98,125,125,149,164,182,213,225,225,225,297,297,315,326,426,442,442],"floor_reached":39,"playtime":2867,"items_purged":["Strike_R","Strike_R"],"score":786,"play_id":"2eac6b96-8cf7-4a78-9144-a34c477ea1fc","local_time":"20190213180830","is_ascension_mode":true,"campfire_choices":[{"data":"Bash","floor":6.0,"key":"SMITH"},{"data":"Armaments","floor":15.0,"key":"SMITH"},{"floor":23.0,"key":"REST"},{"floor":25.0,"key":"REST"},{"floor":32,"key":"REST"}],"neow_cost":"NONE","seed_source_timestamp":0,"circlet_count":0,"master_deck":["AscendersBane","Strike_R","Strike_R","Defend_R","Defend_R","Defend_R","Defend_R","Bash+1","Carnage","Metallicize","Spot Weakness","Iron Wave","Armaments+1","Cleave","Whirlwind","Impervious","Inflame","Pommel Strike","Feed","Anger","Disarm","Disarm","Metallicize","Shockwave","Inflame","True Grit","Shrug It Off","Writhe","Barricade","Entrench","Shrug It Off","Body Slam+1","Heavy Blade","Shrug It Off+1"],"special_seed":0,"relics":["Burning Blood","MawBank","Shuriken","Ornamental Fan","Potion Belt","Fusion Hammer","Pen Nib","Strawberry","Ancient Tea Set","Orichalcum","Turnip","Prayer Wheel","Runic Cube","Calipers"],"potions_floor_usage":[29,29,39],"damage_taken":[{"damage":20.0,"enemies":"Cultist","floor":1.0,"turns":5.0},{"damage":3.0,"enemies":"Jaw Worm","floor":3.0,"turns":5.0},{"damage":9.0,"enemies":"2 Louse","floor":5.0,"turns":3.0},{"damage":18.0,"enemies":"Gremlin Nob","floor":7.0,"turns":4.0},{"damage":4.0,"enemies":"2 Fungi Beasts","floor":10.0,"turns":3.0},{"damage":5.0,"enemies":"3 Louse","floor":12.0,"turns":3.0},{"damage":9.0,"enemies":"3 Sentries","floor":13.0,"turns":3.0},{"damage":11.0,"enemies":"Looter","floor":14.0,"turns":3.0},{"damage":25.0,"enemies":"The Guardian","floor":16.0,"turns":13.0},{"damage":6.0,"enemies":"Shell Parasite","floor":18.0,"turns":6.0},{"damage":13.0,"enemies":"Spheric Guardian","floor":20.0,"turns":6.0},{"damage":22.0,"enemies":"Book of Stabbing","floor":24.0,"turns":4.0},{"damage":7.0,"enemies":"Centurion and Healer","floor":27.0,"turns":5.0},{"damage":18,"enemies":"Snake Plant","floor":28,"turns":5},{"damage":37,"enemies":"Gremlin Leader","floor":29,"turns":6},{"damage":6,"enemies":"Cultist and Chosen","floor":30,"turns":6},{"damage":72,"enemies":"Champ","floor":33,"turns":13},{"damage":29,"enemies":"3 Darklings","floor":35,"turns":9},{"damage":16,"enemies":"3 Shapes","floor":36,"turns":4},{"damage":0,"enemies":"Mind Bloom Boss Battle","floor":37,"turns":9},{"damage":21,"enemies":"3 Darklings","floor":38,"turns":6},{"damage":59,"enemies":"Transient","floor":39,"turns":4}],"seed_played":"3917279224277836893","potions_obtained":[{"floor":3.0,"key":"Weak Potion"},{"floor":7.0,"key":"AttackPotion"},{"floor":10.0,"key":"AttackPotion"},{"floor":27.0,"key":"EssenceOfSteel"},{"floor":28,"key":"GamblersBrew"},{"floor":36,"key":"Ancient Potion"},{"floor":38,"key":"BloodPotion"}],"is_trial":false,"path_per_floor":["M","$","M","?","M","R","E","T","T","M","$","M","E","M","R","B",null,"M","T","M","?","$","R","E","R","T","M","M","E","M","?","R","B",null,"M","M","?","M","M"],"character_chosen":"IRONCLAD","items_purchased":["Metallicize","Spot Weakness","Disarm","Metallicize","Strawberry"],"campfire_rested":3,"item_purchase_floors":[2,2,22,22,22],"current_hp_per_floor":[54,54,57,57,54,54,42,42,42,44,44,45,42,37,37,18,61,61,61,54,54,61,82,66,82,82,84,75,44,47,47,74,11,73,50,43,52,37,0],"gold":442,"neow_bonus":"HUNDRED_GOLD","is_prod":false,"is_daily":false,"chose_seed":false,"campfire_upgraded":2,"win_rate":0,"timestamp":1550102910,"path_taken":["M","$","M","?","M","R","E","?","T","M","$","M","E","M","R","BOSS","M","?","M","?","$","R","E","R","T","M","M","E","M","?","R","BOSS","M","M","?","M","M"],"build_version":"2019-01-23","purchased_purges":2,"victory":false,"max_hp_per_floor":[75,75,75,75,75,75,75,75,75,75,75,75,75,75,75,75,75,75,75,75,75,82,82,82,82,82,85,88,88,91,91,91,94,94,94,97,100,100,100],"card_choices":[{"not_picked":["Sword Boomerang","Flex"],"picked":"Carnage","floor":1.0},{"not_picked":["Havoc","Sentinel"],"picked":"Iron Wave","floor":3.0},{"not_picked":["Flex","Warcry"],"picked":"Armaments","floor":5.0},{"not_picked":["Sword Boomerang","Thunderclap"],"picked":"Cleave","floor":7.0},{"not_picked":["Body Slam","Perfected Strike"],"picked":"Whirlwind","floor":10.0},{"not_picked":["Sword Boomerang","Twin Strike"],"picked":"Impervious","floor":12.0},{"not_picked":["Cleave","Dual Wield"],"picked":"Inflame","floor":13.0},{"not_picked":["Clash","Perfected Strike"],"picked":"Pommel Strike","floor":14.0},{"not_picked":["Demon Form","Immolate"],"picked":"Feed","floor":16.0},{"not_picked":["Perfected Strike+1","Hemokinesis","Pommel Strike"],"picked":"SKIP","floor":18.0},{"not_picked":["Pummel","Intimidate"],"picked":"Anger","floor":20.0},{"not_picked":["Thunderclap","Havoc"],"picked":"Shockwave","floor":24.0},{"not_picked":["Iron Wave","Cleave"],"picked":"Inflame","floor":27.0},{"not_picked":["Cleave","Perfected Strike"],"picked":"True Grit","floor":28},{"not_picked":["Body Slam","Pommel Strike","Twin Strike+1"],"picked":"SKIP","floor":29},{"not_picked":["Havoc","Dropkick"],"picked":"Shrug It Off","floor":30},{"not_picked":["Limit Break","Fiend Fire"],"picked":"Barricade","floor":33},{"not_picked":["Sword Boomerang+1","Havoc"],"picked":"Entrench","floor":35},{"not_picked":["Armaments","Sword Boomerang"],"picked":"Shrug It Off","floor":35},{"not_picked":["Rupture","Blood for Blood"],"picked":"Body Slam+1","floor":36},{"not_picked":["Rupture","Iron Wave+1"],"picked":"Heavy Blade","floor":36},{"not_picked":["Perfected Strike","Reaper"],"picked":"Shrug It Off+1","floor":37},{"not_picked":["Infernal Blade","Flex","Headbutt"],"picked":"SKIP","floor":38},{"not_picked":["Headbutt","Hemokinesis","Reckless Charge"],"picked":"SKIP","floor":38}],"player_experience":496232,"relics_obtained":[{"floor":7.0,"key":"MawBank"},{"floor":8.0,"key":"Shuriken"},{"floor":9.0,"key":"Ornamental Fan"},{"floor":13.0,"key":"Potion Belt"},{"floor":19.0,"key":"Pen Nib"},{"floor":24.0,"key":"Ancient Tea Set"},{"floor":26.0,"key":"Orichalcum"},{"floor":29,"key":"Turnip"},{"floor":37,"key":"Calipers"}],"event_choices":[{"cards_removed":["Strike_R"],"damage_healed":0.0,"max_hp_gain":0.0,"max_hp_loss":0.0,"gold_gain":0.0,"event_name":"The Cleric","player_choice":"Card Removal","floor":4.0,"gold_loss":50.0,"damage_taken":0.0},{"damage_healed":0.0,"max_hp_gain":0.0,"max_hp_loss":0.0,"gold_gain":0.0,"event_name":"The Library","player_choice":"Read","floor":21.0,"gold_loss":0.0,"damage_taken":0.0,"cards_obtained":["Disarm"]},{"damage_healed":0,"gold_gain":0,"player_choice":"Opened","damage_taken":0,"relics_obtained":["Prayer Wheel"],"max_hp_gain":0,"max_hp_loss":0,"event_name":"The Mausoleum","floor":31,"gold_loss":0,"cards_obtained":["Writhe"]},{"damage_healed":0,"gold_gain":0,"player_choice":"Fight","damage_taken":0,"max_hp_gain":0,"max_hp_loss":0,"event_name":"MindBloom","floor":37,"gold_loss":0}],"is_beta":false,"boss_relics":[{"not_picked":["Tiny House","White Beast Statue"],"picked":"Fusion Hammer"},{"not_picked":["Eternal Feather","Coffee Dripper"],"picked":"Runic Cube"}],"items_purged_floors":[2,22],"is_endless":false,"potions_floor_spawned":[3,7,10,27,28,36,38],"killed_by":"Transient","ascension_level":14}