{"path_per_floor":["M","?","M","?","$","R","M","E","T","?","$","M","R","?","R","B",null,"M","$","?","?","M","R","?","R","T","M","T","E","?","M","R"],"character_chosen":"IRONCLAD","items_purchased":["Shrug It Off","Spot Weakness","Frozen Egg 2","Juzu Bracelet","Combust","Combust"],"gold_per_floor":[217,217,234,234,35,35,51,84,110,285,0,13,13,263,263,365,365,376,34,34,234,248,248,274,274,351,364,364,395,395,407,407,407],"floor_reached":33,"campfire_rested":1,"playtime":1373,"current_hp_per_floor":[79,79,85,73,73,73,79,70,70,70,70,76,76,76,76,37,85,63,63,63,63,42,42,41,66,66,67,67,43,43,47,47,0],"items_purged":["Strike_R","Doubt","Strike_R"],"gold":407,"score":286,"play_id":"8526900c-65f1-4fbb-82fa-e7b3221c0605","local_time":"20180511151640","is_prod":false,"is_daily":false,"chose_seed":false,"is_ascension_mode":false,"campfire_upgraded":5,"timestamp":1526066200,"path_taken":["M","?","M","?","$","R","M","E","T","?","?","?","R","?","R","BOSS","M","$","?","?","M","R","?","R","T","M","?","E","?","M","R","BOSS"],"build_version":"2018-05-10","seed_source_timestamp":208100700071624,"purchased_purges":4,"victory":false,"master_deck":["Strike_R","Strike_R","Strike_R","Defend_R","Defend_R","Defend_R","Defend_R","Bash+1","Battle Trance+1","Dropkick","Shrug It Off+1","Spot Weakness+1","Headbutt+1","Whirlwind+1","Dropkick","Regret","Brutality+1","Pommel Strike+1","Combust+1","Combust+1","Flex+1","Bloodletting+1","Shrug It Off+1","Shrug It Off+1"],"max_hp_per_floor":[80,80,85,85,85,85,85,85,85,85,85,85,85,85,85,85,85,85,85,85,85,85,85,85,85,85,85,85,85,85,85,85,85],"relics":["Burning Blood","Vajra","The Courier","Orichalcum","Frozen Egg 2","Runic Pyramid","Juzu Bracelet","Red Mask","Tiny Chest","Bag of Marbles","Paper Frog"],"card_choices":[{"not_picked":["Second Wind","Cleave"],"picked":"Battle Trance","floor":1},{"not_picked":["Clothesline","Seeing Red"],"picked":"Dropkick","floor":3},{"not_picked":["Havoc","Sword Boomerang"],"picked":"Headbutt","floor":7},{"not_picked":["Double Tap","Dropkick"],"picked":"Whirlwind","floor":8},{"not_picked":["Thunderclap","Havoc"],"picked":"Dropkick","floor":12},{"not_picked":["Double Tap","Juggernaut"],"picked":"Brutality","floor":16},{"not_picked":["Clothesline","Fire Breathing"],"picked":"Pommel Strike","floor":18},{"not_picked":["Sever Soul","Sentinel"],"picked":"Flex","floor":22},{"not_picked":["Armaments","Intimidate"],"picked":"Bloodletting","floor":24},{"not_picked":["Limit Break","Reckless Charge"],"picked":"Shrug It Off","floor":29},{"not_picked":["Clothesline","Anger"],"picked":"Shrug It Off","floor":31}],"player_experience":94922,"potions_floor_usage":[3,27,29,31,33,33],"damage_taken":[{"damage":7,"enemies":"2 Louse","floor":1,"turns":3},{"damage":1,"enemies":"Cultist","floor":3,"turns":3},{"damage":0,"enemies":"Small Slimes","floor":7,"turns":3},{"damage":15,"enemies":"Lagavulin","floor":8,"turns":5},{"damage":0,"enemies":"2 Fungi Beasts","floor":12,"turns":3},{"damage":45,"enemies":"Hexaghost","floor":16,"turns":5},{"damage":28,"enemies":"Spheric Guardian","floor":18,"turns":5},{"damage":27,"enemies":"2 Thieves","floor":22,"turns":3},{"damage":7,"enemies":"Masked Bandits","floor":24,"turns":2},{"damage":5,"enemies":"Sentry and Sphere","floor":27,"turns":3},{"damage":30,"enemies":"Gremlin Leader","floor":29,"turns":4},{"damage":2,"enemies":"Cultist and Chosen","floor":31,"turns":3},{"damage":51,"enemies":"Automaton","floor":33,"turns":6}],"event_choices":[{"event_name":"Accursed Blacksmith","player_choice":"Forge","floor":2,"damage_taken":0},{"event_name":"Scrap Ooze","player_choice":"success","floor":4,"damage_taken":12},{"event_name":"Liars Game","player_choice":"agreed","floor":10,"damage_taken":0},{"event_name":"Golden Shrine","player_choice":"Desecrate","floor":14,"damage_taken":0},{"event_name":"Upgrade Shrine","player_choice":"Upgraded","floor":20,"damage_taken":0},{"event_name":"Wheel of Change","player_choice":"Gold","floor":21,"damage_taken":0},{"event_name":"Masked Bandits","player_choice":"Fought over 248 gold","floor":24,"damage_taken":0},{"event_name":"Drug Dealer","player_choice":"Ignored","floor":30,"damage_taken":0}],"boss_relics":[{"not_picked":["Orrery","White Beast Statue"],"picked":"Runic Pyramid"}],"potions_floor_spawned":[1,7,8,16,22,29,31],"seed_played":"5663024175169063509","killed_by":"Automaton","ascension_level":0,"is_trial":false}