{"path_per_floor":["M","M","M","?","?","R","?","E","T","M","R","M","M","M","R","B",null,"M","?","?","?","M","R","?","M","T","R","M","$","E","M","R","B",null,"M","?","M","M","M","$","R","M","T","M","R","M","E","M","R","B"],"character_chosen":"THE_SILENT","items_purchased":["Frozen Eye"],"gold_per_floor":[113,125,143,143,218,218,218,247,247,259,259,276,294,308,308,408,408,408,408,308,308,308,308,308,308,308,308,308,19,19,19,19,19,19,19,19,19,19,19,19,19,19,19,19,19,19,19,19,19,19],"floor_reached":51,"campfire_rested":3,"playtime":12785,"current_hp_per_floor":[65,65,65,58,47,47,54,19,19,19,42,42,38,36,36,13,77,77,77,77,61,58,58,51,48,48,48,46,46,37,34,34,20,77,67,57,72,56,56,56,56,56,56,50,73,63,59,50,73,36],"items_purged":[],"gold":19,"play_id":"4b96fd6d-c07b-4daf-829c-d84d29cffa88","is_prod":false,"is_daily":false,"campfire_rituals":0,"campfire_upgraded":6,"is_hardmode":false,"path_taken":["M","M","M","?","?","R","?","E","T","M","R","?","M","M","R","BOSS","M","?","?","?","M","R","?","M","T","R","M","$","E","?","R","BOSS","M","?","M","?","M","?","R","?","T","M","R","M","E","M","R","BOSS"],"build_version":"2018-01-18-PROD4","purchased_purges":0,"victory":true,"master_deck":["Defend_G","Defend_G","Defend_G","Defend_G","Defend_G","Strike_G","Survivor","Neutralize","Tools of the Trade","Malaise","Prepared","Flying Knee","Dagger Throw","Acrobatics","Predator","Sucker Punch","Caltrops","Backflip","Adrenaline","Leg Sweep","J.A.X.","Outmaneuver","Footwork","Dagger Spray","Doppelganger","Blur","Madness","Madness","Escape Plan","Cloak And Dagger","Bouncing Flask","Noxious Fumes","Poisoned Stab","Backflip"],"max_hp_per_floor":[70,70,70,70,70,70,77,77,77,77,77,77,77,77,77,77,77,77,77,77,77,77,77,77,77,77,77,77,77,77,77,77,77,77,77,77,77,77,77,77,77,77,77,77,77,77,77,77,77,77],"relics":["Astrolabe","Strawberry","Bag of Preparation","Gambling Chip","Ectoplasm","Nilry\u0027s Codex","Pantograph","Frozen Eye","Dodecahedron","The Specimen","Toxic Egg","Tingsha"],"campfire_meditates":0,"card_choices":[{"not_picked":["Dodge and Roll","Deflect"],"picked":"Flying Knee"},{"not_picked":["Malaise","Deadly Poison"],"picked":"Dagger Throw"},{"not_picked":["Dodge and Roll","Deadly Poison"],"picked":"Acrobatics"},{"not_picked":["Dagger Spray","Sucker Punch"],"picked":"Predator"},{"not_picked":["Riddle With Holes","Choke"],"picked":"Sucker Punch"},{"not_picked":["Poisoned Stab","Underhanded Strike"],"picked":"Caltrops"},{"not_picked":["Finisher","Noxious Fumes"],"picked":"Backflip"},{"not_picked":["Bullet Time","Grand Finale"],"picked":"Adrenaline"},{"not_picked":["Dagger Throw","Catalyst"],"picked":"Leg Sweep"},{"not_picked":["Leg Sweep","Dagger Throw"],"picked":"Outmaneuver"},{"not_picked":["Poisoned Stab","Wraith Form"],"picked":"Footwork"},{"not_picked":["Underhanded Strike","Choke"],"picked":"Dagger Spray"},{"not_picked":["Unload","Corpse Explosion"],"picked":"Doppelganger"},{"not_picked":["Flechettes","Catalyst"],"picked":"Blur"},{"not_picked":["Quick Slash","Bouncing Flask"],"picked":"Escape Plan"},{"not_picked":["Prepared","PiercingWail"],"picked":"Cloak And Dagger"},{"not_picked":["Riddle With Holes","Grand Finale"],"picked":"Bouncing Flask"},{"not_picked":["Deadly Poison","Blur"],"picked":"Noxious Fumes"},{"not_picked":["Malaise","Dagger Throw"],"picked":"Poisoned Stab"},{"not_picked":["Dagger Throw","Flying Knee"],"picked":"Backflip"}],"player_experience":276010,"potions_floor_usage":[13,16,16,30,37,50,50,50,50],"damage_taken":[{"damage":5,"enemies":"Jaw Worm","floor":1,"turns":10},{"damage":0,"enemies":"Blue Slaver","floor":2,"turns":5},{"damage":0,"enemies":"2 Louse","floor":3,"turns":2},{"damage":35,"enemies":"3 Sentries","floor":8,"turns":12},{"damage":0,"enemies":"2 Fungi Beasts","floor":10,"turns":3},{"damage":0,"enemies":"Looter","floor":12,"turns":4},{"damage":4,"enemies":"3 Louse","floor":13,"turns":3},{"damage":2,"enemies":"Large Slime","floor":14,"turns":8},{"damage":23,"enemies":"Slime Boss","floor":16,"turns":16},{"damage":0,"enemies":"Spheric Guardian","floor":18,"turns":3},{"damage":3,"enemies":"Shell Parasite","floor":22,"turns":6},{"damage":3,"enemies":"Centurion and Healer","floor":25,"turns":8},{"damage":2,"enemies":"Snecko","floor":28,"turns":7},{"damage":9,"enemies":"Gremlin Leader","floor":30,"turns":12},{"damage":3,"enemies":"Chosen and Byrds","floor":31,"turns":9},{"damage":39,"enemies":"Automaton","floor":33,"turns":13},{"damage":10,"enemies":"3 Darklings","floor":35,"turns":6},{"damage":0,"enemies":"3 Shapes","floor":37,"turns":7},{"damage":16,"enemies":"Sphere and 2 Shapes","floor":38,"turns":8},{"damage":0,"enemies":"3 Darklings","floor":39,"turns":6},{"damage":0,"enemies":"Maw","floor":42,"turns":8},{"damage":6,"enemies":"4 Shapes","floor":44,"turns":6},{"damage":10,"enemies":"3 Darklings","floor":46,"turns":6},{"damage":4,"enemies":"Giant Head","floor":47,"turns":8},{"damage":9,"enemies":"Maw","floor":48,"turns":6},{"damage":41,"enemies":"Donu and Deca","floor":50,"turns":11}],"event_choices":[{"event_name":"Golden Wing","player_choice":"Card Removal","floor":4,"damage_taken":0},{"event_name":"World of Goop","player_choice":"Gather Gold","floor":5,"damage_taken":0},{"event_name":"Dead Adventurer","player_choice":"Searched \u00271\u0027 times","floor":7,"damage_taken":0},{"event_name":"Golden Shrine","player_choice":"Pray","floor":19,"damage_taken":0},{"event_name":"Drug Dealer","player_choice":"Got JAXXED","floor":20,"damage_taken":0},{"event_name":"Cursed Tome","player_choice":"Obtained Book","floor":21,"damage_taken":0},{"event_name":"Knowing Skull","player_choice":"","floor":24,"damage_taken":0},{"event_name":"Winding Halls","player_choice":"Embrace Madness","floor":36,"damage_taken":0}],"boss_relics":[{"not_picked":["Velvet Choker","Runic Pyramid"],"picked":"Ectoplasm"},{"not_picked":["Question Card","Sozu"],"picked":"The Specimen"}],"potions_floor_spawned":[8,10,14,22,25,31,38,42,46,48],"seed_played":"-8495333773393137","is_trial":false}