{"gold_per_floor":[11,25,40,40,60,86,86,86,86,86,98,23,35,49,49,148,148,166,166,181,194,208,208,241,241,289,289,289,7,26,57,57,57],"floor_reached":33,"playtime":2428,"items_purged":["Bash","Burning Pact+1"],"score":314,"play_id":"8dc062a9-266f-4782-a148-c5dd4bf0a4fe","local_time":"20180711122602","is_ascension_mode":false,"campfire_choices":[{"data":"Rampage","floor":7,"key":"SMITH"},{"data":"Uppercut","floor":10,"key":"SMITH"},{"data":"Shrug It Off","floor":15,"key":"SMITH"},{"data":"Rage","floor":23,"key":"SMITH"},{"floor":25,"key":"REST"},{"floor":27,"key":"REST"},{"data":"Metallicize","floor":32,"key":"SMITH"}],"neow_cost":"NO_GOLD","seed_source_timestamp":351293216327279,"circlet_count":0,"master_deck":["Strike_R","Strike_R","Strike_R","Defend_R","Defend_R","Defend_R","Defend_R","Rampage+1","Uppercut+1","Shrug It Off+1","Dropkick+1","Heavy Blade+1","Rage+1","Flex+1","Headbutt+1","Bandage Up","Metallicize+1","Headbutt"],"special_seed":17723,"relics":["Burning Blood","Gambling Chip","Shuriken","Astrolabe","Mercury Hourglass","Potion Belt","Enchiridion","Blood Vial"],"potions_floor_usage":[16,22,24,24,33,33],"damage_taken":[{"damage":0,"enemies":"Small Slimes","floor":1,"turns":3},{"damage":6,"enemies":"Cultist","floor":2,"turns":3},{"damage":3,"enemies":"2 Louse","floor":3,"turns":3},{"damage":6,"enemies":"Looter","floor":5,"turns":4},{"damage":25,"enemies":"Lagavulin","floor":6,"turns":8},{"damage":8,"enemies":"2 Fungi Beasts","floor":11,"turns":4},{"damage":6,"enemies":"Blue Slaver","floor":13,"turns":3},{"damage":13,"enemies":"Exordium Thugs","floor":14,"turns":5},{"damage":28,"enemies":"The Guardian","floor":16,"turns":10},{"damage":0,"enemies":"Chosen","floor":18,"turns":4},{"damage":11,"enemies":"Shell Parasite","floor":20,"turns":6},{"damage":30,"enemies":"3 Cultists","floor":21,"turns":7},{"damage":10,"enemies":"Centurion and Healer","floor":22,"turns":5},{"damage":54,"enemies":"Gremlin Leader","floor":24,"turns":12},{"damage":0,"enemies":"Snecko","floor":30,"turns":3},{"damage":40,"enemies":"Book of Stabbing","floor":31,"turns":8},{"damage":59,"enemies":"Automaton","floor":33,"turns":6}],"seed_played":"450226017718967834","potions_obtained":[{"floor":3,"key":"Block Potion"},{"floor":5,"key":"FearPotion"},{"floor":6,"key":"AttackPotion"},{"floor":20,"key":"FearPotion"},{"floor":21,"key":"Block Potion"},{"floor":24,"key":"Ancient Potion"},{"floor":31,"key":"AttackPotion"}],"is_trial":false,"path_per_floor":["M","M","M","?","M","E","R","?","T","R","M","$","M","M","R","B",null,"M","?","M","M","M","R","E","R","T","R","?","$","M","E","R"],"character_chosen":"IRONCLAD","items_purchased":["Bandage Up","Metallicize"],"campfire_rested":2,"item_purchase_floors":[29,29],"current_hp_per_floor":[96,96,96,87,87,68,68,68,68,68,66,66,66,59,59,37,96,96,96,91,67,63,63,15,43,43,71,55,55,65,35,35,0],"gold":57,"neow_bonus":"TWENTY_PERCENT_HP_BONUS","is_prod":false,"is_daily":false,"chose_seed":false,"campfire_upgraded":5,"win_rate":0,"timestamp":1531301162,"path_taken":["M","M","M","?","M","E","R","?","T","R","?","?","?","?","R","BOSS","M","?","?","M","M","R","E","R","T","R","?","$","M","E","R","BOSS"],"build_version":"2018-07-05","purchased_purges":2,"victory":false,"max_hp_per_floor":[96,96,96,96,96,96,96,96,96,96,96,96,96,96,96,96,96,96,96,96,96,96,96,96,96,96,96,96,96,96,96,96,96],"card_choices":[{"not_picked":["Twin Strike","Wild Strike","True Grit"],"picked":"SKIP","floor":1},{"not_picked":["True Grit","Whirlwind","Iron Wave"],"picked":"SKIP","floor":2},{"not_picked":["Bloodletting","Sword Boomerang"],"picked":"Clothesline","floor":3},{"not_picked":["Headbutt","Sever Soul"],"picked":"Rampage","floor":5},{"not_picked":["Combust","Sword Boomerang"],"picked":"Uppercut","floor":6},{"not_picked":["Rampage","Offering","Shockwave"],"picked":"SKIP","floor":11},{"not_picked":["Perfected Strike","True Grit","Pummel"],"picked":"SKIP","floor":13},{"not_picked":["Anger","Pommel Strike"],"picked":"Shrug It Off","floor":14},{"not_picked":["Anger","Disarm","Entrench"],"picked":"SKIP","floor":18},{"not_picked":["Power Through+1","Body Slam"],"picked":"Rage","floor":20},{"not_picked":["Bloodletting","Armaments"],"picked":"Flex+1","floor":21},{"not_picked":["Thunderclap+1","Rage","Ghostly Armor"],"picked":"SKIP","floor":22},{"not_picked":["Body Slam","Perfected Strike"],"picked":"Headbutt+1","floor":24},{"not_picked":["Evolve+1","Armaments"],"picked":"Headbutt","floor":30},{"not_picked":["Perfected Strike","Twin Strike","Clothesline"],"picked":"SKIP","floor":31}],"player_experience":74524,"relics_obtained":[{"floor":6,"key":"Gambling Chip"},{"floor":9,"key":"Shuriken"},{"floor":24,"key":"Mercury Hourglass"},{"floor":26,"key":"Potion Belt"},{"floor":28,"key":"Enchiridion"},{"floor":31,"key":"Blood Vial"}],"event_choices":[{"event_name":"Wheel of Change","player_choice":"Damage","floor":4,"damage_taken":0},{"event_name":"Liars Game","player_choice":"disagreed","floor":8,"damage_taken":0},{"event_name":"Ghosts","player_choice":"Ignored","floor":19,"damage_taken":0},{"event_name":"Cursed Tome","player_choice":"Obtained Book","floor":28,"damage_taken":0}],"boss_relics":[{"not_picked":["Sozu","Runic Cube"],"picked":"Astrolabe"}],"items_purged_floors":[12,29],"is_endless":false,"potions_floor_spawned":[3,5,6,14,20,21,24,31],"killed_by":"Automaton","ascension_level":0}