{"gold_per_floor":[359,359,373,41,41,41,72,72,72,89,89,14,14,14,14,91,91,104,124,11,0,17,17,36,36,36,36,36],"floor_reached":28,"playtime":886,"items_purged":[],"score":502,"play_id":"69703376-10bb-46ce-b044-82d3b4662119","local_time":"20190303155623","is_ascension_mode":true,"campfire_choices":[{"data":"Apotheosis","floor":6,"key":"SMITH"},{"data":"Well Laid Plans","floor":8,"key":"SMITH"},{"data":"All Out Attack","floor":11,"key":"SMITH"},{"floor":15,"key":"REST"},{"data":"Leg Sweep","floor":23,"key":"SMITH"},{"floor":25,"key":"REST"},{"floor":27,"key":"REST"}],"neow_cost":"TEN_PERCENT_HP_LOSS","seed_source_timestamp":382608081283871,"circlet_count":0,"master_deck":["AscendersBane","Defend_G","Defend_G","Defend_G","Defend_G+1","Defend_G","Strike_G","Strike_G","Strike_G","Strike_G","Survivor","Neutralize","Terror+1","Catalyst","Apotheosis+1","Well Laid Plans+1","Backstab","Poisoned Stab","All Out Attack+1","Skewer","Tools of the Trade","Dash","Deadly Poison","Crippling Poison+1","Leg Sweep+1","Noxious Fumes","Backflip","Prepared+1"],"relics":["Ring of the Snake","Ornamental Fan","Mercury Hourglass","Orrery","Molten Egg 2"],"potions_floor_usage":[28],"damage_taken":[{"damage":0,"enemies":"2 Louse","floor":1,"turns":4},{"damage":0,"enemies":"Jaw Worm","floor":3,"turns":5},{"damage":30,"enemies":"Gremlin Nob","floor":7,"turns":4},{"damage":0,"enemies":"Small Slimes","floor":10,"turns":2},{"damage":0,"enemies":"The Guardian","floor":16,"turns":9},{"damage":4,"enemies":"Chosen","floor":18,"turns":3},{"damage":10,"enemies":"Shell Parasite","floor":19,"turns":4},{"damage":5,"enemies":"Centurion and Healer","floor":22,"turns":6},{"damage":34,"enemies":"Shelled Parasite and Fungi","floor":24,"turns":5},{"damage":48,"enemies":"Gremlin Leader","floor":28,"turns":6}],"seed_played":"-3017460610170151184","potions_obtained":[{"floor":10,"key":"Dexterity Potion"}],"is_trial":false,"path_per_floor":["M","?","M","$","?","R","E","R","T","M","R","$","?","$","R","B",null,"M","M","$","?","M","R","M","R","T","R","E"],"character_chosen":"THE_SILENT","items_purchased":["Apotheosis","Well Laid Plans","Backstab","Skewer","Noxious Fumes","Backflip"],"campfire_rested":3,"item_purchase_floors":[4,4,4,12,20,20],"current_hp_per_floor":[59,41,41,41,46,46,16,16,16,16,16,16,16,16,35,35,58,54,44,44,44,39,39,5,24,24,43,0],"gold":36,"neow_bonus":"TWO_FIFTY_GOLD","is_prod":false,"is_daily":false,"chose_seed":false,"campfire_upgraded":4,"win_rate":0,"timestamp":1551596183,"path_taken":["M","?","M","$","?","R","E","R","T","M","R","$","?","$","R","BOSS","M","M","$","?","M","R","M","R","T","R","E"],"build_version":"2019-01-23","purchased_purges":0,"victory":false,"max_hp_per_floor":[60,60,60,60,65,65,65,65,65,65,65,65,65,65,65,65,65,65,65,65,65,65,65,65,65,65,65,65],"card_choices":[{"not_picked":["Slice","Dodge and Roll"],"picked":"Terror","floor":1},{"not_picked":["Dagger Throw","Choke"],"picked":"Catalyst","floor":3},{"not_picked":["Dodge and Roll","Flying Knee"],"picked":"Poisoned Stab","floor":7},{"not_picked":["Dagger Throw","Heel Hook"],"picked":"All Out Attack","floor":10},{"not_picked":["Wraith Form v2","A Thousand Cuts"],"picked":"Tools of the Trade","floor":16},{"not_picked":["Leg Sweep","Flechettes"],"picked":"Dash","floor":17},{"not_picked":["PiercingWail","Underhanded Strike"],"picked":"Deadly Poison","floor":17},{"not_picked":["Endless Agony","Deflect"],"picked":"Crippling Poison+1","floor":18},{"not_picked":["Choke","Sucker Punch"],"picked":"Leg Sweep","floor":19},{"not_picked":["Poisoned Stab","Infinite Blades","Sucker Punch+1"],"picked":"SKIP","floor":22},{"not_picked":["Finisher","Acrobatics"],"picked":"Prepared+1","floor":24}],"player_experience":610743,"relics_obtained":[{"floor":7,"key":"Ornamental Fan"},{"floor":9,"key":"Mercury Hourglass"},{"floor":26,"key":"Molten Egg 2"}],"event_choices":[{"damage_healed":0,"gold_gain":0,"player_choice":"Entered Light","damage_taken":18,"max_hp_gain":0,"max_hp_loss":0,"event_name":"Shining Light","floor":2,"gold_loss":0,"cards_upgraded":["Defend_G","Terror"]},{"damage_healed":0,"gold_gain":0,"player_choice":"Donut","damage_taken":0,"max_hp_gain":5,"max_hp_loss":0,"event_name":"Big Fish","floor":5,"gold_loss":0},{"cards_removed":["Strike_G"],"damage_healed":0,"gold_gain":0,"player_choice":"Purged","damage_taken":0,"max_hp_gain":0,"max_hp_loss":0,"event_name":"Purifier","floor":13,"gold_loss":0},{"damage_healed":0,"gold_gain":0,"player_choice":"Paid Fearfully","damage_taken":0,"max_hp_gain":0,"max_hp_loss":0,"event_name":"Masked Bandits","floor":21,"gold_loss":11}],"is_beta":false,"boss_relics":[{"not_picked":["Runic Pyramid","Tiny House"],"picked":"Orrery"}],"items_purged_floors":[],"is_endless":false,"potions_floor_spawned":[10],"killed_by":"Gremlin Leader","ascension_level":18}