{"gold_per_floor":[109,122,122,197,197,241,265,285,285,285,285,301,319,340,340,466,466,466,406,406,406,406,406,406,406,406,406,356,356,265,265,265,265,265,265,265,265,265,265],"floor_reached":39,"playtime":2528,"items_purged":["Strike_R","Strike_R"],"score":408,"play_id":"191122f9-b9d8-4cd1-9f72-4fcb9ec5f0b4","local_time":"20190220050401","is_ascension_mode":false,"campfire_choices":[{"data":"Juggernaut","floor":10,"key":"SMITH"},{"data":"True Grit","floor":15,"key":"SMITH"},{"data":"Limit Break","floor":23,"key":"SMITH"},{"data":"Warcry","floor":25,"key":"SMITH"},{"data":"Armaments","floor":29,"key":"SMITH"},{"data":"Body Slam","floor":32,"key":"SMITH"}],"neow_cost":"NONE","seed_source_timestamp":43621354362066,"circlet_count":0,"master_deck":["Defend_R","Defend_R","Defend_R","Defend_R","Bash","Spot Weakness","Metallicize","Warcry","Juggernaut+1","Shrug It Off","True Grit+1","Limit Break+1","Warcry+1","Headbutt+1","Body Slam+1","Sword Boomerang","Armaments+1","Combust","Double Tap","Evolve","Spot Weakness","Heavy Blade"],"relics":["Burning Blood","NeowsBlessing","Golden Idol","Smiling Mask","Self Forming Clay","Ectoplasm","Letter Opener","Mark of Pain"],"potions_floor_usage":[],"damage_taken":[{"damage":0,"enemies":"Small Slimes","floor":1,"turns":1},{"damage":0,"enemies":"2 Louse","floor":2,"turns":2},{"damage":0,"enemies":"3 Sentries","floor":6,"turns":1},{"damage":3,"enemies":"Jaw Worm","floor":7,"turns":5},{"damage":1,"enemies":"3 Louse","floor":8,"turns":8},{"damage":8,"enemies":"Looter","floor":12,"turns":4},{"damage":5,"enemies":"Gremlin Gang","floor":13,"turns":4},{"damage":1,"enemies":"Blue Slaver","floor":14,"turns":4},{"damage":44,"enemies":"Hexaghost","floor":16,"turns":10},{"damage":15,"enemies":"3 Byrds","floor":18,"turns":5},{"damage":6,"enemies":"Chosen","floor":20,"turns":6},{"damage":25,"enemies":"Centurion and Healer","floor":22,"turns":6},{"damage":3,"enemies":"Snecko","floor":24,"turns":5},{"damage":37,"enemies":"Champ","floor":33,"turns":10},{"damage":12,"enemies":"3 Shapes","floor":35,"turns":5},{"damage":38,"enemies":"3 Darklings","floor":37,"turns":5},{"damage":18,"enemies":"Maw","floor":38,"turns":7},{"damage":30,"enemies":"Sphere and 2 Shapes","floor":39,"turns":3}],"seed_played":"-7744334064918796790","potions_obtained":[{"floor":1,"key":"FearPotion"},{"floor":6,"key":"SneckoOil"},{"floor":13,"key":"Explosive Potion"},{"floor":22,"key":"Weak Potion"}],"is_trial":false,"path_per_floor":["M","M","?","?","?","E","M","M","T","R","?","M","M","M","R","B",null,"M","?","M","?","M","R","M","R","T","?","$","R","$","?","R","B",null,"M","?","M","M","M"],"character_chosen":"IRONCLAD","items_purchased":["Combust"],"campfire_rested":0,"item_purchase_floors":[30],"current_hp_per_floor":[80,80,80,69,69,74,74,74,74,74,74,72,73,74,74,36,74,65,65,65,65,46,46,49,49,49,49,49,49,49,49,49,18,74,68,68,36,24,0],"gold":265,"neow_bonus":"THREE_ENEMY_KILL","is_prod":false,"is_daily":false,"chose_seed":false,"campfire_upgraded":6,"win_rate":0,"timestamp":1550631841,"path_taken":["M","M","?","?","?","E","M","?","T","R","?","M","M","M","R","BOSS","M","?","?","?","M","R","M","R","T","?","$","R","$","?","R","BOSS","M","?","M","M","M"],"build_version":"2019-01-23","purchased_purges":2,"victory":false,"max_hp_per_floor":[80,80,80,80,74,74,74,74,74,74,74,74,74,74,74,74,74,74,74,74,74,74,74,74,74,74,74,74,74,74,74,74,74,74,74,74,74,74,74],"card_choices":[{"not_picked":["Clash","Whirlwind"],"picked":"Spot Weakness","floor":1},{"not_picked":["Thunderclap","Shrug It Off"],"picked":"Metallicize","floor":2},{"not_picked":["Dual Wield","Perfected Strike"],"picked":"Warcry","floor":6},{"not_picked":["Dropkick","Infernal Blade","Sentinel"],"picked":"SKIP","floor":7},{"not_picked":["Perfected Strike","Clash"],"picked":"Juggernaut","floor":8},{"not_picked":["Dropkick","Dual Wield"],"picked":"Shrug It Off","floor":12},{"not_picked":["Flame Barrier","Perfected Strike"],"picked":"True Grit","floor":13},{"not_picked":["Metallicize","Clash","Spot Weakness"],"picked":"SKIP","floor":14},{"not_picked":["Juggernaut","Dark Embrace"],"picked":"Limit Break","floor":16},{"not_picked":["Anger","Flex+1"],"picked":"Warcry","floor":18},{"not_picked":["Fire Breathing+1","Dark Embrace"],"picked":"Headbutt+1","floor":20},{"not_picked":["Dropkick","Cleave"],"picked":"Body Slam","floor":22},{"not_picked":["Evolve","Pommel Strike"],"picked":"Sword Boomerang","floor":24},{"not_picked":["Berserk","Feed"],"picked":"Double Tap","floor":33},{"not_picked":["Metallicize","Flex+1"],"picked":"Evolve","floor":35},{"not_picked":["Wild Strike+1","Havoc","Searing Blow+1"],"picked":"SKIP","floor":37},{"not_picked":["Flex+1","Perfected Strike"],"picked":"Heavy Blade","floor":38}],"player_experience":440610,"relics_obtained":[{"floor":6,"key":"Smiling Mask"},{"floor":9,"key":"Self Forming Clay"},{"floor":26,"key":"Letter Opener"}],"event_choices":[{"cards_removed":["Strike_R"],"damage_healed":0,"gold_gain":0,"player_choice":"Forget","damage_taken":0,"max_hp_gain":0,"max_hp_loss":0,"event_name":"Living Wall","floor":3,"gold_loss":0},{"damage_healed":0,"gold_gain":75,"player_choice":"Gather Gold","damage_taken":11,"max_hp_gain":0,"max_hp_loss":0,"event_name":"World of Goop","floor":4,"gold_loss":0},{"damage_healed":0,"gold_gain":0,"player_choice":"Lose Max HP","damage_taken":0,"relics_obtained":["Golden Idol"],"max_hp_gain":0,"max_hp_loss":6,"event_name":"Golden Idol","floor":5,"gold_loss":0},{"damage_healed":0,"gold_gain":0,"player_choice":"Ignored","damage_taken":0,"max_hp_gain":0,"max_hp_loss":0,"event_name":"Liars Game","floor":11,"gold_loss":0},{"cards_removed":["Strike_R"],"damage_healed":0,"gold_gain":0,"player_choice":"Single Remove","damage_taken":0,"max_hp_gain":0,"max_hp_loss":0,"event_name":"Designer","floor":19,"gold_loss":60},{"damage_healed":0,"gold_gain":0,"player_choice":"Ignored","damage_taken":0,"max_hp_gain":0,"max_hp_loss":0,"event_name":"Ghosts","floor":21,"gold_loss":0},{"damage_healed":0,"gold_gain":0,"player_choice":"Read","damage_taken":0,"max_hp_gain":0,"max_hp_loss":0,"event_name":"The Library","floor":27,"gold_loss":0,"cards_obtained":["Armaments"]},{"damage_healed":0,"gold_gain":0,"player_choice":"Ignored","damage_taken":0,"max_hp_gain":0,"max_hp_loss":0,"event_name":"Cursed Tome","floor":31,"gold_loss":0},{"damage_healed":0,"gold_gain":0,"cards_transformed":["Strike_R"],"player_choice":"Transformed","damage_taken":0,"max_hp_gain":0,"max_hp_loss":0,"event_name":"Transmorgrifier","floor":36,"gold_loss":0,"cards_obtained":["Spot Weakness"]}],"is_beta":false,"boss_relics":[{"not_picked":["Fusion Hammer","Pandora\u0027s Box"],"picked":"Ectoplasm"},{"not_picked":["Orrery","Cursed Key"],"picked":"Mark of Pain"}],"items_purged_floors":[28,30],"is_endless":false,"potions_floor_spawned":[1,6,13,22,35],"killed_by":"Sphere and 2 Shapes","ascension_level":0}