{"gold_per_floor":[115,135,146,166,166,166,194,194,194,221,247,269,312,341,353,468,480,502,1,16,33,45,77,88,423,449,449,475,489,522,432,432,536,536,548,548,566,580,221,255,255,46,46,46,71,71,71,86,86,86],"floor_reached":51,"playtime":5835,"items_purged":["Strike_G","Strike_G","Parasite"],"score":1052,"play_id":"503df81d-6da1-4473-a4a3-8da5e0a43943","local_time":"20181029214609","is_ascension_mode":true,"campfire_choices":[{"data":"Neutralize","floor":6,"key":"SMITH"},{"data":"Dash","floor":8,"key":"SMITH"},{"data":"Dash","floor":15,"key":"SMITH"},{"data":"Backstab","floor":27,"key":"SMITH"},{"data":"Well Laid Plans","floor":32,"key":"SMITH"},{"data":"Survivor","floor":44,"key":"SMITH"},{"data":"Strike_G","floor":47,"key":"SMITH"},{"data":"Strike_G","floor":49,"key":"SMITH"}],"neow_cost":"NONE","seed_source_timestamp":893665415027261,"circlet_count":0,"master_deck":["Defend_G","Defend_G","Defend_G+1","Defend_G+1","Defend_G+1","Strike_G+1","Strike_G+1","Survivor+1","Neutralize+1","Dash+1","Well Laid Plans+1","Infinite Blades","Backstab+1","Deflect+1","Backflip+1","Leg Sweep+1","Dash+1","Cloak And Dagger+1","Corpse Explosion+1","Adrenaline+1","Master of Strategy+1","Dash+1","Dodge and Roll+1","PiercingWail+1","Malaise+1"],"relics":["Ring of the Snake","Toxic Egg 2","Ornamental Fan","MawBank","Ancient Tea Set","Busted Crown","Letter Opener","Bag of Preparation","Old Coin","Smiling Mask","Orichalcum","Potion Belt","Coffee Dripper","Kunai","Pear","Mummified Hand","Oddly Smooth Stone","War Paint"],"potions_floor_usage":[25,25,33,33,50,50],"damage_taken":[{"damage":0,"enemies":"Small Slimes","floor":1,"turns":4},{"damage":1,"enemies":"Cultist","floor":2,"turns":4},{"damage":2,"enemies":"Jaw Worm","floor":3,"turns":4},{"damage":2,"enemies":"Large Slime","floor":4,"turns":8},{"damage":17,"enemies":"Lagavulin","floor":7,"turns":9},{"damage":8,"enemies":"Gremlin Nob","floor":10,"turns":5},{"damage":0,"enemies":"3 Louse","floor":11,"turns":3},{"damage":0,"enemies":"Looter","floor":12,"turns":3},{"damage":1,"enemies":"Lagavulin","floor":13,"turns":9},{"damage":0,"enemies":"Gremlin Gang","floor":14,"turns":3},{"damage":6,"enemies":"Slime Boss","floor":16,"turns":11},{"damage":3,"enemies":"Spheric Guardian","floor":18,"turns":6},{"damage":0,"enemies":"3 Byrds","floor":20,"turns":4},{"damage":9,"enemies":"Sentry and Sphere","floor":21,"turns":6},{"damage":0,"enemies":"Snecko","floor":22,"turns":4},{"damage":9,"enemies":"Slavers","floor":23,"turns":4},{"damage":0,"enemies":"3 Cultists","floor":24,"turns":2},{"damage":0,"enemies":"Gremlin Leader","floor":25,"turns":6},{"damage":0,"enemies":"Book of Stabbing","floor":28,"turns":5},{"damage":0,"enemies":"Centurion and Healer","floor":29,"turns":5},{"damage":0,"enemies":"Slavers","floor":30,"turns":2},{"damage":30,"enemies":"Champ","floor":33,"turns":16},{"damage":1,"enemies":"3 Darklings","floor":35,"turns":4},{"damage":0,"enemies":"3 Shapes","floor":37,"turns":3},{"damage":2,"enemies":"Writhing Mass","floor":38,"turns":7},{"damage":0,"enemies":"Nemesis","floor":40,"turns":7},{"damage":0,"enemies":"Reptomancer","floor":45,"turns":9},{"damage":0,"enemies":"4 Shapes","floor":48,"turns":4},{"damage":0,"enemies":"Awakened One","floor":50,"turns":22}],"seed_played":"-2071024881865584179","potions_obtained":[{"floor":1,"key":"GamblersBrew"},{"floor":3,"key":"GhostInAJar"},{"floor":11,"key":"Fire Potion"},{"floor":14,"key":"FearPotion"},{"floor":25,"key":"EssenceOfSteel"},{"floor":28,"key":"Strength Potion"},{"floor":33,"key":"SpeedPotion"},{"floor":40,"key":"GamblersBrew"},{"floor":48,"key":"SkillPotion"}],"is_trial":false,"path_per_floor":["M","M","M","M","?","R","E","R","T","E","M","M","E","M","R","B",null,"M","$","M","M","M","E","M","E","T","R","E","M","E","?","R","B",null,"M","?","M","M","$","E","?","$","T","R","E","T","R","M","R","B"],"character_chosen":"THE_SILENT","items_purchased":["Letter Opener","Master of Strategy+1","PiercingWail+1","Kunai","Malaise+1"],"campfire_rested":0,"item_purchase_floors":[19,19,39,39,42],"current_hp_per_floor":[77,76,74,72,77,77,60,60,60,52,52,52,51,51,51,45,77,74,74,74,65,65,56,56,56,56,56,56,56,56,56,56,26,77,76,73,73,71,71,81,81,80,80,80,80,80,80,80,80,80],"gold":86,"neow_bonus":"TEN_PERCENT_HP_BONUS","is_prod":false,"is_daily":false,"chose_seed":false,"campfire_upgraded":8,"win_rate":0,"timestamp":1540867569,"path_taken":["M","M","M","M","?","R","E","R","T","E","M","M","E","M","R","BOSS","M","$","M","M","M","E","M","E","T","R","E","M","E","?","R","BOSS","M","?","M","M","$","E","?","$","T","R","E","?","R","M","R","BOSS"],"build_version":"2018-10-25v2","purchased_purges":3,"victory":true,"max_hp_per_floor":[77,77,77,77,77,77,77,77,77,77,77,77,77,77,77,77,77,77,77,77,77,77,77,77,77,77,77,77,77,77,77,77,77,77,77,73,73,73,73,83,83,80,80,80,80,80,80,80,80,80],"card_choices":[{"not_picked":["Escape Plan","Bouncing Flask"],"picked":"Dash","floor":1},{"not_picked":["Dodge and Roll","Endless Agony"],"picked":"Well Laid Plans","floor":2},{"not_picked":["Slice","Skewer"],"picked":"Infinite Blades","floor":3},{"not_picked":["Dodge and Roll","Dagger Spray"],"picked":"Backstab","floor":4},{"not_picked":["Eviscerate","Riddle With Holes"],"picked":"Deflect","floor":7},{"not_picked":["Underhanded Strike","Deadly Poison+1"],"picked":"Backflip+1","floor":10},{"not_picked":["Dodge and Roll+1","Heel Hook"],"picked":"Leg Sweep+1","floor":11},{"not_picked":["Dagger Spray","Catalyst+1"],"picked":"Dash","floor":12},{"not_picked":["Sucker Punch","Predator"],"picked":"Cloak And Dagger+1","floor":13},{"not_picked":["Heel Hook","Backflip+1"],"picked":"Corpse Explosion+1","floor":14},{"not_picked":["Burst+1","Malaise+1"],"picked":"Adrenaline+1","floor":16},{"not_picked":["Deadly Poison+1"],"picked":"SKIP","floor":18},{"not_picked":["Dagger Spray+1"],"picked":"SKIP","floor":20},{"not_picked":[],"picked":"Dash+1","floor":21},{"not_picked":[],"picked":"Dodge and Roll+1","floor":22},{"not_picked":["Flying Knee"],"picked":"SKIP","floor":23},{"not_picked":["Prepared+1"],"picked":"SKIP","floor":24},{"not_picked":["Accuracy"],"picked":"SKIP","floor":25},{"not_picked":["Reflex+1"],"picked":"SKIP","floor":28},{"not_picked":["Acrobatics+1"],"picked":"SKIP","floor":29},{"not_picked":["Underhanded Strike+1"],"picked":"SKIP","floor":30},{"not_picked":["Deadly Poison+1"],"picked":"SKIP","floor":35},{"not_picked":["Tactician+1"],"picked":"SKIP","floor":37},{"not_picked":["Outmaneuver+1"],"picked":"SKIP","floor":38},{"not_picked":["Bouncing Flask+1"],"picked":"SKIP","floor":40},{"not_picked":["Bouncing Flask+1"],"picked":"SKIP","floor":40},{"not_picked":["Catalyst+1"],"picked":"SKIP","floor":45},{"not_picked":["Poisoned Stab+1"],"picked":"SKIP","floor":48}],"player_experience":136331,"relics_obtained":[{"floor":7,"key":"Toxic Egg 2"},{"floor":9,"key":"Ornamental Fan"},{"floor":10,"key":"MawBank"},{"floor":13,"key":"Ancient Tea Set"},{"floor":23,"key":"Bag of Preparation"},{"floor":25,"key":"Old Coin"},{"floor":26,"key":"Smiling Mask"},{"floor":28,"key":"Orichalcum"},{"floor":30,"key":"Potion Belt"},{"floor":40,"key":"Pear"},{"floor":43,"key":"Mummified Hand"},{"floor":45,"key":"Oddly Smooth Stone"},{"floor":46,"key":"War Paint"}],"event_choices":[{"damage_healed":5,"gold_gain":0,"player_choice":"Full Heal","damage_taken":0,"max_hp_gain":0,"max_hp_loss":0,"event_name":"Wheel of Change","floor":5,"gold_loss":0},{"cards_removed":["Strike_G"],"damage_healed":0,"gold_gain":0,"player_choice":"Upgrade and Remove","damage_taken":0,"max_hp_gain":0,"max_hp_loss":0,"event_name":"Designer","floor":31,"gold_loss":90,"cards_upgraded":["Defend_G"]},{"damage_healed":0,"gold_gain":0,"player_choice":"Max HP","damage_taken":0,"max_hp_gain":0,"max_hp_loss":4,"event_name":"Winding Halls","floor":36,"gold_loss":0},{"damage_healed":0,"gold_gain":0,"player_choice":"Ignored","damage_taken":0,"max_hp_gain":0,"max_hp_loss":0,"event_name":"SecretPortal","floor":41,"gold_loss":0}],"is_beta":false,"boss_relics":[{"not_picked":["Runic Pyramid","Philosopher\u0027s Stone"],"picked":"Busted Crown"},{"not_picked":["White Beast Statue","Empty Cage"],"picked":"Coffee Dripper"}],"items_purged_floors":[19,39,42],"is_endless":false,"potions_floor_spawned":[1,3,11,14,16,18,25,28,33,40,48],"ascension_level":2}