{"path_per_floor":["M","M","?","M","M","E","?","R","T","R","E","M","E","M","R","B",null,"M","M","?","?","$","R","M","R","T","M","M","?","R","E","R","B",null,"M","?","?","?","?","R","M","R","T","E","$","R","?","E","R","B"],"character_chosen":"THE_SILENT","items_purchased":["Juzu Bracelet","Backflip","Mercury Hourglass"],"gold_per_floor":[115,127,127,138,150,177,177,177,232,232,266,285,317,335,335,434,434,401,417,417,417,144,144,160,160,160,176,188,188,188,216,216,316,316,334,334,334,334,334,334,352,352,377,406,52,52,52,80,80,80],"floor_reached":51,"campfire_rested":3,"playtime":6602,"current_hp_per_floor":[70,70,37,31,30,29,29,29,29,29,24,24,18,15,36,28,70,51,51,42,42,42,42,34,34,34,45,39,39,39,41,41,52,52,43,62,52,52,52,52,58,58,58,26,26,44,44,38,58,59],"items_purged":["Defend_G","Bite_G"],"gold":80,"play_id":"a82aa8fc-f9b1-453a-90e6-32fc8ee36122","is_prod":false,"is_daily":false,"campfire_rituals":0,"campfire_upgraded":8,"is_hardmode":false,"path_taken":["M","M","?","M","?","E","?","R","T","R","E","M","E","M","R","BOSS","M","M","?","?","$","R","M","R","T","M","M","?","R","E","R","BOSS","M","?","?","?","?","R","M","R","T","E","$","R","?","E","R","BOSS"],"build_version":"2018-01-18-PROD3","purchased_purges":3,"victory":true,"master_deck":["Defend_G","Defend_G","Defend_G","Survivor","Neutralize","Flying Knee","Footwork","Flying Knee","Footwork","Footwork","Quick Slash","A Thousand Cuts","Dodge and Roll","Flying Knee","Envenom","Skewer","Terror","Predator","Acrobatics","Blur","Bite_G","Bite_G","Bite_G","Bite_G","Backflip","Deadly Poison","Well Laid Plans","Backflip","Backflip","Footwork","Madness","Madness","Bouncing Flask","Backflip"],"max_hp_per_floor":[70,70,70,70,70,70,70,70,70,70,70,70,70,70,70,70,70,70,70,75,52,52,52,52,52,52,52,52,52,52,52,52,52,52,52,62,62,62,62,62,62,62,62,62,62,62,62,69,69,69],"relics":["Velvet Choker","Ninja Scroll","Bottled Flame","Orichalcum","Kunai","Orrery","Juzu Bracelet","Letter Opener","Bag of Preparation","Lizard Tail","Omamori","Anchor","Mercury Hourglass","Strawberry"],"campfire_meditates":0,"card_choices":[{"not_picked":["Dodge and Roll","Flechettes"],"picked":"Flying Knee"},{"not_picked":["Skewer","Underhanded Strike"],"picked":"Footwork"},{"not_picked":["Terror","Choke"],"picked":"Flying Knee"},{"not_picked":["Deadly Poison","Dagger Spray"],"picked":"Footwork"},{"not_picked":["Bullet Time","Poisoned Stab"],"picked":"Footwork"},{"not_picked":["All Out Attack","Masterful Stab"],"picked":"Quick Slash"},{"not_picked":["Underhanded Strike","Bane"],"picked":"A Thousand Cuts"},{"not_picked":["Flying Knee","Prepared"],"picked":"Dodge and Roll"},{"not_picked":["Prepared","Masterful Stab"],"picked":"Flying Knee"},{"not_picked":["Wraith Form","Glass Knife"],"picked":"Envenom"},{"not_picked":["Prepared","Dagger Throw"],"picked":"Infinite Blades"},{"not_picked":["Finisher","Calculated Gamble"],"picked":"Skewer"},{"not_picked":["Deadly Poison","Distraction"],"picked":"Terror"},{"not_picked":["Flying Knee","Prepared"],"picked":"Predator"},{"not_picked":["PiercingWail","Slice"],"picked":"Acrobatics"},{"not_picked":["Cloak And Dagger","Dagger Spray"],"picked":"Blur"},{"not_picked":["Grand Finale","Underhanded Strike"],"picked":"Deadly Poison"},{"not_picked":["Slice","Infinite Blades"],"picked":"Well Laid Plans"},{"not_picked":["Heel Hook","Deadly Poison"],"picked":"Backflip"},{"not_picked":["Footwork","Dodge and Roll"],"picked":"Backflip"},{"not_picked":["Die Die Die","Tactician"],"picked":"Unload"},{"not_picked":["Cloak And Dagger","Masterful Stab"],"picked":"Footwork"},{"not_picked":["Dagger Throw","Underhanded Strike"],"picked":"Bouncing Flask"},{"not_picked":["Terror","Deadly Poison"],"picked":"Backflip"}],"player_experience":255464,"potions_floor_usage":[48,48,50],"damage_taken":[{"damage":0.0,"enemies":"Cultist","floor":1.0,"turns":4.0},{"damage":0.0,"enemies":"2 Louse","floor":2.0,"turns":3.0},{"damage":6.0,"enemies":"Small Slimes","floor":4.0,"turns":2.0},{"damage":1.0,"enemies":"Gremlin Gang","floor":5.0,"turns":6.0},{"damage":1.0,"enemies":"Lagavulin","floor":6.0,"turns":10.0},{"damage":5.0,"enemies":"3 Sentries","floor":11.0,"turns":11.0},{"damage":0.0,"enemies":"Exordium Wildlife","floor":12.0,"turns":2.0},{"damage":6.0,"enemies":"Lagavulin","floor":13.0,"turns":7.0},{"damage":3.0,"enemies":"Red Slaver","floor":14.0,"turns":5.0},{"damage":8.0,"enemies":"Slime Boss","floor":16.0,"turns":10.0},{"damage":19.0,"enemies":"2 Thieves","floor":18.0,"turns":5.0},{"damage":0.0,"enemies":"3 Byrds","floor":19.0,"turns":7.0},{"damage":10.0,"enemies":"Snecko","floor":24.0,"turns":6.0},{"damage":1.0,"enemies":"Centurion and Healer","floor":27.0,"turns":8.0},{"damage":22.0,"enemies":"Slaver and Parasite","floor":28.0,"turns":10.0},{"damage":22.0,"enemies":"Gremlin Leader","floor":31.0,"turns":10.0},{"damage":0.0,"enemies":"Champ","floor":33.0,"turns":12.0},{"damage":18,"enemies":"3 Shapes","floor":35,"turns":6},{"damage":5,"enemies":"3 Darklings","floor":41,"turns":6},{"damage":56,"enemies":"Giant Head","floor":44,"turns":12},{"damage":65,"enemies":"2 Orb Walkers","floor":48,"turns":7},{"damage":38,"enemies":"Awakened One","floor":50,"turns":17}],"event_choices":[{"event_name":"Scrap Ooze","player_choice":"success","floor":3.0,"damage_taken":33.0},{"event_name":"Purifier","player_choice":"One Purge","floor":7.0,"damage_taken":0.0},{"event_name":"Forgotten Altar","player_choice":"Shed Blood","floor":20.0,"damage_taken":0.0},{"event_name":"Vampires","player_choice":"Became a vampire","floor":21.0,"damage_taken":0.0},{"event_name":"Purifier","player_choice":"One Purge","floor":29.0,"damage_taken":0.0},{"event_name":"Bonfire Elementals","player_choice":"RARE","floor":36,"damage_taken":0},{"event_name":"Winding Halls","player_choice":"Embrace Madness","floor":37,"damage_taken":0},{"event_name":"Tomb of Lord Red Mask","player_choice":"Ignored","floor":38,"damage_taken":0},{"event_name":"Mysterious Sphere","player_choice":"Ignore","floor":39,"damage_taken":0}],"boss_relics":[{"not_picked":["Snecko Eye","Tiny House"],"picked":"Lizard Tail"}],"potions_floor_spawned":[2,5,6,12,16,28,33,41],"seed_played":"4062794267747814715","is_trial":false}