{"gold_per_floor":[115,115,290,309,86,86,116,130,157,167,193,193,211,211,211,311,311,330,349,249,174,187,187,219,239,239,239,239,239,259,279,279,279],"floor_reached":33,"playtime":2144,"items_purged":["Doubt","Strike_R"],"score":463,"play_id":"22425bd7-4046-4e35-a46d-7f5acc08b14b","local_time":"20190225202117","is_ascension_mode":true,"campfire_choices":[{"data":"Bash","floor":6.0,"key":"SMITH"},{"data":"Rampage","floor":12.0,"key":"SMITH"},{"data":"Double Tap","floor":15.0,"key":"SMITH"},{"data":"True Grit","floor":23,"key":"SMITH"},{"floor":27,"key":"REST"},{"data":"Anger","floor":29,"key":"SMITH"},{"floor":32,"key":"REST"}],"neow_cost":"NONE","seed_source_timestamp":0,"circlet_count":0,"master_deck":["Strike_R","Defend_R","Defend_R","Defend_R","Defend_R","Bash+1","Inflame","Clothesline","Pommel Strike","Rampage+1","Anger+1","Feed","Headbutt","Double Tap+1","Demon Form","True Grit+1","Disarm+1","Writhe","Battle Trance+1"],"special_seed":0,"relics":["Burning Blood","Bag of Preparation","Tiny Chest","Anchor","PreservedInsect","Vajra","Empty Cage","Centennial Puzzle","Self Forming Clay","Toxic Egg 2"],"potions_floor_usage":[19,33,33,33],"damage_taken":[{"damage":9.0,"enemies":"2 Louse","floor":1.0,"turns":3.0},{"damage":10.0,"enemies":"Jaw Worm","floor":4.0,"turns":6.0},{"damage":20.0,"enemies":"3 Sentries","floor":7.0,"turns":9.0},{"damage":1.0,"enemies":"Cultist","floor":8.0,"turns":3.0},{"damage":3.0,"enemies":"Looter","floor":10.0,"turns":3.0},{"damage":0.0,"enemies":"Lagavulin","floor":11.0,"turns":3.0},{"damage":2.0,"enemies":"Large Slime","floor":13.0,"turns":5.0},{"damage":44.0,"enemies":"Hexaghost","floor":16.0,"turns":6.0},{"damage":2.0,"enemies":"Chosen","floor":18.0,"turns":3.0},{"damage":21,"enemies":"3 Byrds","floor":19,"turns":5},{"damage":2,"enemies":"Cultist and Chosen","floor":22,"turns":4},{"damage":32,"enemies":"Book of Stabbing","floor":24,"turns":5},{"damage":46,"enemies":"3 Cultists","floor":25,"turns":7},{"damage":28,"enemies":"Shelled Parasite and Fungi","floor":30,"turns":4},{"damage":25,"enemies":"Sentry and Sphere","floor":31,"turns":4},{"damage":63,"enemies":"Collector","floor":33,"turns":6}],"seed_played":"1452403074140418038","potions_obtained":[{"floor":4.0,"key":"Block Potion"},{"floor":8.0,"key":"Weak Potion"},{"floor":10.0,"key":"Poison Potion"},{"floor":16.0,"key":"Fire Potion"},{"floor":18.0,"key":"SpeedPotion"},{"floor":22,"key":"Strength Potion"},{"floor":24,"key":"PowerPotion"}],"is_trial":false,"path_per_floor":["M","?","?","M","$","R","E","M","T","M","E","R","M","$","R","B",null,"M","M","$","?","M","R","E","M","T","R","?","R","M","M","R","B"],"character_chosen":"IRONCLAD","items_purchased":["Tiny Chest","Pommel Strike"],"campfire_rested":2,"item_purchase_floors":[5,5],"current_hp_per_floor":[77,70,70,66,66,66,52,57,57,60,69,69,76,76,76,38,80,87,75,75,75,82,82,56,16,16,46,46,46,27,11,43,0],"gold":279,"neow_bonus":"TEN_PERCENT_HP_BONUS","is_prod":false,"is_daily":false,"chose_seed":false,"campfire_upgraded":5,"win_rate":0,"timestamp":1551144077,"path_taken":["M","?","?","M","$","R","E","?","T","M","E","R","M","$","R","BOSS","M","?","$","?","M","R","E","M","T","R","?","R","M","M","R","BOSS"],"build_version":"2019-01-23","purchased_purges":2,"victory":false,"max_hp_per_floor":[88,88,88,88,88,88,88,88,88,88,91,91,94,94,94,94,94,97,100,100,100,103,103,103,103,103,103,103,103,106,109,109,109],"card_choices":[{"not_picked":["Sword Boomerang","Thunderclap"],"picked":"Inflame","floor":1.0},{"not_picked":["Power Through","Warcry"],"picked":"Clothesline","floor":4.0},{"not_picked":["Carnage","Juggernaut"],"picked":"Rampage","floor":7.0},{"not_picked":["Corruption","Thunderclap"],"picked":"Anger","floor":8.0},{"not_picked":["Headbutt","Feel No Pain"],"picked":"Feed","floor":10.0},{"not_picked":["Sword Boomerang","Heavy Blade"],"picked":"Headbutt","floor":11.0},{"not_picked":["Heavy Blade","Armaments"],"picked":"Double Tap","floor":13.0},{"not_picked":["Fiend Fire","Bludgeon"],"picked":"Demon Form","floor":16.0},{"not_picked":["Heavy Blade","Thunderclap"],"picked":"True Grit","floor":18.0},{"not_picked":["Twin Strike","Reckless Charge","Havoc"],"picked":"SKIP","floor":19},{"not_picked":["Twin Strike","Reckless Charge","Havoc"],"picked":"SKIP","floor":19},{"not_picked":["Infernal Blade","Pommel Strike"],"picked":"Disarm+1","floor":22},{"not_picked":["Pommel Strike","Perfected Strike","Armaments"],"picked":"SKIP","floor":24},{"not_picked":["Body Slam+1","Bludgeon","Infernal Blade"],"picked":"SKIP","floor":25},{"not_picked":["Infernal Blade+1","Entrench+1"],"picked":"Battle Trance+1","floor":30},{"not_picked":["Inflame","Evolve","Body Slam"],"picked":"SKIP","floor":31}],"player_experience":1676777,"relics_obtained":[{"floor":7.0,"key":"Anchor"},{"floor":9.0,"key":"PreservedInsect"},{"floor":11.0,"key":"Vajra"},{"floor":24,"key":"Centennial Puzzle"},{"floor":26,"key":"Self Forming Clay"}],"event_choices":[{"damage_healed":0.0,"max_hp_gain":0.0,"max_hp_loss":0.0,"gold_gain":0.0,"event_name":"Scrap Ooze","player_choice":"Success","floor":2.0,"gold_loss":0.0,"damage_taken":7.0,"relics_obtained":["Bag of Preparation"]},{"damage_healed":0.0,"max_hp_gain":0.0,"max_hp_loss":0.0,"gold_gain":175.0,"event_name":"Liars Game","player_choice":"AGREE","floor":3.0,"gold_loss":0.0,"damage_taken":0.0,"cards_obtained":["Doubt"]},{"cards_removed":["Strike_R"],"damage_healed":0,"gold_gain":0,"player_choice":"Gave Gold","damage_taken":0,"max_hp_gain":0,"max_hp_loss":0,"event_name":"Beggar","floor":21,"gold_loss":75},{"damage_healed":0,"gold_gain":0,"player_choice":"Opened","damage_taken":0,"relics_obtained":["Toxic Egg 2"],"max_hp_gain":0,"max_hp_loss":0,"event_name":"The Mausoleum","floor":28,"gold_loss":0,"cards_obtained":["Writhe"]}],"is_beta":false,"boss_relics":[{"not_picked":["Lizard Tail","Runic Dome"],"picked":"Empty Cage"}],"items_purged_floors":[5,20],"is_endless":false,"potions_floor_spawned":[4,8,10,16,18,22,24],"killed_by":"Collector","ascension_level":9}