{"gold_per_floor":[219,238,251,269,269,298,309,309,357,357,374,384,399,409,409,514,514,527,442,442,231,131,131,147,162,214,214,242,296,296,328,328,425,455,465,465,478,478,498,498,219,219,300,300,313,327,327,340,340,340],"floor_reached":51,"playtime":3793,"items_purged":["Strike_R","Strike_R","Reckless Charge"],"score":749,"play_id":"3e3e1127-c308-4f68-b7d4-47dfb96d61e1","local_time":"20180716222927","is_ascension_mode":true,"campfire_choices":[{"data":"Searing Blow","floor":8,"key":"SMITH"},{"data":"Searing Blow+1","floor":10,"key":"SMITH"},{"data":"Searing Blow+2","floor":15,"key":"SMITH"},{"data":"Searing Blow+3","floor":23,"key":"SMITH"},{"data":"Searing Blow+4","floor":27,"key":"SMITH"},{"floor":32,"key":"REST"},{"data":"Searing Blow+5","floor":40,"key":"SMITH"},{"data":"Searing Blow+6","floor":44,"key":"SMITH"},{"data":"Searing Blow+7","floor":47,"key":"SMITH"},{"data":"Searing Blow+8","floor":49,"key":"SMITH"}],"neow_cost":"NONE","seed_source_timestamp":526933060031271,"circlet_count":0,"master_deck":["Strike_R+1","Defend_R","Defend_R+1","Defend_R","Defend_R","Bash+1","Iron Wave","Flex","Searing Blow+9","Armaments","Flex","Shrug It Off","Shrug It Off","Pommel Strike+1","Double Tap","Shrug It Off+1","Reaper","Seeing Red+1","Madness","Madness","Uppercut+1"],"relics":["Burning Blood","Matryoshka","Pen Nib","Centennial Puzzle","Sozu","Anchor","Ancient Tea Set","Mango","Vajra","Whetstone","Blood Vial","Boot","Tiny House","Bag of Preparation","Self Forming Clay"],"potions_floor_usage":[6,16,16,16],"damage_taken":[{"damage":12,"enemies":"Small Slimes","floor":1,"turns":4},{"damage":1,"enemies":"Cultist","floor":2,"turns":4},{"damage":0,"enemies":"2 Louse","floor":3,"turns":2},{"damage":14,"enemies":"Blue Slaver","floor":4,"turns":5},{"damage":21,"enemies":"3 Sentries","floor":6,"turns":10},{"damage":20,"enemies":"Exordium Wildlife","floor":7,"turns":4},{"damage":1,"enemies":"Exordium Thugs","floor":11,"turns":3},{"damage":2,"enemies":"2 Fungi Beasts","floor":12,"turns":3},{"damage":11,"enemies":"Lots of Slimes","floor":13,"turns":5},{"damage":0,"enemies":"Large Slime","floor":14,"turns":5},{"damage":7,"enemies":"Slime Boss","floor":16,"turns":9},{"damage":12,"enemies":"Spheric Guardian","floor":18,"turns":4},{"damage":10,"enemies":"2 Thieves","floor":24,"turns":3},{"damage":0,"enemies":"Snecko","floor":25,"turns":4},{"damage":2,"enemies":"Book of Stabbing","floor":28,"turns":3},{"damage":88,"enemies":"Gremlin Leader","floor":31,"turns":10},{"damage":35,"enemies":"Collector","floor":33,"turns":4},{"damage":3,"enemies":"3 Shapes","floor":35,"turns":5},{"damage":2,"enemies":"Orb Walker","floor":37,"turns":3},{"damage":50,"enemies":"Sphere and 2 Shapes","floor":39,"turns":4},{"damage":1,"enemies":"4 Shapes","floor":45,"turns":5},{"damage":17,"enemies":"Maw","floor":46,"turns":5},{"damage":14,"enemies":"Sphere and 2 Shapes","floor":48,"turns":4},{"damage":30,"enemies":"Time Eater","floor":50,"turns":4}],"seed_played":"5640885503699631008","potions_obtained":[{"floor":3,"key":"Swift Potion"},{"floor":7,"key":"Strength Potion"},{"floor":11,"key":"BloodPotion"},{"floor":13,"key":"Ancient Potion"}],"is_trial":false,"path_per_floor":["M","M","M","M","?","E","M","R","T","R","M","M","M","M","R","B",null,"M","?","T","$","$","R","M","M","T","R","E","T","?","E","R","B",null,"M","?","M","?","M","R","$","?","T","R","M","M","R","M","R","B"],"character_chosen":"IRONCLAD","items_purchased":["Double Tap","Bag of Preparation"],"campfire_rested":1,"item_purchase_floors":[21,41],"current_hp_per_floor":[74,79,80,72,72,57,43,43,43,43,48,52,47,53,53,60,80,74,74,88,88,88,88,84,90,90,90,94,94,94,12,40,13,99,99,87,93,93,67,67,67,67,67,67,99,88,88,82,82,67],"gold":340,"neow_bonus":"HUNDRED_GOLD","is_prod":false,"is_daily":false,"chose_seed":false,"campfire_upgraded":9,"win_rate":0,"timestamp":1531805367,"path_taken":["M","M","M","M","?","E","M","R","T","R","?","M","?","M","R","BOSS","M","?","?","?","$","R","M","?","T","R","E","?","?","E","R","BOSS","M","?","M","?","M","R","?","?","T","R","?","?","R","M","R","BOSS"],"build_version":"2018-07-12","purchased_purges":3,"victory":true,"max_hp_per_floor":[80,80,80,80,80,80,80,80,80,80,80,80,80,80,80,80,80,80,80,94,94,94,94,94,94,94,94,94,94,94,94,94,94,99,99,99,99,99,99,99,99,99,99,99,99,99,99,99,99,99],"card_choices":[{"not_picked":["Combust","Rage"],"picked":"Iron Wave","floor":1},{"not_picked":["Anger","Cleave"],"picked":"Flex","floor":2},{"not_picked":["Twin Strike","Corruption"],"picked":"Searing Blow","floor":3},{"not_picked":["Spot Weakness","Bloodletting","True Grit"],"picked":"SKIP","floor":4},{"not_picked":["Spot Weakness","Hemokinesis"],"picked":"Armaments","floor":6},{"not_picked":["Cleave","Infernal Blade"],"picked":"Flex","floor":7},{"not_picked":["Bloodletting","Twin Strike","Heavy Blade"],"picked":"SKIP","floor":11},{"not_picked":["Anger","Hemokinesis","Headbutt"],"picked":"SKIP","floor":12},{"not_picked":["Body Slam","Pommel Strike"],"picked":"Shrug It Off","floor":13},{"not_picked":["Flame Barrier","Twin Strike"],"picked":"Shrug It Off","floor":14},{"not_picked":["Metallicize+1","Anger"],"picked":"Pommel Strike+1","floor":18},{"not_picked":["Pommel Strike","Warcry"],"picked":"Shrug It Off+1","floor":24},{"not_picked":["Clothesline","Shrug It Off+1","Feed"],"picked":"SKIP","floor":25},{"not_picked":["Pommel Strike","Corruption","Body Slam"],"picked":"SKIP","floor":28},{"not_picked":["Berserk","Iron Wave","Rage"],"picked":"SKIP","floor":31},{"not_picked":["Bludgeon","Demon Form"],"picked":"Reaper","floor":33},{"not_picked":["Blood for Blood","Combust+1"],"picked":"Seeing Red+1","floor":34},{"not_picked":["Searing Blow+1","Pummel","Blood for Blood+1"],"picked":"SKIP","floor":35},{"not_picked":["Infernal Blade+1","Twin Strike+1","Clothesline+1"],"picked":"SKIP","floor":37},{"not_picked":["Infernal Blade+1","Twin Strike+1","Clothesline+1"],"picked":"SKIP","floor":37},{"not_picked":["Searing Blow+1","Blood for Blood"],"picked":"Uppercut+1","floor":39},{"not_picked":["Hemokinesis","Iron Wave","Fire Breathing"],"picked":"SKIP","floor":45},{"not_picked":["Flex","True Grit","Heavy Blade+1"],"picked":"SKIP","floor":46},{"not_picked":["Combust","Sever Soul+1","Rupture"],"picked":"SKIP","floor":48}],"player_experience":78812,"relics_obtained":[{"floor":6,"key":"Matryoshka"},{"floor":9,"key":"Pen Nib"},{"floor":9,"key":"Centennial Puzzle"},{"floor":20,"key":"Ancient Tea Set"},{"floor":20,"key":"Mango"},{"floor":26,"key":"Vajra"},{"floor":28,"key":"Whetstone"},{"floor":29,"key":"Blood Vial"},{"floor":31,"key":"Boot"},{"floor":43,"key":"Self Forming Clay"}],"event_choices":[{"event_name":"Purifier","player_choice":"One Purge","floor":5,"damage_taken":0},{"event_name":"Addict","player_choice":"Obtained Relic","floor":19,"damage_taken":0},{"event_name":"Transmorgrifier","player_choice":"Transform","floor":30,"damage_taken":0},{"event_name":"Winding Halls","player_choice":"Embrace Madness","floor":36,"damage_taken":0},{"event_name":"Tomb of Lord Red Mask","player_choice":"Ignored","floor":38,"damage_taken":0},{"event_name":"SecretPortal","player_choice":"Rejected Portal.","floor":42,"damage_taken":0}],"boss_relics":[{"not_picked":["Calling Bell","White Beast Statue"],"picked":"Sozu"},{"not_picked":["Mark of Pain","Philosopher\u0027s Stone"],"picked":"Tiny House"}],"items_purged_floors":[21,22,41],"is_endless":false,"potions_floor_spawned":[3,7,11,13,18,33,35,39,45],"ascension_level":1}