{"path_per_floor":["M","M","T","?","M","E","$","R","T","R","M","M","?","M","R","B",null,"M","$","M","?","?","R","T","R","T","$","R","?","M","$","R","B",null,"M","?","$","M","?","R","M","?","T","M","?","R","M","M","R","B"],"character_chosen":"IRONCLAD","items_purchased":["Thinking Ahead","Omamori","Block Potion"],"gold_per_floor":[116,132,158,158,175,207,3,3,3,3,15,29,29,41,41,143,143,158,8,18,18,18,18,42,42,42,42,42,42,53,53,53,148,148,158,158,35,48,0,0,20,20,20,39,39,39,53,65,65,65],"floor_reached":51,"campfire_rested":2,"playtime":2968,"current_hp_per_floor":[72,70,70,63,63,38,38,62,62,62,52,52,49,43,43,32,80,66,66,45,45,45,45,45,45,45,45,45,29,24,24,24,48,80,80,80,80,80,80,80,72,62,72,42,42,42,54,47,74,17],"items_purged":["Strike_R"],"gold":65,"play_id":"f60c4e4b-95e9-41c0-8fe4-be2af5c25003","is_prod":false,"is_daily":false,"campfire_rituals":0,"campfire_upgraded":1,"is_hardmode":false,"path_taken":["M","M","?","?","?","E","$","R","T","R","M","M","?","M","R","BOSS","M","?","M","?","?","R","?","R","T","?","R","?","M","?","R","BOSS","M","?","?","M","?","R","M","?","T","M","?","R","M","M","R","BOSS"],"build_version":"2018-01-18-PROD4","purchased_purges":1,"victory":true,"master_deck":["Strike_R","Strike_R","Strike_R","Defend_R","Defend_R","Defend_R","Defend_R","Bash","Spot Weakness","Battle Trance","Sever Soul","Evolve","Thinking Ahead","Cleave","Immolate","Power Through","Impervious","Whirlwind","Sever Soul","Demon Form","Burning Pact","Burning Pact","Whirlwind","Madness","Madness","Whirlwind"],"max_hp_per_floor":[80,80,80,80,80,80,80,80,80,80,80,80,80,80,80,80,80,80,80,80,80,80,80,80,80,80,80,80,80,80,80,80,80,80,80,80,80,80,80,80,80,80,90,90,90,90,90,90,90,90],"relics":["Lizard Tail","Toxic Egg","Juzu Bracelet","Shovel","Mercury Hourglass","Dodecahedron","Thread and Needle","White Beast Statue","Omamori","Pantograph","Molten Egg","Pen Nib","Gambling Chip","Champion Belt","Necronomicon","Philosopher\u0027s Stone","Kunai","Red Mask","War Paint","Pear","Meat on the Bone"],"campfire_meditates":0,"card_choices":[{"not_picked":["Seeing Red","Blood for Blood"],"picked":"Spot Weakness"},{"not_picked":["Flex","Pommel Strike"],"picked":"Battle Trance"},{"not_picked":["Body Slam","Offering"],"picked":"Sever Soul"},{"not_picked":["Headbutt","Battle Trance"],"picked":"Evolve"},{"not_picked":["Twin Strike","Clash"],"picked":"Cleave"},{"not_picked":["Searing Blow","Clash"],"picked":"Immolate"},{"not_picked":["Evolve","Intimidate"],"picked":"Power Through"},{"not_picked":["Offering","Immolate"],"picked":"Impervious"},{"not_picked":["Reckless Charge","Sword Boomerang"],"picked":"Whirlwind"},{"not_picked":["Thunderclap","Wild Strike"],"picked":"Sever Soul"},{"not_picked":["Brutality","Double Tap"],"picked":"Demon Form"},{"not_picked":["Shrug It Off","Reckless Charge"],"picked":"Burning Pact"},{"not_picked":["Cleave","Clash"],"picked":"Burning Pact"},{"not_picked":["Anger","Body Slam"],"picked":"Whirlwind"},{"not_picked":["Combust","Clothesline"],"picked":"Whirlwind"}],"player_experience":298594,"potions_floor_usage":[2,6,16,18,33,33,38,44,48,50,50],"damage_taken":[{"damage":8,"enemies":"Blue Slaver","floor":1,"turns":7},{"damage":2,"enemies":"Small Slimes","floor":2,"turns":3},{"damage":0,"enemies":"Cultist","floor":5,"turns":4},{"damage":25,"enemies":"3 Sentries","floor":6,"turns":6},{"damage":10,"enemies":"Gremlin Gang","floor":11,"turns":4},{"damage":0,"enemies":"Lots of Slimes","floor":12,"turns":2},{"damage":6,"enemies":"3 Louse","floor":14,"turns":2},{"damage":11,"enemies":"The Guardian","floor":16,"turns":11},{"damage":14,"enemies":"Chosen","floor":18,"turns":6},{"damage":21,"enemies":"Shell Parasite","floor":20,"turns":6},{"damage":5,"enemies":"Snake Plant","floor":30,"turns":3},{"damage":1,"enemies":"Collector","floor":33,"turns":8},{"damage":0,"enemies":"3 Darklings","floor":35,"turns":1},{"damage":0,"enemies":"Orb Walker","floor":38,"turns":2},{"damage":8,"enemies":"4 Shapes","floor":41,"turns":1},{"damage":30,"enemies":"Maw","floor":44,"turns":5},{"damage":0,"enemies":"Sphere and 2 Shapes","floor":47,"turns":1},{"damage":22,"enemies":"4 Shapes","floor":48,"turns":2},{"damage":85,"enemies":"Time Eater","floor":50,"turns":9}],"event_choices":[{"event_name":"Golden Wing","player_choice":"Card Removal","floor":4,"damage_taken":0},{"event_name":"Scrap Ooze","player_choice":"success","floor":13,"damage_taken":3},{"event_name":"Drug Dealer","player_choice":"Ignored","floor":21,"damage_taken":0},{"event_name":"Addict","player_choice":"Ignored","floor":22,"damage_taken":0},{"event_name":"Cursed Tome","player_choice":"Obtained Book","floor":29,"damage_taken":0},{"event_name":"Wheel of Change","player_choice":"Relic","floor":36,"damage_taken":0},{"event_name":"Tomb of Lord Red Mask","player_choice":"Paid","floor":39,"damage_taken":0},{"event_name":"Winding Halls","player_choice":"Embrace Madness","floor":42,"damage_taken":0},{"event_name":"Mysterious Sphere","player_choice":"Ignore","floor":45,"damage_taken":0}],"boss_relics":[{"not_picked":["Runic Cube","Orrery"],"picked":"White Beast Statue"},{"not_picked":["Eternal Feather","Calling Bell"],"picked":"Philosopher\u0027s Stone"}],"potions_floor_spawned":[1,2,5,16,18,20,30,33,35,38,41,44,47,48],"seed_played":"-3469104679951364422","is_trial":false}