{"gold_per_floor":[111,124,141,151,170,170,189,64,111,14,28,28,59,79,79,179,179,193,41,59,75,0,0,19,19,19,48,48,147,163,182,182,182],"floor_reached":33,"playtime":3536,"items_purged":["Defend_R"],"score":298,"play_id":"c2e8d006-251b-46e4-8351-093c6507b621","local_time":"20190203151845","is_ascension_mode":false,"campfire_choices":[{"data":"Iron Wave","floor":6,"key":"SMITH"},{"data":"True Grit","floor":12,"key":"SMITH"},{"data":"Panacea","floor":15,"key":"SMITH"},{"data":"Sentinel","floor":23,"key":"SMITH"},{"data":"Defend_R","floor":25,"key":"SMITH"},{"data":"Flame Barrier","floor":28,"key":"SMITH"},{"floor":32,"key":"REST"}],"neow_cost":"NONE","seed_source_timestamp":1829403071419867,"circlet_count":0,"master_deck":["Strike_R","Strike_R","Strike_R","Strike_R","Strike_R","Defend_R","Defend_R+1","Bash+1","Iron Wave+1","Wild Strike","Sentinel+1","Flex","Perfected Strike","Armaments","Spot Weakness","Panacea+1","Flash of Steel","True Grit+1","Uppercut","Warcry","Feed","True Grit+1","Inflame","Disarm+1","Seeing Red+1","Heavy Blade","Flame Barrier+1","Dropkick+1","Flame Barrier"],"relics":["Black Blood","Strawberry","Bag of Marbles","Paper Frog","Meat on the Bone"],"potions_floor_usage":[13,16,21,24,27,27,27,30,31,31,31],"damage_taken":[{"damage":6,"enemies":"Cultist","floor":1,"turns":3},{"damage":0,"enemies":"2 Louse","floor":2,"turns":4},{"damage":5,"enemies":"Jaw Worm","floor":3,"turns":4},{"damage":0,"enemies":"Exordium Wildlife","floor":4,"turns":3},{"damage":20,"enemies":"Large Slime","floor":5,"turns":8},{"damage":1,"enemies":"Exordium Thugs","floor":7,"turns":4},{"damage":2,"enemies":"Blue Slaver","floor":11,"turns":3},{"damage":6,"enemies":"Gremlin Nob","floor":13,"turns":3},{"damage":4,"enemies":"Red Slaver","floor":14,"turns":4},{"damage":57,"enemies":"Hexaghost","floor":16,"turns":12},{"damage":38,"enemies":"3 Byrds","floor":18,"turns":7},{"damage":35,"enemies":"Spheric Guardian","floor":20,"turns":8},{"damage":16,"enemies":"Snecko","floor":21,"turns":6},{"damage":12,"enemies":"Snake Plant","floor":24,"turns":3},{"damage":22,"enemies":"Book of Stabbing","floor":27,"turns":5},{"damage":23,"enemies":"Cultist and Chosen","floor":30,"turns":7},{"damage":36,"enemies":"3 Cultists","floor":31,"turns":6},{"damage":66,"enemies":"Automaton","floor":33,"turns":8}],"seed_played":"5722425153855876454","potions_obtained":[{"floor":1,"key":"Weak Potion"},{"floor":3,"key":"Regen Potion"},{"floor":4,"key":"FearPotion"},{"floor":13,"key":"BloodPotion"},{"floor":16,"key":"SkillPotion"},{"floor":18,"key":"SteroidPotion"},{"floor":21,"key":"EntropicBrew"},{"floor":27,"key":"SkillPotion"},{"floor":30,"key":"LiquidBronze"}],"is_trial":false,"path_per_floor":["M","M","M","M","M","R","M","$","T","$","M","R","E","M","R","B",null,"M","$","M","M","?","R","M","R","T","E","R","?","M","M","R","B"],"character_chosen":"IRONCLAD","items_purchased":["Spot Weakness","Panacea","Flash of Steel","Inflame"],"campfire_rested":1,"item_purchase_floors":[8,8,10,19],"current_hp_per_floor":[80,80,80,80,66,66,71,71,78,78,82,82,82,84,84,33,87,62,62,40,43,43,43,44,44,44,44,44,44,43,38,66,0],"gold":182,"neow_bonus":"UPGRADE_CARD","is_prod":false,"is_daily":false,"chose_seed":false,"campfire_upgraded":6,"win_rate":0,"timestamp":1549203525,"path_taken":["M","M","M","M","M","R","M","?","T","$","M","R","E","M","R","BOSS","M","$","M","?","?","R","M","R","T","E","R","?","M","M","R","BOSS"],"build_version":"2019-01-23","purchased_purges":1,"victory":false,"max_hp_per_floor":[80,80,80,80,80,80,80,80,87,87,87,87,87,87,87,87,87,90,90,93,93,93,93,96,96,96,96,96,96,96,96,96,96],"card_choices":[{"not_picked":["Second Wind","Battle Trance"],"picked":"Iron Wave","floor":1},{"not_picked":["Feel No Pain","Clothesline"],"picked":"Wild Strike","floor":2},{"not_picked":["Rupture","Warcry"],"picked":"Sentinel","floor":3},{"not_picked":["Anger","Iron Wave"],"picked":"Flex","floor":4},{"not_picked":["Thunderclap","Rampage"],"picked":"Perfected Strike","floor":5},{"not_picked":["Bloodletting","Pommel Strike"],"picked":"Armaments","floor":7},{"not_picked":["Battle Trance","Armaments"],"picked":"True Grit","floor":11},{"not_picked":["Juggernaut","Cleave"],"picked":"Uppercut","floor":13},{"not_picked":["Armaments","Sword Boomerang"],"picked":"Warcry","floor":14},{"not_picked":["Barricade","Brutality"],"picked":"Feed","floor":16},{"not_picked":["Metallicize","Power Through"],"picked":"True Grit+1","floor":18},{"not_picked":["Reckless Charge+1","Inflame"],"picked":"Disarm+1","floor":20},{"not_picked":["Anger+1","Thunderclap+1"],"picked":"Seeing Red+1","floor":21},{"not_picked":["Clothesline","Armaments+1"],"picked":"Heavy Blade","floor":24},{"not_picked":["Thunderclap","Havoc+1"],"picked":"Flame Barrier","floor":27},{"not_picked":["True Grit+1","Clothesline"],"picked":"Dropkick+1","floor":30},{"not_picked":["Cleave+1","Warcry+1"],"picked":"Flame Barrier","floor":31}],"player_experience":182488,"relics_obtained":[{"floor":9,"key":"Strawberry"},{"floor":13,"key":"Bag of Marbles"},{"floor":26,"key":"Paper Frog"},{"floor":27,"key":"Meat on the Bone"}],"event_choices":[{"cards_removed":["Defend_R"],"damage_healed":0,"gold_gain":0,"player_choice":"Gave Gold","damage_taken":0,"max_hp_gain":0,"max_hp_loss":0,"event_name":"Beggar","floor":22,"gold_loss":75},{"damage_healed":0,"gold_gain":99,"player_choice":"Stole From Cult","damage_taken":0,"max_hp_gain":0,"max_hp_loss":0,"event_name":"Nest","floor":29,"gold_loss":0}],"is_beta":false,"boss_relics":[{"not_picked":["Ectoplasm","Velvet Choker"],"picked":"Black Blood"}],"items_purged_floors":[19],"is_endless":false,"potions_floor_spawned":[1,3,4,13,16,18,21,27,30],"killed_by":"Automaton","ascension_level":0}