{"gold_per_floor":[118,132,132,152,172,172,497,513,539,539,551,551,563,575,575,646,646,657,657,675,403,421,421,421],"floor_reached":24,"playtime":1017,"items_purged":["Defend_G"],"score":416,"play_id":"9ab58076-c17b-43d1-a249-6a7f2525776f","local_time":"20190227234237","is_ascension_mode":true,"campfire_choices":[{"data":"Blade Dance","floor":6,"key":"SMITH"},{"data":"Predator","floor":10,"key":"SMITH"},{"floor":12,"key":"REST"},{"data":"Skewer","floor":15,"key":"SMITH"},{"data":"Glass Knife","floor":23,"key":"SMITH"}],"neow_cost":"NONE","seed_source_timestamp":612055962092657,"circlet_count":0,"master_deck":["AscendersBane","Defend_G","Defend_G","Defend_G","Strike_G","Strike_G","Strike_G","Strike_G","Strike_G","Survivor","Neutralize","Blade Dance+1","Acrobatics","Well Laid Plans","Dagger Throw","Infinite Blades","Predator+1","Cloak And Dagger","Footwork","Skewer+1","Glass Knife+1","Calculated Gamble+1"],"relics":["Ring of the Snake","Vajra","Old Coin","Lantern","Cursed Key","MealTicket"],"potions_floor_usage":[7,13,16,16,22],"damage_taken":[{"damage":2,"enemies":"Jaw Worm","floor":1,"turns":4},{"damage":1,"enemies":"Cultist","floor":2,"turns":4},{"damage":0,"enemies":"2 Louse","floor":4,"turns":2},{"damage":0,"enemies":"Blue Slaver","floor":5,"turns":5},{"damage":24,"enemies":"Lagavulin","floor":7,"turns":5},{"damage":0,"enemies":"Large Slime","floor":8,"turns":6},{"damage":20,"enemies":"Exordium Thugs","floor":11,"turns":4},{"damage":1,"enemies":"Gremlin Gang","floor":13,"turns":4},{"damage":9,"enemies":"Large Slime","floor":14,"turns":5},{"damage":0,"enemies":"Slime Boss","floor":16,"turns":7},{"damage":21,"enemies":"Shell Parasite","floor":18,"turns":4},{"damage":0,"enemies":"Spheric Guardian","floor":20,"turns":3},{"damage":0,"enemies":"Snake Plant","floor":22,"turns":1},{"damage":34,"enemies":"Book of Stabbing","floor":24,"turns":4}],"seed_played":"-4463625976966075345","potions_obtained":[{"floor":2,"key":"FearPotion"},{"floor":4,"key":"GamblersBrew"},{"floor":13,"key":"Regen Potion"},{"floor":14,"key":"SteroidPotion"},{"floor":18,"key":"SteroidPotion"}],"is_trial":false,"path_per_floor":["M","M","?","M","M","R","E","M","T","R","M","R","M","M","R","B",null,"M","?","M","$","M","R","E"],"character_chosen":"THE_SILENT","items_purchased":["MealTicket"],"campfire_rested":1,"item_purchase_floors":[21],"current_hp_per_floor":[61,60,60,60,60,60,36,36,36,36,16,37,36,27,27,42,63,42,29,29,29,29,29,0],"gold":421,"neow_bonus":"RANDOM_COMMON_RELIC","is_prod":false,"is_daily":false,"chose_seed":false,"campfire_upgraded":4,"win_rate":0,"timestamp":1551328957,"path_taken":["M","M","?","?","M","R","E","M","T","R","M","R","M","?","R","BOSS","M","?","M","$","M","R","E"],"build_version":"2019-01-23","purchased_purges":1,"victory":false,"max_hp_per_floor":[70,70,70,70,70,70,70,70,70,70,70,70,70,70,70,70,70,70,75,75,75,75,75,75],"card_choices":[{"not_picked":["Bane","Accuracy"],"picked":"Blade Dance","floor":1},{"not_picked":["Blade Dance","Setup"],"picked":"Acrobatics","floor":2},{"not_picked":["Distraction","Deadly Poison"],"picked":"Well Laid Plans","floor":4},{"not_picked":["Accuracy","Blade Dance"],"picked":"Dagger Throw","floor":5},{"not_picked":["Dodge and Roll","Deadly Poison"],"picked":"Infinite Blades","floor":7},{"not_picked":["Dagger Spray","Bane"],"picked":"Predator","floor":8},{"not_picked":["Underhanded Strike","Masterful Stab"],"picked":"Cloak And Dagger","floor":11},{"not_picked":["Terror","Concentrate"],"picked":"Footwork","floor":13},{"not_picked":["Heel Hook","Dodge and Roll"],"picked":"Skewer","floor":14},{"not_picked":["A Thousand Cuts","Venomology"],"picked":"Glass Knife","floor":16},{"not_picked":["Distraction","All Out Attack"],"picked":"Calculated Gamble+1","floor":18},{"not_picked":["Quick Slash","Cloak And Dagger","Acrobatics"],"picked":"SKIP","floor":20},{"not_picked":["Skewer","Poisoned Stab","Deadly Poison"],"picked":"SKIP","floor":22}],"player_experience":729750,"relics_obtained":[{"floor":7,"key":"Old Coin"},{"floor":9,"key":"Lantern"}],"event_choices":[{"cards_removed":["Defend_G"],"damage_healed":0,"gold_gain":0,"player_choice":"Offered Basic","damage_taken":0,"max_hp_gain":0,"max_hp_loss":0,"event_name":"Bonfire Elementals","floor":3,"gold_loss":0},{"damage_healed":0,"gold_gain":0,"player_choice":"Shed Blood","damage_taken":18,"max_hp_gain":5,"max_hp_loss":0,"event_name":"Forgotten Altar","floor":19,"gold_loss":0}],"is_beta":false,"boss_relics":[{"not_picked":["Coffee Dripper","Orrery"],"picked":"Cursed Key"}],"items_purged_floors":[21],"is_endless":false,"potions_floor_spawned":[2,4,13,14,18],"killed_by":"Book of Stabbing","ascension_level":13}