{"path_per_floor":["M","?","$","M","M","R","?","R","T","M","M","E","M","E","R","B",null,"M","?","?","$","?","R","E","R","T","R","M","$","R","M","R"],"character_chosen":"IRONCLAD","items_purchased":["Du-Vu Doll","True Grit","Thread and Needle"],"gold_per_floor":[112,362,5,22,36,36,36,36,36,53,72,97,114,145,145,246,246,265,265,298,4,4,4,30,30,30,30,45,45,45,62,62,62],"floor_reached":33,"campfire_rested":0,"playtime":1621,"item_purchase_floors":[3,3,21],"current_hp_per_floor":[71,71,71,76,77,77,77,77,77,67,64,52,58,41,41,18,65,64,40,31,31,31,31,40,40,50,50,50,50,50,50,50,0],"items_purged":[],"gold":62,"score":448,"play_id":"3dfdb79d-f96e-45a1-8c47-ed4e3bff3b9e","local_time":"20180519183516","is_prod":false,"is_daily":false,"chose_seed":false,"is_ascension_mode":true,"campfire_upgraded":8,"timestamp":1526769316,"campfire_choices":[{"data":"True Grit","floor":6,"key":"SMITH"},{"data":"Bash","floor":8,"key":"SMITH"},{"data":"Feel No Pain","floor":15,"key":"SMITH"},{"data":"Dark Embrace","floor":23,"key":"SMITH"},{"data":"Rupture","floor":25,"key":"SMITH"},{"data":"Iron Wave","floor":27,"key":"SMITH"},{"data":"Carnage","floor":30,"key":"SMITH"},{"data":"Dropkick","floor":32,"key":"SMITH"}],"path_taken":["M","?","$","M","M","R","?","R","T","M","M","E","M","E","R","BOSS","M","?","?","$","?","R","E","R","T","R","M","?","R","M","R","BOSS"],"build_version":"2018-05-18","seed_source_timestamp":910988872759359,"purchased_purges":0,"victory":false,"master_deck":["Strike_R","Strike_R","Strike_R","Strike_R","Defend_R","Defend_R","Defend_R","Defend_R","Bash+1","AscendersBane","Carnage+1","Regret","True Grit+1","Iron Wave+1","Dropkick+1","Feel No Pain+1","Shrug It Off+1","Rupture+1","Intimidate+1","Battle Trance+1","Reaper","Seeing Red+1","Ghostly+1","Ghostly+1","Ghostly+1","Ghostly+1","Ghostly+1","Bloodletting+1","Dark Embrace+1","Whirlwind+1","Ghostly Armor+1"],"max_hp_per_floor":[80,80,80,80,80,80,80,80,80,80,80,80,80,80,80,80,80,80,40,40,40,40,40,40,40,50,50,50,50,50,50,50,50],"relics":["Burning Blood","Vajra","Du-Vu Doll","Toxic Egg 2","Bottled Lightning","Centennial Puzzle","Sozu","Red Mask","Thread and Needle","Smiling Mask","Pear"],"card_choices":[{"not_picked":["Twin Strike","Armaments"],"picked":"Carnage","floor":1},{"not_picked":["Wild Strike","Armaments","Clothesline"],"picked":"SKIP","floor":4},{"not_picked":["Wild Strike","Armaments","Clothesline"],"picked":"SKIP","floor":4},{"not_picked":["Warcry","Dual Wield"],"picked":"Iron Wave","floor":5},{"not_picked":["Flex+1","Headbutt"],"picked":"Feel No Pain","floor":10},{"not_picked":["Combust","Blood for Blood"],"picked":"Shrug It Off+1","floor":11},{"not_picked":["Sever Soul","Havoc+1"],"picked":"Rupture","floor":12},{"not_picked":["Flex+1","Entrench+1"],"picked":"Intimidate+1","floor":13},{"not_picked":["Bludgeon","Twin Strike"],"picked":"Battle Trance+1","floor":14},{"not_picked":["Juggernaut","Limit Break+1"],"picked":"Reaper","floor":16},{"not_picked":["True Grit+1","Combust"],"picked":"Seeing Red+1","floor":18},{"not_picked":["True Grit+1","Clothesline"],"picked":"Bloodletting+1","floor":20},{"not_picked":["Anger","Sentinel+1","Flame Barrier+1"],"picked":"SKIP","floor":24},{"not_picked":["Cleave","Flex+1"],"picked":"Whirlwind+1","floor":28},{"not_picked":["Havoc+1","Battle Trance+1"],"picked":"Ghostly Armor+1","floor":31}],"player_experience":207205,"potions_floor_usage":[16,20],"damage_taken":[{"damage":7,"enemies":"Small Slimes","floor":1,"turns":3},{"damage":1,"enemies":"Cultist","floor":4,"turns":3},{"damage":5,"enemies":"Jaw Worm","floor":5,"turns":3},{"damage":16,"enemies":"Lots of Slimes","floor":10,"turns":4},{"damage":9,"enemies":"Blue Slaver","floor":11,"turns":3},{"damage":18,"enemies":"3 Sentries","floor":12,"turns":7},{"damage":0,"enemies":"Large Slime","floor":13,"turns":4},{"damage":23,"enemies":"Lagavulin","floor":14,"turns":6},{"damage":29,"enemies":"Hexaghost","floor":16,"turns":10},{"damage":17,"enemies":"3 Byrds","floor":18,"turns":6},{"damage":25,"enemies":"Masked Bandits","floor":20,"turns":9},{"damage":4,"enemies":"Slavers","floor":24,"turns":11},{"damage":3,"enemies":"Shell Parasite","floor":28,"turns":6},{"damage":0,"enemies":"Snake Plant","floor":31,"turns":2},{"damage":71,"enemies":"Collector","floor":33,"turns":9}],"relics_obtained":[{"floor":9,"key":"Toxic Egg 2"},{"floor":12,"key":"Bottled Lightning"},{"floor":14,"key":"Centennial Puzzle"},{"floor":20,"key":"Red Mask"},{"floor":24,"key":"Smiling Mask"},{"floor":26,"key":"Pear"}],"event_choices":[{"event_name":"Golden Shrine","player_choice":"Desecrate","floor":2,"damage_taken":0},{"event_name":"Transmorgrifier","player_choice":"Transform","floor":7,"damage_taken":0},{"event_name":"Ghosts","player_choice":"Became a Ghost","floor":19,"damage_taken":0},{"event_name":"Masked Bandits","player_choice":"Fought over 265 gold","floor":20,"damage_taken":0},{"event_name":"The Library","player_choice":"Read","floor":22,"damage_taken":0}],"boss_relics":[{"not_picked":["Runic Cube","Velvet Choker"],"picked":"Sozu"}],"items_purged_floors":[],"potions_floor_spawned":[11,12,18,28],"seed_played":"4547020353856671238","killed_by":"Collector","ascension_level":11,"potions_obtained":[{"floor":11,"key":"Block Potion"},{"floor":12,"key":"LiquidBronze"}],"is_trial":false}