{"gold_per_floor":[16,16,27,27,37,37,53,53,79,79,107,124,157,157,157,262,262,262,187,187,187,187,187,187,187,187,187,187,187,187,187,187,187],"floor_reached":33,"playtime":3130,"items_purged":["Strike_R"],"score":520,"play_id":"ca2343f0-a01b-48d4-b5fc-edc77695d260","local_time":"20190214233640","is_ascension_mode":true,"campfire_choices":[{"data":"Carnage","floor":6.0,"key":"SMITH"},{"data":"True Grit","floor":8.0,"key":"SMITH"},{"data":"Battle Trance","floor":10.0,"key":"SMITH"},{"data":"Anger","floor":15.0,"key":"SMITH"},{"data":"Anger","floor":32,"key":"SMITH"}],"neow_cost":"NO_GOLD","seed_source_timestamp":0,"circlet_count":0,"master_deck":["Strike_R+1","Strike_R","Strike_R+1","Strike_R","Defend_R","Defend_R","Defend_R","Defend_R","Bash","Impervious","Carnage+1","Finesse","Anger+1","Battle Trance+1","True Grit+1","Battle Trance","Disarm+1","Ghostly","Ghostly","Ghostly","Ghostly","Ghostly","Feel No Pain+1","Fire Breathing+1","Anger+1","Pommel Strike+1","Shrug It Off+1","Iron Wave+1"],"special_seed":0,"relics":["Burning Blood","PreservedInsect","Blood Vial","Frozen Egg 2","Ectoplasm","Meat on the Bone","Whetstone","Ancient Tea Set","Toxic Egg 2","Du-Vu Doll","Pantograph"],"potions_floor_usage":[16,22,24,31,33,33,33],"damage_taken":[{"damage":2.0,"enemies":"2 Louse","floor":1.0,"turns":4.0},{"damage":0.0,"enemies":"Cultist","floor":3.0,"turns":4.0},{"damage":0.0,"enemies":"Small Slimes","floor":5.0,"turns":3.0},{"damage":10.0,"enemies":"Looter","floor":7.0,"turns":3.0},{"damage":21.0,"enemies":"Lagavulin","floor":11.0,"turns":7.0},{"damage":1.0,"enemies":"Large Slime","floor":12.0,"turns":3.0},{"damage":0.0,"enemies":"3 Sentries","floor":13.0,"turns":4.0},{"damage":31,"enemies":"Slime Boss","floor":16,"turns":9},{"damage":4,"enemies":"Spheric Guardian","floor":18,"turns":4},{"damage":3,"enemies":"Shell Parasite","floor":21,"turns":5},{"damage":0,"enemies":"Snecko","floor":22,"turns":6},{"damage":2,"enemies":"Book of Stabbing","floor":23,"turns":6},{"damage":0,"enemies":"Chosen and Byrds","floor":24,"turns":8},{"damage":1,"enemies":"Slavers","floor":25,"turns":6},{"damage":0,"enemies":"Book of Stabbing","floor":27,"turns":5},{"damage":9,"enemies":"Cultist and Chosen","floor":28,"turns":9},{"damage":1,"enemies":"Centurion and Healer","floor":30,"turns":6},{"damage":0,"enemies":"Colosseum Slavers","floor":31,"turns":6},{"damage":2,"enemies":"Colosseum Nobs","floor":31,"turns":5},{"damage":57,"enemies":"Champ","floor":33,"turns":12}],"seed_played":"1484372906858797602","potions_obtained":[{"floor":5.0,"key":"Poison Potion"},{"floor":11.0,"key":"Swift Potion"},{"floor":13.0,"key":"Fire Potion"},{"floor":16,"key":"SpeedPotion"},{"floor":23,"key":"AttackPotion"},{"floor":24,"key":"Swift Potion"},{"floor":27,"key":"GamblersBrew"},{"floor":31,"key":"Strength Potion"}],"is_trial":false,"path_per_floor":["M","?","M","$","M","R","M","R","T","R","E","M","E","?","R","B",null,"M","$","?","M","M","E","M","E","T","E","M","?","M","?","R","B"],"character_chosen":"IRONCLAD","items_purchased":[],"campfire_rested":0,"item_purchase_floors":[],"current_hp_per_floor":[76,76,80,80,80,80,76,76,76,76,61,68,76,81,81,58,78,82,82,42,42,42,42,42,42,42,42,39,33,40,47,47,0],"gold":187,"neow_bonus":"THREE_RARE_CARDS","is_prod":false,"is_daily":false,"chose_seed":false,"campfire_upgraded":5,"win_rate":0,"timestamp":1550205400,"path_taken":["M","?","M","?","M","R","M","R","T","R","E","M","E","?","R","BOSS","M","$","?","M","M","E","M","E","T","E","M","?","M","?","R","BOSS"],"build_version":"2019-01-23","purchased_purges":1,"victory":false,"max_hp_per_floor":[80,80,80,80,80,80,80,80,80,80,80,80,80,85,85,85,85,85,85,42,42,42,42,42,42,42,42,42,47,47,47,47,47],"card_choices":[{"not_picked":["Double Tap","Berserk"],"picked":"Impervious","floor":0.0},{"not_picked":["Havoc","Shrug It Off"],"picked":"Carnage","floor":1.0},{"not_picked":["Clothesline","Heavy Blade"],"picked":"Anger","floor":3.0},{"not_picked":["Pommel Strike","Carnage"],"picked":"Battle Trance","floor":5.0},{"not_picked":["Shrug It Off","Pommel Strike"],"picked":"True Grit","floor":7.0},{"not_picked":["Armaments","Sword Boomerang","Clash"],"picked":"SKIP","floor":11.0},{"not_picked":["Reckless Charge","Thunderclap"],"picked":"Battle Trance","floor":12.0},{"not_picked":["Reckless Charge","Sword Boomerang","Havoc"],"picked":"SKIP","floor":13.0},{"not_picked":["Shrug It Off+1","Anger"],"picked":"Disarm+1","floor":18},{"not_picked":["Armaments","Heavy Blade"],"picked":"Feel No Pain+1","floor":21},{"not_picked":["Sword Boomerang","Sentinel"],"picked":"Fire Breathing+1","floor":22},{"not_picked":["Ghostly Armor","Reaper"],"picked":"Anger","floor":23},{"not_picked":["Wild Strike+1","Armaments","Perfected Strike+1"],"picked":"SKIP","floor":24},{"not_picked":["Clothesline","Havoc"],"picked":"Pommel Strike+1","floor":25},{"not_picked":["Dropkick+1","Infernal Blade","Armaments"],"picked":"SKIP","floor":27},{"not_picked":["Ghostly Armor+1","Battle Trance+1","Anger"],"picked":"SKIP","floor":28},{"not_picked":["Second Wind+1","Twin Strike"],"picked":"Shrug It Off+1","floor":30},{"not_picked":["Searing Blow","Feel No Pain+1"],"picked":"Iron Wave+1","floor":31}],"player_experience":1563645,"relics_obtained":[{"floor":9.0,"key":"PreservedInsect"},{"floor":11.0,"key":"Blood Vial"},{"floor":13.0,"key":"Frozen Egg 2"},{"floor":23,"key":"Meat on the Bone"},{"floor":25,"key":"Whetstone"},{"floor":26,"key":"Ancient Tea Set"},{"floor":27,"key":"Toxic Egg 2"},{"floor":31,"key":"Du-Vu Doll"},{"floor":31,"key":"Pantograph"}],"event_choices":[{"damage_healed":0.0,"max_hp_gain":0.0,"max_hp_loss":0.0,"gold_gain":0.0,"event_name":"Match and Keep!","player_choice":"1 cards matched","floor":2.0,"gold_loss":0.0,"damage_taken":0.0,"cards_obtained":["Finesse"]},{"damage_healed":0.0,"max_hp_gain":5.0,"max_hp_loss":0.0,"gold_gain":0.0,"event_name":"Big Fish","player_choice":"Donut","floor":14.0,"gold_loss":0.0,"damage_taken":0.0},{"damage_healed":0,"gold_gain":0,"player_choice":"Became a Ghost","damage_taken":0,"max_hp_gain":0,"max_hp_loss":43,"event_name":"Ghosts","floor":20,"gold_loss":0,"cards_obtained":["Ghostly","Ghostly","Ghostly","Ghostly","Ghostly"]},{"damage_healed":0,"gold_gain":0,"player_choice":"Shed Blood","damage_taken":11,"max_hp_gain":5,"max_hp_loss":0,"event_name":"Forgotten Altar","floor":29,"gold_loss":0},{"damage_healed":0,"gold_gain":0,"player_choice":"Fight","damage_taken":0,"max_hp_gain":0,"max_hp_loss":0,"event_name":"Colosseum","floor":31,"gold_loss":0},{"damage_healed":0,"gold_gain":0,"player_choice":"Fought Nobs","damage_taken":0,"max_hp_gain":0,"max_hp_loss":0,"event_name":"Colosseum","floor":31,"gold_loss":0}],"is_beta":false,"boss_relics":[{"not_picked":["Lizard Tail","Busted Crown"],"picked":"Ectoplasm"}],"items_purged_floors":[19],"is_endless":false,"potions_floor_spawned":[5,11,13,16,23,24,27,28,31,31],"killed_by":"Champ","ascension_level":7}