{"gold_per_floor":[110,129,129,61,76,76,94,107,186,221,146,146,158,178,178,274,274,274,274,189,89,89,89,59,59,59,59,59,59,59,59,59,59],"floor_reached":33,"playtime":3052,"items_purged":["Strike_R","Strike_R"],"score":274,"play_id":"9118e5b4-e194-43dc-ba62-63b472738e31","local_time":"20180923060222","is_ascension_mode":false,"campfire_choices":[{"data":"Spot Weakness","floor":6,"key":"SMITH"},{"data":"Inflame","floor":12,"key":"SMITH"},{"data":"Heavy Blade","floor":15,"key":"SMITH"},{"data":"Limit Break","floor":25,"key":"SMITH"},{"data":"Bite","floor":28,"key":"SMITH"},{"data":"Heavy Blade","floor":32,"key":"SMITH"}],"neow_cost":"PERCENT_DAMAGE","seed_source_timestamp":46948478127121,"circlet_count":0,"master_deck":["Defend_R","Defend_R","Defend_R","Defend_R","Bash","Fiend Fire+1","Power Through","Spot Weakness+1","Inflame+1","Twin Strike","Warcry","Heavy Blade+1","Limit Break+1","Twin Strike","Bite+1","Bite","Bite","Bite","Bite","Cleave+1","Heavy Blade+1","Headbutt"],"relics":["Burning Blood","Mummified Hand","Calipers","Ectoplasm","Red Mask","Juzu Bracelet","Self Forming Clay"],"potions_floor_usage":[13,16,16,16,29,30,33,33],"damage_taken":[{"damage":2,"enemies":"2 Louse","floor":1,"turns":2},{"damage":4,"enemies":"Cultist","floor":2,"turns":4},{"damage":0,"enemies":"Jaw Worm","floor":5,"turns":2},{"damage":12,"enemies":"Blue Slaver","floor":7,"turns":2},{"damage":3,"enemies":"Red Slaver","floor":8,"turns":4},{"damage":9,"enemies":"3 Sentries","floor":10,"turns":5},{"damage":5,"enemies":"3 Louse","floor":13,"turns":3},{"damage":0,"enemies":"Large Slime","floor":14,"turns":3},{"damage":13,"enemies":"Slime Boss","floor":16,"turns":10},{"damage":32,"enemies":"Chosen","floor":18,"turns":5},{"damage":29,"enemies":"Masked Bandits","floor":19,"turns":4},{"damage":5,"enemies":"2 Thieves","floor":24,"turns":3},{"damage":14,"enemies":"Centurion and Healer","floor":29,"turns":5},{"damage":18,"enemies":"3 Cultists","floor":30,"turns":4},{"damage":0,"enemies":"Snecko","floor":31,"turns":2},{"damage":59,"enemies":"Collector","floor":33,"turns":6}],"seed_played":"-6015876270610894980","potions_obtained":[{"floor":2,"key":"EssenceOfSteel"},{"floor":7,"key":"Poison Potion"},{"floor":10,"key":"Energy Potion"},{"floor":14,"key":"AttackPotion"},{"floor":16,"key":"Poison Potion"},{"floor":19,"key":"Poison Potion"},{"floor":24,"key":"SpeedPotion"},{"floor":29,"key":"Strength Potion"},{"floor":30,"key":"SteroidPotion"},{"floor":31,"key":"SmokeBomb"}],"is_trial":false,"path_per_floor":["M","M","?","$","M","R","M","M","T","E","$","R","M","M","R","B",null,"M","?","?","$","?","?","M","R","T","$","R","M","M","M","R"],"character_chosen":"IRONCLAD","items_purchased":["Spot Weakness"],"campfire_rested":0,"item_purchase_floors":[4],"current_hp_per_floor":[60,62,62,62,68,68,62,65,65,62,62,62,63,69,69,62,80,54,31,31,31,31,31,36,36,36,36,36,41,40,46,46,0],"gold":59,"neow_bonus":"THREE_RARE_CARDS","is_prod":false,"is_daily":false,"chose_seed":false,"campfire_upgraded":6,"win_rate":0.0,"timestamp":1537671742,"path_taken":["M","M","?","$","M","R","M","M","T","E","$","R","?","M","R","BOSS","M","?","?","$","?","?","M","R","T","?","R","M","M","M","R","BOSS"],"build_version":"2018-09-20","purchased_purges":2,"victory":false,"max_hp_per_floor":[80,80,80,80,80,80,80,80,80,80,80,80,80,80,80,80,80,80,80,80,80,56,56,56,56,56,56,56,56,56,56,56,56],"card_choices":[{"not_picked":["Feed","Brutality"],"picked":"Fiend Fire","floor":0},{"not_picked":["Rage","Wild Strike","Uppercut"],"picked":"SKIP","floor":1},{"not_picked":["Combust","Dropkick"],"picked":"Power Through","floor":2},{"not_picked":["Headbutt","Shrug It Off"],"picked":"Inflame","floor":5},{"not_picked":["Sword Boomerang","Clothesline","Clash"],"picked":"SKIP","floor":7},{"not_picked":["Searing Blow","Intimidate"],"picked":"Twin Strike","floor":8},{"not_picked":["Pommel Strike","Rage"],"picked":"Warcry","floor":10},{"not_picked":["Spot Weakness","Clothesline","Blood for Blood"],"picked":"SKIP","floor":13},{"not_picked":["Bloodletting","Clash"],"picked":"Heavy Blade","floor":14},{"not_picked":["Demon Form","Immolate"],"picked":"Limit Break","floor":16},{"not_picked":["True Grit","Clothesline+1","Sword Boomerang"],"picked":"SKIP","floor":18},{"not_picked":["Body Slam","Metallicize"],"picked":"Twin Strike","floor":19},{"not_picked":["Anger","Brutality"],"picked":"Cleave+1","floor":24},{"not_picked":["Dual Wield","Intimidate","Warcry+1"],"picked":"SKIP","floor":29},{"not_picked":["Armaments","True Grit"],"picked":"Heavy Blade","floor":30},{"not_picked":["Iron Wave","Perfected Strike+1"],"picked":"Headbutt","floor":31}],"player_experience":50739,"relics_obtained":[{"floor":9,"key":"Mummified Hand"},{"floor":10,"key":"Calipers"},{"floor":19,"key":"Red Mask"},{"floor":26,"key":"Self Forming Clay"}],"event_choices":[{"event_name":"Living Wall","player_choice":"Grow","floor":3,"damage_taken":0},{"event_name":"Masked Bandits","player_choice":"Fought Bandits","floor":19,"damage_taken":0},{"event_name":"Addict","player_choice":"Obtained Relic","floor":20,"damage_taken":0},{"event_name":"Vampires","player_choice":"Became a vampire","floor":22,"damage_taken":0},{"event_name":"Golden Shrine","player_choice":"Pray","floor":23,"damage_taken":0}],"is_beta":false,"boss_relics":[{"not_picked":["Orrery","Calling Bell"],"picked":"Ectoplasm"}],"items_purged_floors":[11,21],"is_endless":false,"potions_floor_spawned":[2,7,10,14,16,19,24,29,30,31],"killed_by":"Collector","ascension_level":0}