{"path_per_floor":["M","M","M","M","M","E","R","E","T","R","$","R","M","?","R","B",null,"M","$","?","M","M","R","?","E","T","E","M","M","R","M","R","B",null,"M","?","$","$","M","R","M","R","T","E","T","M","R","M","R","B"],"character_chosen":"THE_SILENT","items_purchased":["Tiny Chest","Backflip","Purity","Dexterity Potion"],"gold_per_floor":[118,138,157,174,192,227,227,261,287,287,64,64,76,76,76,179,179,194,93,8,23,34,34,34,60,60,87,106,125,125,144,144,246,246,264,264,264,116,134,134,144,144,168,201,226,237,237,254,254,254],"floor_reached":51,"campfire_rested":0,"playtime":5408,"current_hp_per_floor":[47,47,62,62,54,40,46,31,31,37,37,43,25,25,31,33,64,63,63,63,61,63,71,71,73,73,54,49,53,63,67,77,75,77,79,79,79,79,62,72,74,80,80,82,88,85,90,88,92,68],"items_purged":["Strike_G","Corpse Explosion"],"gold":254,"score":1155,"play_id":"02efbd4d-40fe-4128-a7e6-6371cf99a93b","local_time":"20180505020950","is_prod":false,"is_daily":false,"chose_seed":false,"is_ascension_mode":true,"campfire_upgraded":8,"timestamp":1525500590,"path_taken":["M","M","M","M","M","E","R","E","T","R","$","R","M","?","R","BOSS","M","$","?","?","M","R","?","E","T","E","M","M","R","?","R","BOSS","M","?","?","$","M","R","?","R","T","E","?","M","R","M","R","BOSS"],"build_version":"2018-05-03","seed_source_timestamp":268006959176247,"purchased_purges":2,"victory":true,"master_deck":["Defend_G","Defend_G","Defend_G","Defend_G","Defend_G","Survivor","Neutralize+1","Footwork+1","Backflip","Cloak And Dagger+1","Dagger Spray+1","Sucker Punch+1","Caltrops+1","Backflip","After Image","Flying Knee+1","Purity","Cloak And Dagger+1","Accuracy+1","Well Laid Plans+1","Noxious Fumes+1","Blade Dance","After Image","Concentrate+1","Accuracy+1","Backflip+1","Cloak And Dagger+1","Pain"],"max_hp_per_floor":[70,70,70,70,70,70,70,72,72,72,72,72,74,74,74,74,74,74,74,74,74,74,74,74,74,74,74,74,76,76,78,78,78,78,80,80,80,80,80,80,80,80,80,82,88,90,90,92,92,92],"relics":["Eternal Feather","Singing Bowl","Blood Vial","Pen Nib","Tiny Chest","Cursed Key","Bronze Scales","Anchor","Omamori","Tingsha","Girya","Astrolabe","Oddly Smooth Stone","Darkstone Periapt","Snake Skull"],"card_choices":[{"not_picked":["Masterful Stab","Expertise"],"picked":"Footwork","floor":1},{"not_picked":["Sucker Punch","Outmaneuver"],"picked":"Backflip","floor":2},{"not_picked":["Sucker Punch","Bane"],"picked":"Cloak And Dagger","floor":3},{"not_picked":["Escape Plan","Deadly Poison"],"picked":"Dagger Spray","floor":4},{"not_picked":["Acrobatics","Prepared"],"picked":"Sucker Punch","floor":5},{"not_picked":["Dagger Throw","Sucker Punch"],"picked":"Caltrops","floor":6},{"not_picked":["Die Die Die","Corpse Explosion"],"picked":"After Image","floor":16},{"not_picked":["Terror","PiercingWail"],"picked":"Flying Knee","floor":18},{"not_picked":["Reflex","Deadly Poison"],"picked":"Cloak And Dagger","floor":21},{"not_picked":["Backflip","Masterful Stab"],"picked":"Accuracy","floor":22},{"not_picked":["Skewer","Noxious Fumes"],"picked":"Well Laid Plans","floor":25},{"not_picked":["Cloak And Dagger","Accuracy"],"picked":"Noxious Fumes","floor":27},{"not_picked":["Wraith Form v2","Calculated Gamble"],"picked":"Blade Dance","floor":28},{"not_picked":["Tactician","Doppelganger"],"picked":"After Image","floor":33},{"not_picked":["Outmaneuver","Underhanded Strike"],"picked":"Backflip","floor":39},{"not_picked":["Distraction","Reflex"],"picked":"Cloak And Dagger","floor":41}],"player_experience":474090,"potions_floor_usage":[3,4,6,8,27,29,48,50,50],"damage_taken":[{"damage":16,"enemies":"Jaw Worm","floor":1,"turns":7},{"damage":0,"enemies":"Cultist","floor":2,"turns":5},{"damage":0,"enemies":"2 Louse","floor":3,"turns":6},{"damage":0,"enemies":"Large Slime","floor":4,"turns":15},{"damage":8,"enemies":"Looter","floor":5,"turns":5},{"damage":14,"enemies":"3 Sentries","floor":6,"turns":13},{"damage":17,"enemies":"Lagavulin","floor":8,"turns":10},{"damage":22,"enemies":"Gremlin Gang","floor":13,"turns":3},{"damage":0,"enemies":"The Guardian","floor":16,"turns":16},{"damage":3,"enemies":"Chosen","floor":18,"turns":8},{"damage":4,"enemies":"3 Byrds","floor":21,"turns":2},{"damage":0,"enemies":"Snecko","floor":22,"turns":6},{"damage":0,"enemies":"Book of Stabbing","floor":25,"turns":5},{"damage":20,"enemies":"Slavers","floor":27,"turns":7},{"damage":7,"enemies":"Cultist and Chosen","floor":28,"turns":8},{"damage":0,"enemies":"Centurion and Healer","floor":29,"turns":5},{"damage":0,"enemies":"3 Cultists","floor":31,"turns":5},{"damage":3,"enemies":"Automaton","floor":33,"turns":10},{"damage":1,"enemies":"Orb Walker","floor":35,"turns":4},{"damage":18,"enemies":"3 Darklings","floor":39,"turns":4},{"damage":0,"enemies":"Maw","floor":41,"turns":7},{"damage":0,"enemies":"Giant Head","floor":44,"turns":7},{"damage":5,"enemies":"4 Shapes","floor":46,"turns":5},{"damage":4,"enemies":"3 Darklings","floor":48,"turns":6},{"damage":24,"enemies":"Awakened One","floor":50,"turns":13}],"event_choices":[{"event_name":"Bonfire Elementals","player_choice":"BASIC","floor":14,"damage_taken":0},{"event_name":"Addict","player_choice":"Obtained Relic","floor":20,"damage_taken":0},{"event_name":"The Mausoleum","player_choice":"Yes","floor":24,"damage_taken":0},{"event_name":"Mysterious Sphere","player_choice":"Ignore","floor":36,"damage_taken":0}],"boss_relics":[{"not_picked":["White Beast Statue","Calling Bell"],"picked":"Cursed Key"},{"not_picked":["Lizard Tail","Runic Pyramid"],"picked":"Astrolabe"}],"potions_floor_spawned":[1,2,4,5,21,27,29,31,41],"seed_played":"-1798016719781350253","ascension_level":9,"is_trial":false}