{"path_per_floor":["M","M","M","M","?","R","M","R","T","$","M","R","M","E","R"],"character_chosen":"IRONCLAD","items_purchased":["Toxic Egg 2"],"gold_per_floor":[110,124,144,162,162,162,181,181,257,18,29,29,43,68,68,68],"floor_reached":16,"campfire_rested":0,"playtime":639,"current_hp_per_floor":[79,80,79,67,42,42,43,43,43,43,43,43,47,31,31,0],"items_purged":[],"gold":68,"score":130,"play_id":"ff5e5c7e-cdae-48c5-bae8-59dd6a6f60d0","local_time":"20180515144657","is_prod":false,"is_daily":false,"chose_seed":false,"is_ascension_mode":true,"campfire_upgraded":4,"timestamp":1526410017,"path_taken":["M","M","M","M","?","R","M","R","T","$","M","R","M","E","R","BOSS"],"build_version":"2018-05-14v2","seed_source_timestamp":552663865387905,"purchased_purges":0,"victory":false,"master_deck":["Strike_R","Strike_R","Strike_R","Strike_R","Strike_R","Defend_R","Defend_R","Defend_R","Defend_R","Bash+1","Battle Trance+1","Hemokinesis+1","Flame Barrier","Battle Trance+1","Headbutt","Iron Wave+1","Battle Trance+1"],"max_hp_per_floor":[80,80,80,80,80,80,80,80,80,80,80,80,80,80,80,80],"relics":["Burning Blood","Dead Branch","Gremlin Horn","Toxic Egg 2","Pen Nib"],"card_choices":[{"not_picked":["Combust","Sword Boomerang","Intimidate"],"picked":"SKIP","floor":1},{"not_picked":["Warcry","Dropkick"],"picked":"Battle Trance","floor":2},{"not_picked":["Infernal Blade","Warcry"],"picked":"Hemokinesis","floor":3},{"not_picked":["Fire Breathing","Flex"],"picked":"Flame Barrier","floor":4},{"not_picked":["Clash","Perfected Strike"],"picked":"Battle Trance","floor":7},{"not_picked":["Perfected Strike","Clash"],"picked":"Headbutt","floor":11},{"not_picked":["Pummel","Flex+1"],"picked":"Iron Wave","floor":13},{"not_picked":["Exhume+1","Sword Boomerang"],"picked":"Battle Trance+1","floor":14}],"player_experience":142467,"potions_floor_usage":[7,16,16,16],"damage_taken":[{"damage":7,"enemies":"Jaw Worm","floor":1,"turns":3},{"damage":0,"enemies":"Small Slimes","floor":2,"turns":3},{"damage":7,"enemies":"2 Louse","floor":3,"turns":2},{"damage":18,"enemies":"Exordium Wildlife","floor":4,"turns":4},{"damage":5,"enemies":"Looter","floor":7,"turns":2},{"damage":6,"enemies":"Gremlin Gang","floor":11,"turns":4},{"damage":2,"enemies":"2 Fungi Beasts","floor":13,"turns":3},{"damage":22,"enemies":"Gremlin Nob","floor":14,"turns":3},{"damage":34,"enemies":"Hexaghost","floor":16,"turns":9}],"relics_obtained":[{"floor":9,"key":"Gremlin Horn"},{"floor":14,"key":"Pen Nib"}],"event_choices":[{"event_name":"Scrap Ooze","player_choice":"success","floor":5,"damage_taken":25}],"boss_relics":[],"potions_floor_spawned":[1,3,4,14],"seed_played":"-4064375614060710177","killed_by":"Hexaghost","ascension_level":5,"potions_obtained":[{"floor":1,"key":"Dexterity Potion"},{"floor":3,"key":"EssenceOfSteel"},{"floor":4,"key":"SkillPotion"},{"floor":14,"key":"SteroidPotion"}],"is_trial":false}