{"gold_per_floor":[109,109,109,4,14,14,42,42,42,62,62,82,102,119,119,119],"floor_reached":16,"playtime":756,"items_purged":[],"score":197,"play_id":"2ce603a6-c98a-4e23-a02c-f823887ee9a2","local_time":"20190306113624","is_ascension_mode":true,"campfire_choices":[{"data":"Clothesline","floor":6,"key":"SMITH"},{"data":"True Grit","floor":11,"key":"SMITH"},{"data":"Inflame","floor":15,"key":"SMITH"}],"neow_cost":"NONE","seed_source_timestamp":33869465875758,"circlet_count":0,"master_deck":["AscendersBane","Strike_R","Strike_R+1","Strike_R+1","Strike_R+1","Strike_R","Defend_R","Defend_R","Defend_R","Bash+1","Clothesline+1","Shrug It Off","True Grit+1","Inflame+1","Battle Trance"],"relics":["Burning Blood","NeowsBlessing","Whetstone","Matryoshka"],"potions_floor_usage":[13,16],"damage_taken":[{"damage":0,"enemies":"Small Slimes","floor":1,"turns":1},{"damage":0,"enemies":"2 Louse","floor":5,"turns":1},{"damage":0,"enemies":"Gremlin Nob","floor":7,"turns":1},{"damage":0,"enemies":"Cultist","floor":10,"turns":2},{"damage":6,"enemies":"Blue Slaver","floor":12,"turns":3},{"damage":14,"enemies":"Exordium Thugs","floor":13,"turns":6},{"damage":11,"enemies":"Exordium Wildlife","floor":14,"turns":5},{"damage":53,"enemies":"Slime Boss","floor":16,"turns":10}],"seed_played":"8126281646097248068","potions_obtained":[{"floor":1,"key":"SpeedPotion"}],"is_trial":false,"path_per_floor":["M","$","?","$","M","R","E","?","T","M","R","M","M","M","R","B"],"character_chosen":"IRONCLAD","items_purchased":["Shrug It Off","Block Potion"],"campfire_rested":0,"item_purchase_floors":[4,4],"current_hp_per_floor":[78,78,62,62,68,68,74,74,74,80,80,80,72,67,67,14],"gold":119,"neow_bonus":"THREE_ENEMY_KILL","is_prod":false,"is_daily":false,"chose_seed":false,"campfire_upgraded":3,"win_rate":0,"timestamp":1551893784,"path_taken":["M","$","?","$","M","R","E","?","T","M","R","M","?","M","R","BOSS"],"build_version":"2019-01-23","purchased_purges":0,"victory":false,"max_hp_per_floor":[80,80,80,80,80,80,80,80,80,80,80,80,80,80,80,80],"card_choices":[{"not_picked":["Entrench","Twin Strike"],"picked":"Clothesline","floor":1},{"not_picked":["Pommel Strike","Rampage","Havoc"],"picked":"SKIP","floor":5},{"not_picked":["Corruption","Sword Boomerang"],"picked":"True Grit","floor":7},{"not_picked":["Reckless Charge","Sword Boomerang"],"picked":"Inflame","floor":10},{"not_picked":["Cleave","Rampage"],"picked":"Battle Trance","floor":12},{"not_picked":["True Grit","Sever Soul","Thunderclap"],"picked":"SKIP","floor":13},{"not_picked":["Clothesline","True Grit","Corruption"],"picked":"SKIP","floor":14}],"player_experience":221116,"relics_obtained":[{"floor":7,"key":"Whetstone"},{"floor":9,"key":"Matryoshka"}],"event_choices":[{"damage_healed":0,"gold_gain":0,"player_choice":"Entered Light","damage_taken":16,"max_hp_gain":0,"max_hp_loss":0,"event_name":"Shining Light","floor":3,"gold_loss":0,"cards_upgraded":["Bash","Strike_R"]},{"cards_removed":["Defend_R"],"damage_healed":0,"gold_gain":0,"player_choice":"Offered Basic","damage_taken":0,"max_hp_gain":0,"max_hp_loss":0,"event_name":"Bonfire Elementals","floor":8,"gold_loss":0}],"is_beta":false,"boss_relics":[],"items_purged_floors":[],"is_endless":false,"potions_floor_spawned":[1,10],"killed_by":"Slime Boss","ascension_level":11}