{"gold_per_floor":[219,21,21,32,32,32,61,61,84,84,100,119,134,34,34,132,132,146,146,70,70,85,85,104,104,104,104,104,104,104],"floor_reached":30,"playtime":1107,"items_purged":["Strike_G","Strike_G","Strike_G"],"score":294,"play_id":"9fb0d158-fe34-491a-9c63-8d7aa7a0ffa6","local_time":"20190222210939","is_ascension_mode":true,"campfire_choices":[{"data":"Predator","floor":6,"key":"SMITH"},{"data":"Neutralize","floor":8,"key":"SMITH"},{"data":"Footwork","floor":10,"key":"SMITH"},{"floor":15,"key":"RECALL"},{"data":"Noxious Fumes","floor":23,"key":"SMITH"},{"data":"Malaise","floor":25,"key":"SMITH"},{"data":"Catalyst","floor":27,"key":"SMITH"}],"neow_cost":"NONE","seed_source_timestamp":170761157667098,"circlet_count":0,"master_deck":["Defend_G","Defend_G+1","Defend_G","Defend_G","Defend_G","Strike_G+1","Survivor","Neutralize+1","Calculated Gamble","Footwork+1","Predator+1","PiercingWail","Dagger Spray","Noxious Fumes+1","Malaise+1","Footwork","Catalyst+1","Deadly Poison","Well Laid Plans","Well Laid Plans"],"relics":["Ring of the Serpent","Juzu Bracelet","Smiling Mask"],"potions_floor_usage":[7,7,22,30,30],"damage_taken":[{"damage":0,"enemies":"2 Louse","floor":1,"turns":3},{"damage":7,"enemies":"Small Slimes","floor":4,"turns":3},{"damage":17,"enemies":"Lagavulin","floor":7,"turns":7},{"damage":0,"enemies":"Cultist","floor":11,"turns":3},{"damage":3,"enemies":"Exordium Wildlife","floor":12,"turns":5},{"damage":0,"enemies":"Blue Slaver","floor":13,"turns":3},{"damage":11,"enemies":"The Guardian","floor":16,"turns":12},{"damage":8,"enemies":"Chosen","floor":18,"turns":7},{"damage":2,"enemies":"Spheric Guardian","floor":22,"turns":6},{"damage":9,"enemies":"Centurion and Healer","floor":24,"turns":8},{"damage":40,"enemies":"Gremlin Leader","floor":30,"turns":4}],"seed_played":"3336265875208087614","potions_obtained":[{"floor":1,"key":"SkillPotion"},{"floor":4,"key":"Fire Potion"},{"floor":7,"key":"GhostInAJar"},{"floor":18,"key":"FearPotion"}],"is_trial":false,"path_per_floor":["M","$","?","M","?","R","E","R","T","R","M","M","M","$","R","B",null,"M","?","$","?","M","R","M","R","T","R","?","?","E"],"character_chosen":"THE_SILENT","items_purchased":["Footwork","Predator","Dexterity Potion","Deadly Poison"],"campfire_rested":0,"item_purchase_floors":[2,2,14,20],"current_hp_per_floor":[63,63,63,56,42,42,25,25,25,25,25,22,22,22,22,11,55,47,47,47,47,45,45,36,36,36,36,36,36,0],"gold":104,"neow_bonus":"HUNDRED_GOLD","is_prod":false,"is_daily":false,"chose_seed":false,"campfire_upgraded":6,"win_rate":0,"timestamp":1550887779,"path_taken":["M","$","?","M","?","R","E","R","T","R","M","M","M","$","R","BOSS","M","?","$","?","M","R","M","R","T","R","?","?","E"],"build_version":"2019-01-23","purchased_purges":3,"victory":false,"max_hp_per_floor":[70,70,70,70,70,70,70,70,70,70,70,70,70,70,70,70,70,70,70,70,70,70,70,70,70,70,70,70,70,70],"card_choices":[{"not_picked":["Flechettes","Tactician"],"picked":"Calculated Gamble","floor":1},{"not_picked":["Sucker Punch","Flying Knee"],"picked":"PiercingWail","floor":4},{"not_picked":["Calculated Gamble","Flechettes","Riddle With Holes"],"picked":"SKIP","floor":7},{"not_picked":["Poisoned Stab","Sucker Punch","Outmaneuver"],"picked":"SKIP","floor":11},{"not_picked":["Riddle With Holes","Slice"],"picked":"Dagger Spray","floor":12},{"not_picked":["Dagger Spray","Masterful Stab"],"picked":"Noxious Fumes","floor":13},{"not_picked":["Grand Finale","Storm of Steel"],"picked":"Malaise","floor":16},{"not_picked":["Infinite Blades","Dagger Spray"],"picked":"Footwork","floor":18},{"not_picked":["Acrobatics","Endless Agony","Bane"],"picked":"SKIP","floor":22},{"not_picked":["Dagger Throw","Cloak And Dagger"],"picked":"Well Laid Plans","floor":24}],"player_experience":680113,"relics_obtained":[{"floor":7,"key":"Juzu Bracelet"},{"floor":9,"key":"Smiling Mask"}],"event_choices":[{"damage_healed":0,"gold_gain":0,"player_choice":"Ignored","damage_taken":0,"max_hp_gain":0,"max_hp_loss":0,"event_name":"Liars Game","floor":3,"gold_loss":0},{"damage_healed":0,"gold_gain":0,"player_choice":"Entered Light","damage_taken":14,"max_hp_gain":0,"max_hp_loss":0,"event_name":"Shining Light","floor":5,"gold_loss":0,"cards_upgraded":["Defend_G","Strike_G"]},{"damage_healed":0,"gold_gain":0,"player_choice":"Read","damage_taken":0,"max_hp_gain":0,"max_hp_loss":0,"event_name":"The Library","floor":19,"gold_loss":0,"cards_obtained":["Catalyst"]},{"damage_healed":0,"gold_gain":0,"cards_transformed":["Strike_G"],"player_choice":"Transformed","damage_taken":0,"max_hp_gain":0,"max_hp_loss":0,"event_name":"Transmorgrifier","floor":28,"gold_loss":0,"cards_obtained":["Well Laid Plans"]},{"damage_healed":0,"gold_gain":0,"player_choice":"Ignored","damage_taken":0,"max_hp_gain":0,"max_hp_loss":0,"event_name":"The Mausoleum","floor":29,"gold_loss":0}],"is_beta":false,"boss_relics":[{"not_picked":["Calling Bell","Black Star"],"picked":"Ring of the Serpent"}],"items_purged_floors":[2,14,20],"is_endless":false,"potions_floor_spawned":[1,4,7,18],"killed_by":"Gremlin Leader","ascension_level":6}