{"gold_per_floor":[113,133,144,24,0,0,0,27,27,27,40,51,63,63,63,167,167,167,167,167,167,167,167,167],"floor_reached":24,"playtime":3647,"items_purged":["Strike_R"],"score":198,"play_id":"90eca43d-3806-4949-8f4b-ae2c73e3ccce","local_time":"20180921210539","is_ascension_mode":false,"campfire_choices":[{"data":"Defend_R","floor":7,"key":"SMITH"},{"floor":15,"key":"REST"},{"data":"Barricade","floor":23,"key":"SMITH"}],"neow_cost":"","seed_source_timestamp":103073175135597,"circlet_count":0,"master_deck":["Strike_R","Strike_R","Strike_R","Strike_R","Defend_R+1","Defend_R","Defend_R","Defend_R","Bash","True Grit","Warcry","Headbutt+1","Armaments+1","Cleave","Metallicize","Barricade+1","Inflame","Juggernaut","Iron Wave","Pommel Strike"],"relics":["Burning Blood","Question Card","Matryoshka","Ectoplasm","MutagenicStrength"],"potions_floor_usage":[],"damage_taken":[{"damage":3,"enemies":"Jaw Worm","floor":1,"turns":4},{"damage":5,"enemies":"Cultist","floor":2,"turns":4},{"damage":13,"enemies":"2 Louse","floor":3,"turns":4},{"damage":0,"enemies":"Looter","floor":5,"turns":4},{"damage":32,"enemies":"Lagavulin","floor":8,"turns":11},{"damage":4,"enemies":"Blue Slaver","floor":11,"turns":4},{"damage":0,"enemies":"Exordium Thugs","floor":12,"turns":5},{"damage":30,"enemies":"Gremlin Gang","floor":13,"turns":7},{"damage":29,"enemies":"The Guardian","floor":16,"turns":18},{"damage":19,"enemies":"3 Byrds","floor":18,"turns":5},{"damage":7,"enemies":"Chosen","floor":20,"turns":5},{"damage":13,"enemies":"Snecko","floor":22,"turns":5},{"damage":62,"enemies":"Book of Stabbing","floor":24,"turns":8}],"seed_played":"-2978775756821370099","potions_obtained":[{"floor":2,"key":"Weak Potion"},{"floor":11,"key":"GamblersBrew"},{"floor":12,"key":"AttackPotion"}],"is_trial":false,"path_per_floor":["M","M","M","$","M","?","R","E","T","?","M","M","M","?","R","B",null,"M","?","M","?","M","R"],"character_chosen":"IRONCLAD","items_purchased":["Armaments"],"campfire_rested":1,"item_purchase_floors":[4],"current_hp_per_floor":[80,80,73,73,79,63,63,37,37,37,39,45,21,47,71,48,80,67,67,66,66,59,59,0],"gold":167,"neow_bonus":"","is_prod":false,"is_daily":false,"chose_seed":false,"campfire_upgraded":2,"win_rate":0.0,"timestamp":1537553139,"path_taken":["M","M","M","$","M","?","R","E","T","?","?","M","?","?","R","BOSS","M","?","M","?","M","R","E"],"build_version":"2018-09-20","purchased_purges":1,"victory":false,"max_hp_per_floor":[80,80,80,80,80,80,80,80,80,80,80,80,80,80,80,80,80,80,80,80,80,80,80,80],"card_choices":[{"not_picked":["Iron Wave","Perfected Strike"],"picked":"True Grit","floor":1},{"not_picked":["Clash","Headbutt"],"picked":"Warcry","floor":2},{"not_picked":["Iron Wave","Clash"],"picked":"Headbutt","floor":3},{"not_picked":["Carnage","Headbutt"],"picked":"Cleave","floor":5},{"not_picked":["Dropkick","True Grit"],"picked":"Metallicize","floor":8},{"not_picked":["Second Wind","Blood for Blood","Clothesline","Warcry"],"picked":"SKIP","floor":11},{"not_picked":["Battle Trance","Flex","Warcry"],"picked":"Barricade","floor":12},{"not_picked":["Shrug It Off","Bloodletting","Sword Boomerang"],"picked":"Inflame","floor":13},{"not_picked":["Demon Form","Impervious","Dark Embrace"],"picked":"Juggernaut","floor":16},{"not_picked":["Armaments","Metallicize","Rage","Flex"],"picked":"SKIP","floor":18},{"not_picked":["Second Wind","Anger","Blood for Blood"],"picked":"Iron Wave","floor":20},{"not_picked":["Thunderclap","Flex","Cleave"],"picked":"Pommel Strike","floor":22}],"player_experience":0,"relics_obtained":[{"floor":8,"key":"Question Card"},{"floor":9,"key":"Matryoshka"}],"event_choices":[{"event_name":"Shining Light","player_choice":"Entered Light","floor":6,"damage_taken":0},{"event_name":"Scrap Ooze","player_choice":"unsuccessful","floor":10,"damage_taken":0},{"event_name":"Big Fish","player_choice":"Banana","floor":14,"damage_taken":0},{"event_name":"Drug Dealer","player_choice":"Inject Mutagens","floor":19,"damage_taken":0}],"is_beta":false,"boss_relics":[{"not_picked":["Empty Cage","Eternal Feather"],"picked":"Ectoplasm"}],"items_purged_floors":[4],"is_endless":false,"potions_floor_spawned":[2,11,12,13,18,20],"killed_by":"Book of Stabbing","ascension_level":0}