{"path_per_floor":["M","M","?","M","$","R","M","M","T","M","M","R","M","M","R","B",null,"M","?","?","T","$","R","M","R","T","R","E"],"character_chosen":"IRONCLAD","items_purchased":["Matryoshka"],"gold_per_floor":[109,123,298,310,48,48,62,82,82,96,116,116,127,139,139,236,236,251,251,251,251,176,176,193,193,246,246,281],"floor_reached":29,"campfire_rested":1,"playtime":1765,"current_hp_per_floor":[80,70,70,66,66,66,55,52,52,52,52,52,46,46,46,8,80,69,69,53,53,53,53,21,45,45,45,1],"items_purged":["Strike_R"],"gold":281,"play_id":"12a08736-9bc1-433e-8bf7-610c74e706e5","is_prod":false,"is_daily":false,"campfire_rituals":0,"campfire_upgraded":5,"is_hardmode":false,"path_taken":["M","M","?","M","$","R","M","M","T","M","M","R","M","M","R","BOSS","M","?","?","?","$","R","M","R","T","R","E","M"],"build_version":"2018-01-18-PROD4","purchased_purges":1,"victory":false,"master_deck":["Strike_R","Strike_R","Strike_R","Strike_R","Defend_R","Defend_R","Defend_R","Defend_R","Bash","Disarm","Headbutt","Doubt","Shrug It Off","Second Wind","Evolve","True Grit","Seeing Red","Sever Soul","Limit Break","Battle Trance","Flame Barrier","Writhe","Whirlwind"],"max_hp_per_floor":[80,80,80,80,80,80,80,80,80,80,80,80,80,80,80,80,80,80,80,80,80,80,80,80,80,80,80,80],"relics":["Runic Dome","Matryoshka","Juzu Bracelet","Anchor","Orrery","Orichalcum","Nilry\u0027s Codex","Vajra","Pen Nib","Bronze Scales","Prayer Wheel"],"campfire_meditates":0,"card_choices":[{"not_picked":["Hemokinesis","Cleave"],"picked":"Disarm"},{"not_picked":["Armaments","Brutality"],"picked":"Headbutt"},{"not_picked":["Infernal Blade","Thunderclap"],"picked":"Shrug It Off"},{"not_picked":["Power Through","Perfected Strike"],"picked":"Second Wind"},{"not_picked":["Perfected Strike","Iron Wave"],"picked":"Evolve"},{"not_picked":["Iron Wave","Clash"],"picked":"True Grit"},{"not_picked":["Sword Boomerang","Limit Break"],"picked":"Seeing Red"},{"not_picked":["Thunderclap","Rage"],"picked":"Sever Soul"},{"not_picked":["Immolate","Impervious"],"picked":"Limit Break"},{"not_picked":["Dropkick","Body Slam"],"picked":"Battle Trance"},{"not_picked":["Perfected Strike","Shrug It Off"],"picked":"Flame Barrier"},{"not_picked":["Wild Strike","Headbutt"],"picked":"Whirlwind"}],"player_experience":182151,"potions_floor_usage":[],"damage_taken":[{"damage":0.0,"enemies":"Small Slimes","floor":1.0,"turns":3.0},{"damage":10.0,"enemies":"Blue Slaver","floor":2.0,"turns":4.0},{"damage":4.0,"enemies":"Jaw Worm","floor":4.0,"turns":4.0},{"damage":11.0,"enemies":"Exordium Thugs","floor":7.0,"turns":5.0},{"damage":3.0,"enemies":"Red Slaver","floor":8.0,"turns":5.0},{"damage":0.0,"enemies":"Looter","floor":10.0,"turns":2.0},{"damage":0.0,"enemies":"Exordium Wildlife","floor":11.0,"turns":5.0},{"damage":6.0,"enemies":"2 Fungi Beasts","floor":13.0,"turns":4.0},{"damage":0.0,"enemies":"3 Louse","floor":14.0,"turns":1.0},{"damage":38.0,"enemies":"The Guardian","floor":16.0,"turns":10.0},{"damage":11,"enemies":"Shell Parasite","floor":18,"turns":7},{"damage":32,"enemies":"Chosen","floor":24,"turns":6},{"damage":48,"enemies":"Gremlin Leader","floor":28,"turns":6},{"damage":1,"enemies":"Snake Plant","floor":29,"turns":2}],"event_choices":[{"event_name":"Liars Game","player_choice":"agreed","floor":3.0,"damage_taken":0.0},{"event_name":"The Mausoleum","player_choice":"Yes","floor":19,"damage_taken":0},{"event_name":"Cursed Tome","player_choice":"Obtained Book","floor":20,"damage_taken":0}],"boss_relics":[],"potions_floor_spawned":[1,2,10,11,28],"seed_played":"-3265972462578226409","killed_by":"Snake Plant","is_trial":false}