{"gold_per_floor":[113,125,17,31,46,73,73,138,163,163,163,177,177,188,188,283,283,299,63,77,97,115,115,135,155,155,187,201,221,238,251,251,251],"floor_reached":33,"playtime":3701,"items_purged":["Defend_R"],"score":292,"play_id":"957c70b3-e73d-4b4b-b526-6525e0f62b22","local_time":"20190127010857","is_ascension_mode":false,"campfire_choices":[{"data":"Searing Blow","floor":7,"key":"SMITH"},{"data":"Searing Blow+1","floor":10,"key":"SMITH"},{"floor":15,"key":"REST"},{"floor":23,"key":"REST"},{"floor":32,"key":"REST"}],"neow_cost":"CURSE","seed_source_timestamp":1173427024660638,"circlet_count":0,"master_deck":["Strike_R","Strike_R","Strike_R","Strike_R","Strike_R","Defend_R","Defend_R","Defend_R","Bash","Panacea","PanicButton","Injury","Sever Soul+1","Perfected Strike+1","Searing Blow+2","Disarm","Cleave","Clothesline","Iron Wave","Demon Form","Clash","Heavy Blade","Offering","Dropkick","Pummel","Cleave","Reaper","Twin Strike+1","Cleave+1","Uppercut+1","Iron Wave+1","Carnage","Pommel Strike","Blood for Blood","Perfected Strike"],"relics":["Burning Blood","Torii","Tiny Chest","Smiling Mask","NlothsMask","Fusion Hammer","Whetstone","Red Mask"],"potions_floor_usage":[16,16,22,30,30,33,33],"damage_taken":[{"damage":6,"enemies":"2 Louse","floor":1,"turns":3},{"damage":0,"enemies":"Cultist","floor":2,"turns":2},{"damage":0,"enemies":"Jaw Worm","floor":4,"turns":3},{"damage":5,"enemies":"2 Fungi Beasts","floor":5,"turns":3},{"damage":28,"enemies":"Lagavulin","floor":6,"turns":7},{"damage":29,"enemies":"Gremlin Nob","floor":8,"turns":5},{"damage":9,"enemies":"3 Louse","floor":12,"turns":4},{"damage":2,"enemies":"Gremlin Gang","floor":14,"turns":5},{"damage":34,"enemies":"Hexaghost","floor":16,"turns":8},{"damage":7,"enemies":"Chosen","floor":18,"turns":4},{"damage":28,"enemies":"3 Byrds","floor":20,"turns":6},{"damage":17,"enemies":"3 Cultists","floor":21,"turns":5},{"damage":21,"enemies":"Centurion and Healer","floor":22,"turns":6},{"damage":18,"enemies":"Sentry and Sphere","floor":24,"turns":4},{"damage":3,"enemies":"Snake Plant","floor":25,"turns":5},{"damage":36,"enemies":"Masked Bandits","floor":27,"turns":5},{"damage":6,"enemies":"Snecko","floor":28,"turns":3},{"damage":6,"enemies":"Chosen and Byrds","floor":29,"turns":4},{"damage":19,"enemies":"3 Cultists","floor":30,"turns":4},{"damage":20,"enemies":"Shelled Parasite and Fungi","floor":31,"turns":5},{"damage":56,"enemies":"Champ","floor":33,"turns":8}],"seed_played":"-4868025709763261488","potions_obtained":[{"floor":2,"key":"BloodPotion"},{"floor":6,"key":"SteroidPotion"},{"floor":12,"key":"Energy Potion"},{"floor":16,"key":"Ancient Potion"},{"floor":21,"key":"Ancient Potion"},{"floor":25,"key":"Weak Potion"},{"floor":31,"key":"PowerPotion"}],"is_trial":false,"path_per_floor":["M","M","$","M","M","E","R","E","T","R","?","M","?","M","R","B",null,"M","$","M","M","M","R","M","M","T","?","M","M","M","M","R","B"],"character_chosen":"IRONCLAD","items_purchased":["Searing Blow","Disarm","Whetstone","Pummel"],"campfire_rested":3,"item_purchase_floors":[3,3,19,19],"current_hp_per_floor":[80,80,80,80,80,58,58,35,35,35,35,32,32,36,60,32,80,79,79,57,46,39,63,51,54,54,36,36,36,31,17,41,0],"gold":251,"neow_bonus":"RANDOM_COLORLESS_2","is_prod":false,"is_daily":false,"chose_seed":false,"campfire_upgraded":2,"win_rate":0.0,"timestamp":1548547737,"path_taken":["M","M","$","M","M","E","R","E","T","R","?","?","?","M","R","BOSS","M","$","M","M","M","R","M","M","T","?","M","M","M","M","R","BOSS"],"build_version":"2019-01-23","purchased_purges":1,"victory":false,"max_hp_per_floor":[80,80,80,80,80,80,80,80,80,80,80,80,80,80,80,80,80,80,80,80,80,80,80,80,80,80,80,80,80,80,80,80,80],"card_choices":[{"not_picked":["Headbutt","Feel No Pain"],"picked":"Sever Soul","floor":1},{"not_picked":["Reckless Charge","Cleave"],"picked":"Perfected Strike","floor":2},{"not_picked":["Pommel Strike","Searing Blow"],"picked":"Cleave","floor":4},{"not_picked":["Combust","Second Wind"],"picked":"Clothesline","floor":5},{"not_picked":["Dual Wield","Flex"],"picked":"Iron Wave","floor":6},{"not_picked":["Body Slam","Combust"],"picked":"Demon Form","floor":8},{"not_picked":["Power Through","Twin Strike"],"picked":"Clash","floor":12},{"not_picked":["Body Slam","Perfected Strike"],"picked":"Heavy Blade","floor":14},{"not_picked":["Brutality","Demon Form"],"picked":"Offering","floor":16},{"not_picked":["Iron Wave","Perfected Strike"],"picked":"Dropkick","floor":18},{"not_picked":["True Grit","Iron Wave"],"picked":"Cleave","floor":20},{"not_picked":["Combust+1","Clothesline"],"picked":"Reaper","floor":21},{"not_picked":["Whirlwind+1","Body Slam+1"],"picked":"Twin Strike+1","floor":22},{"not_picked":["Body Slam","Offering"],"picked":"Cleave+1","floor":24},{"not_picked":["Shockwave+1","Corruption"],"picked":"Uppercut+1","floor":25},{"not_picked":["Twin Strike","Body Slam"],"picked":"Iron Wave+1","floor":27},{"not_picked":["Headbutt+1","Whirlwind"],"picked":"Carnage","floor":28},{"not_picked":["Second Wind","Clothesline+1"],"picked":"Pommel Strike","floor":29},{"not_picked":["Sword Boomerang","Whirlwind"],"picked":"Blood for Blood","floor":30},{"not_picked":["True Grit+1","Shrug It Off"],"picked":"Perfected Strike","floor":31}],"player_experience":29978,"relics_obtained":[{"floor":6,"key":"Torii"},{"floor":8,"key":"Tiny Chest"},{"floor":9,"key":"Smiling Mask"},{"floor":27,"key":"Red Mask"}],"event_choices":[{"damage_healed":0,"gold_gain":0,"player_choice":"Trade","damage_taken":0,"relics_obtained":["NlothsMask"],"max_hp_gain":0,"max_hp_loss":0,"event_name":"FaceTrader","floor":11,"gold_loss":0},{"damage_healed":0,"gold_gain":0,"player_choice":"Searched \u00271\u0027 times","damage_taken":0,"max_hp_gain":0,"max_hp_loss":0,"event_name":"Dead Adventurer","floor":13,"gold_loss":0},{"damage_healed":0,"gold_gain":0,"player_choice":"Fought Bandits","damage_taken":0,"max_hp_gain":0,"max_hp_loss":0,"event_name":"Masked Bandits","floor":27,"gold_loss":0}],"is_beta":false,"boss_relics":[{"not_picked":["Runic Pyramid","Runic Dome"],"picked":"Fusion Hammer"}],"items_purged_floors":[19],"is_endless":false,"potions_floor_spawned":[2,6,12,16,21,25,28,29,31],"killed_by":"Champ","ascension_level":0}