{"gold_per_floor":[117,134,59,69,81,81,106,106,106,124,159,159,159,191,191,191],"floor_reached":16,"playtime":862,"items_purged":["Strike_B"],"score":186,"play_id":"cbd277b9-321e-47c0-8d8b-b17f22c07413","local_time":"20181205215150","is_ascension_mode":true,"campfire_choices":[{"data":"Zap","floor":6,"key":"SMITH"},{"floor":8,"key":"REST"},{"floor":15,"key":"REST"}],"neow_cost":"TEN_PERCENT_HP_LOSS","seed_source_timestamp":794030801621398,"circlet_count":0,"master_deck":["AscendersBane","Strike_B","Strike_B","Strike_B","Defend_B","Defend_B","Defend_B","Defend_B","Zap+1","Dualcast","Machine Learning","Barrage","Ball Lightning","Streamline","Coolheaded","Coolheaded","Sweeping Beam","Biased Cognition"],"relics":["Cracked Core","Pear","Shuriken","GremlinMask","Sundial"],"potions_floor_usage":[7,11,16,16,16],"damage_taken":[{"damage":0,"enemies":"Small Slimes","floor":1,"turns":3},{"damage":1,"enemies":"Cultist","floor":2,"turns":3},{"damage":7,"enemies":"Jaw Worm","floor":4,"turns":3},{"damage":11,"enemies":"Blue Slaver","floor":5,"turns":3},{"damage":24,"enemies":"Lagavulin","floor":7,"turns":5},{"damage":31,"enemies":"Exordium Thugs","floor":10,"turns":4},{"damage":16,"enemies":"3 Sentries","floor":11,"turns":7},{"damage":28,"enemies":"Gremlin Nob","floor":14,"turns":4},{"damage":36,"enemies":"Slime Boss","floor":16,"turns":12}],"seed_played":"-5321489692565408381","potions_obtained":[{"floor":4,"key":"Strength Potion"},{"floor":5,"key":"Energy Potion"},{"floor":14,"key":"EntropicBrew"}],"is_trial":false,"path_per_floor":["M","M","$","M","M","R","E","R","T","M","E","?","?","E","R","B"],"character_chosen":"DEFECT","items_purchased":[],"campfire_rested":2,"item_purchase_floors":[],"current_hp_per_floor":[68,67,67,60,49,49,35,58,58,27,11,37,37,9,32,0],"gold":191,"neow_bonus":"THREE_RARE_CARDS","is_prod":false,"is_daily":false,"chose_seed":false,"campfire_upgraded":1,"win_rate":0,"timestamp":1544068310,"path_taken":["M","M","$","M","M","R","E","R","T","M","E","?","?","E","R","BOSS"],"build_version":"2018-11-15","purchased_purges":1,"victory":false,"max_hp_per_floor":[68,68,68,68,68,68,78,78,78,78,78,78,78,78,78,78],"card_choices":[{"not_picked":["Meteor Strike","Seek"],"picked":"Machine Learning","floor":0},{"not_picked":["Beam Cell","Blizzard"],"picked":"Barrage","floor":1},{"not_picked":["Turbo","Chaos"],"picked":"Ball Lightning","floor":2},{"not_picked":["Scrape","Recycle","Redo"],"picked":"SKIP","floor":4},{"not_picked":["Recycle","Leap"],"picked":"Streamline","floor":5},{"not_picked":["Reinforced Body","Turbo"],"picked":"Coolheaded","floor":7},{"not_picked":["Go for the Eyes","Redo"],"picked":"Coolheaded","floor":10},{"not_picked":["Stack","Melter"],"picked":"Sweeping Beam","floor":11},{"not_picked":["Conserve Battery","Ball Lightning"],"picked":"Biased Cognition","floor":14}],"player_experience":247775,"relics_obtained":[{"floor":7,"key":"Pear"},{"floor":11,"key":"Shuriken"},{"floor":14,"key":"Sundial"}],"event_choices":[{"damage_healed":26,"gold_gain":0,"player_choice":"Banana","damage_taken":0,"max_hp_gain":0,"max_hp_loss":0,"event_name":"Big Fish","floor":12,"gold_loss":0},{"damage_healed":0,"gold_gain":0,"player_choice":"Trade","damage_taken":0,"relics_obtained":["GremlinMask"],"max_hp_gain":0,"max_hp_loss":0,"event_name":"FaceTrader","floor":13,"gold_loss":0}],"is_beta":false,"boss_relics":[],"items_purged_floors":[3],"is_endless":false,"potions_floor_spawned":[4,5,14],"killed_by":"Slime Boss","ascension_level":11}