{"path_per_floor":["M","M","?","$","?","R","M","M","T","T","E","R","M","?","R","B",null,"M","?","M","M","$","R","?","M","T","M","?","R","M","$","R","B",null,"M","M","$","?","M","R","M","R","T","T","M","?","R","?","R"],"character_chosen":"IRONCLAD","items_purchased":["Offering","Secret Technique","Inflame","Thinking Ahead"],"gold_per_floor":[109,124,124,49,49,49,66,78,78,78,109,109,121,296,296,399,399,416,331,343,354,48,48,48,67,67,78,78,78,89,59,59,164,164,177,189,19,19,36,36,51,51,51,75,87,87,87,0,0,0],"floor_reached":50,"campfire_rested":3,"playtime":3671,"current_hp_per_floor":[46,51,35,35,35,35,41,47,47,47,40,40,46,46,46,43,80,69,69,55,17,17,41,25,26,26,22,80,80,80,80,80,42,80,79,80,80,70,63,63,36,60,60,60,61,51,75,75,75,0],"items_purged":["Strike_R","Doubt"],"gold":0,"score":580,"play_id":"b65526bd-00bd-4312-8c11-241c1c5b15d7","local_time":"20180502181402","is_prod":false,"is_daily":false,"chose_seed":false,"is_ascension_mode":true,"campfire_upgraded":7,"timestamp":1525299242,"path_taken":["M","M","?","?","?","R","M","?","T","?","E","R","?","?","R","BOSS","M","?","M","M","$","R","?","M","T","?","?","R","M","$","R","BOSS","M","M","$","?","M","R","M","R","T","?","?","?","R","?","R","BOSS"],"build_version":"2018-04-28v2","seed_source_timestamp":68384068802056,"purchased_purges":2,"victory":false,"master_deck":["Strike_R","Strike_R+1","Strike_R","Strike_R","Defend_R","Defend_R","Defend_R","Defend_R","Bash+1","Double Tap+1","Metallicize+1","Carnage+1","Intimidate+1","Rampage+1","Demon Form+1","True Grit+1","Fiend Fire+1","Metallicize+1","Offering+1","Secret Technique+1","Necronomicurse","Twin Strike","Spot Weakness+1","Dual Wield+1","Inflame+1","Impervious+1","Feel No Pain+1","Disarm+1","Thinking Ahead+1","Purity+1","Dramatic Entrance","Enlightenment+1","Havoc+1","Disarm+1","Madness+1","Madness+1"],"max_hp_per_floor":[80,80,80,80,80,80,80,80,80,80,80,80,80,80,80,80,80,80,80,80,80,80,80,80,80,80,80,80,80,80,80,80,80,80,80,80,80,80,80,80,80,80,80,80,80,80,80,80,80,80],"relics":["Burning Blood","The Courier","Toxic Egg 2","Gambling Chip","Runic Cube","Orichalcum","Necronomicon","Bottled Flame","Sozu","Bag of Preparation","Bag of Marbles","Red Mask"],"card_choices":[{"not_picked":["Brutality","Exhume"],"picked":"Double Tap","floor":0},{"not_picked":["Cleave","Anger"],"picked":"Metallicize","floor":1},{"not_picked":["Wild Strike","Flex"],"picked":"Carnage","floor":2},{"not_picked":["Perfected Strike","Sword Boomerang"],"picked":"Intimidate","floor":7},{"not_picked":["Dropkick","Thunderclap"],"picked":"Rampage","floor":8},{"not_picked":["Heavy Blade","Battle Trance"],"picked":"Demon Form","floor":11},{"not_picked":["Headbutt","Anger"],"picked":"True Grit","floor":13},{"not_picked":["Exhume","Dark Embrace"],"picked":"Fiend Fire","floor":16},{"not_picked":["Twin Strike","True Grit"],"picked":"Metallicize","floor":18},{"not_picked":["Spot Weakness","Clash"],"picked":"Second Wind","floor":21},{"not_picked":["Infernal Blade","Clash"],"picked":"Twin Strike","floor":25},{"not_picked":["Perfected Strike","Cleave"],"picked":"Spot Weakness","floor":27},{"not_picked":["Flex","Sentinel"],"picked":"Dual Wield","floor":30},{"not_picked":["Dark Embrace","Berserk"],"picked":"Impervious","floor":33},{"not_picked":["Pummel","Twin Strike"],"picked":"Feel No Pain","floor":35},{"not_picked":["Dropkick","Rampage"],"picked":"Disarm","floor":36},{"not_picked":["Trip","Madness"],"picked":"Purity","floor":38},{"not_picked":["Sadistic Nature","Dark Shackles"],"picked":"Dramatic Entrance","floor":38},{"not_picked":["Secret Weapon","Mind Blast"],"picked":"Enlightenment","floor":38},{"not_picked":["Armaments","Hemokinesis"],"picked":"Havoc","floor":41},{"not_picked":["Wild Strike","Carnage"],"picked":"Disarm","floor":45}],"player_experience":363611,"potions_floor_usage":[11,18,27],"damage_taken":[{"damage":0,"enemies":"Small Slimes","floor":1,"turns":3},{"damage":1,"enemies":"Cultist","floor":2,"turns":3},{"damage":0,"enemies":"Jaw Worm","floor":7,"turns":3},{"damage":0,"enemies":"Exordium Thugs","floor":8,"turns":3},{"damage":28,"enemies":"Lagavulin","floor":11,"turns":9},{"damage":0,"enemies":"Blue Slaver","floor":13,"turns":1},{"damage":9,"enemies":"Slime Boss","floor":16,"turns":6},{"damage":17,"enemies":"3 Byrds","floor":18,"turns":5},{"damage":20,"enemies":"Spheric Guardian","floor":20,"turns":6},{"damage":44,"enemies":"Cultist and Chosen","floor":21,"turns":8},{"damage":5,"enemies":"Centurion and Healer","floor":25,"turns":5},{"damage":10,"enemies":"Snake Plant","floor":27,"turns":4},{"damage":4,"enemies":"Snecko","floor":30,"turns":2},{"damage":44,"enemies":"Collector","floor":33,"turns":7},{"damage":7,"enemies":"3 Darklings","floor":35,"turns":6},{"damage":5,"enemies":"3 Shapes","floor":36,"turns":5},{"damage":13,"enemies":"Sphere and 2 Shapes","floor":39,"turns":9},{"damage":33,"enemies":"3 Darklings","floor":41,"turns":5},{"damage":5,"enemies":"Maw","floor":45,"turns":5},{"damage":81,"enemies":"Time Eater","floor":50,"turns":10}],"event_choices":[{"event_name":"Shining Light","player_choice":"Entered Light","floor":3,"damage_taken":0},{"event_name":"Accursed Blacksmith","player_choice":"Forge","floor":5,"damage_taken":0},{"event_name":"Liars Game","player_choice":"agreed","floor":14,"damage_taken":0},{"event_name":"Addict","player_choice":"Obtained Relic","floor":19,"damage_taken":0},{"event_name":"Cursed Tome","player_choice":"Obtained Book","floor":24,"damage_taken":0},{"event_name":"Bonfire Elementals","player_choice":"UNCOMMON","floor":28,"damage_taken":0},{"event_name":"SensoryStone","player_choice":"Memory 3","floor":38,"damage_taken":0},{"event_name":"Winding Halls","player_choice":"Embrace Madness","floor":46,"damage_taken":0},{"event_name":"Tomb of Lord Red Mask","player_choice":"Paid","floor":48,"damage_taken":0}],"boss_relics":[{"not_picked":["Snecko Eye","Calling Bell"],"picked":"Runic Cube"},{"not_picked":["Tiny House","Runic Pyramid"],"picked":"Sozu"}],"potions_floor_spawned":[2,13,16,21,25,27,30,35,39,41],"seed_played":"3729700421324784617","killed_by":"Time Eater","ascension_level":4,"is_trial":false}