{"gold_per_floor":[114,125,125,141,66,107,107,147,172,216,216],"floor_reached":11,"playtime":1459,"items_purged":["Strike_B"],"score":91,"play_id":"d081cca7-3139-4670-9d0c-8d6639976b87","local_time":"20180806153910","is_ascension_mode":false,"campfire_choices":[{"floor":7,"key":"REST"}],"neow_cost":"","seed_source_timestamp":350821139076854,"circlet_count":0,"master_deck":["Strike_B","Strike_B","Strike_B","Defend_B","Defend_B","Defend_B","Defend_B","Zap","Dualcast","Redo","Leap","BootSequence","Hello World","Machine Learning"],"relics":["Cracked Core","Golden Idol","Anchor","Pen Nib","Bag of Marbles","Prayer Wheel"],"potions_floor_usage":[],"damage_taken":[{"damage":15,"enemies":"Small Slimes","floor":1,"turns":4},{"damage":0,"enemies":"2 Louse","floor":2,"turns":2},{"damage":2,"enemies":"Jaw Worm","floor":4,"turns":3},{"damage":33,"enemies":"Gremlin Nob","floor":6,"turns":5},{"damage":15,"enemies":"3 Sentries","floor":8,"turns":8},{"damage":12,"enemies":"Lagavulin","floor":10,"turns":7},{"damage":4,"enemies":"Exordium Thugs","floor":11,"turns":2}],"seed_played":"-8762834309917707120","potions_obtained":[{"floor":10,"key":"GamblersBrew"}],"is_trial":false,"path_per_floor":["M","M","?","M","$","E","R","E","T","E"],"character_chosen":"DEFECT","items_purchased":[],"campfire_rested":1,"item_purchase_floors":[],"current_hp_per_floor":[60,60,42,40,40,7,29,14,14,2,0],"gold":216,"neow_bonus":"","is_prod":false,"is_daily":false,"chose_seed":false,"campfire_upgraded":0,"win_rate":0,"timestamp":1533584350,"path_taken":["M","M","?","M","$","E","R","E","T","E","M"],"build_version":"2018-08-02","purchased_purges":1,"victory":false,"max_hp_per_floor":[75,75,75,75,75,75,75,75,75,75,75],"card_choices":[{"not_picked":["Conserve Battery","Rebound"],"picked":"Redo","floor":1},{"not_picked":["Sweeping Beam","Compile Driver"],"picked":"Leap","floor":2},{"not_picked":["Reinforced Body","Turbo"],"picked":"BootSequence","floor":4},{"not_picked":["Gash","Redo"],"picked":"Hello World","floor":6},{"not_picked":["White Noise","Turbo"],"picked":"Machine Learning","floor":8},{"not_picked":["Barrage","Beam Cell","Coolheaded"],"picked":"SKIP","floor":10}],"player_experience":686430,"relics_obtained":[{"floor":6,"key":"Anchor"},{"floor":8,"key":"Pen Nib"},{"floor":9,"key":"Bag of Marbles"},{"floor":10,"key":"Prayer Wheel"}],"event_choices":[{"event_name":"Golden Idol","player_choice":"Take Damage","floor":3,"damage_taken":0}],"is_beta":false,"boss_relics":[],"items_purged_floors":[5],"is_endless":false,"potions_floor_spawned":[10],"killed_by":"Exordium Thugs","ascension_level":0}