{"gold_per_floor":[359,376,388,185,185,214,214,241,241,268,268,284,234,250,250,346,346,359,20,39,54,70,70,102,102,126,145,163,173,202,213,213,309,309,320,320,339,339,351,385,14,63,63,75,7,7,21,35,35,35],"floor_reached":51,"playtime":6934,"items_purged":["Strike_B","Strike_B"],"score":768,"play_id":"faac70b4-b31d-4c91-b33a-bd892fc4433a","local_time":"20180810234547","is_ascension_mode":false,"campfire_choices":[{"data":"Zap","floor":7,"key":"SMITH"},{"data":"Coolheaded","floor":11,"key":"SMITH"},{"data":"Machine Learning","floor":15,"key":"SMITH"},{"data":"Go for the Eyes","floor":23,"key":"SMITH"},{"floor":25,"key":"REST"},{"data":"Coolheaded","floor":32,"key":"SMITH"},{"floor":49,"key":"DIG"}],"neow_cost":"CURSE","seed_source_timestamp":720111534104622,"circlet_count":0,"master_deck":["Strike_B+1","Defend_B+1","Defend_B+1","Defend_B+1","Defend_B+1","Zap+1","Dualcast+1","Sweeping Beam+1","Coolheaded+1","Leap+1","Ball Lightning+1","Machine Learning+1","Cold Snap+1","Conserve Battery+1","Ball Lightning+1","Hyperbeam+1","Go for the Eyes+1","Biased Cognition+1","Compile Driver+1","Stack+1","Auto Shields+1","Machine Learning+1","Chill+1","Compile Driver+1","Coolheaded+1","Machine Learning+1","Heatsinks+1","Panache+1","Stack+1","Storm+1","Echo Form+1","Stack+1","Storm+1","Capacitor+1","Compile Driver+1"],"relics":["Cracked Core","Happy Flower","Sundial","Singing Bowl","The Courier","Black Star","ClockworkSouvenir","Bronze Scales","Potion Belt","Bag of Preparation","Anchor","Juzu Bracelet","Bag of Marbles","Nuclear Battery","Gremlin Horn","Bottled Tornado","DataDisk","Shovel","Frozen Egg 2","Mark of the Bloom","Centennial Puzzle"],"potions_floor_usage":[6,21,24,29,33,50,50,50],"damage_taken":[{"damage":1,"enemies":"2 Louse","floor":1,"turns":2},{"damage":0,"enemies":"Cultist","floor":2,"turns":3},{"damage":6,"enemies":"Jaw Worm","floor":3,"turns":3},{"damage":10,"enemies":"3 Sentries","floor":6,"turns":8},{"damage":0,"enemies":"Lagavulin","floor":8,"turns":6},{"damage":9,"enemies":"3 Sentries","floor":10,"turns":6},{"damage":0,"enemies":"Red Slaver","floor":12,"turns":3},{"damage":0,"enemies":"Looter","floor":14,"turns":2},{"damage":30,"enemies":"Slime Boss","floor":16,"turns":7},{"damage":5,"enemies":"Chosen","floor":18,"turns":4},{"damage":4,"enemies":"Shell Parasite","floor":20,"turns":5},{"damage":26,"enemies":"Snake Plant","floor":21,"turns":3},{"damage":0,"enemies":"3 Cultists","floor":22,"turns":4},{"damage":3,"enemies":"Gremlin Leader","floor":24,"turns":6},{"damage":0,"enemies":"Sentry and Sphere","floor":27,"turns":3},{"damage":0,"enemies":"Cultist and Chosen","floor":28,"turns":4},{"damage":6,"enemies":"Snake Plant","floor":29,"turns":5},{"damage":0,"enemies":"Book of Stabbing","floor":30,"turns":6},{"damage":0,"enemies":"Centurion and Healer","floor":31,"turns":6},{"damage":13,"enemies":"Champ","floor":33,"turns":10},{"damage":0,"enemies":"3 Shapes","floor":35,"turns":2},{"damage":0,"enemies":"Orb Walker","floor":37,"turns":2},{"damage":0,"enemies":"4 Shapes","floor":39,"turns":5},{"damage":22,"enemies":"Giant Head","floor":40,"turns":11},{"damage":0,"floor":42,"turns":4},{"damage":0,"enemies":"Maw","floor":44,"turns":5},{"damage":0,"enemies":"Spire Growth","floor":47,"turns":4},{"damage":0,"enemies":"3 Darklings","floor":48,"turns":1},{"damage":29,"enemies":"Donu and Deca","floor":50,"turns":5}],"seed_played":"-5163931989437869171","potions_obtained":[{"floor":3,"key":"Block Potion"},{"floor":6,"key":"FearPotion"},{"floor":10,"key":"Explosive Potion"},{"floor":16,"key":"Regen Potion"},{"floor":18,"key":"FocusPotion"},{"floor":21,"key":"EssenceOfSteel"},{"floor":28,"key":"SkillPotion"},{"floor":29,"key":"Fire Potion"},{"floor":37,"key":"Swift Potion"},{"floor":42,"key":"Poison Potion"},{"floor":47,"key":"Swift Potion"}],"is_trial":false,"path_per_floor":["M","M","M","$","?","E","R","E","T","E","R","M","?","M","R","B",null,"M","$","M","M","M","R","E","R","T","M","M","M","E","M","R","B",null,"M","?","M","?","M","E","$","?","T","M","$","?","M","M","R","B"],"character_chosen":"DEFECT","items_purchased":["Ball Lightning","Machine Learning","ClockworkSouvenir","Bronze Scales","DataDisk","Storm","Echo Form","Capacitor+1","Explosive Potion"],"campfire_rested":1,"item_purchase_floors":[4,4,19,19,41,41,41,45,45],"current_hp_per_floor":[74,74,68,68,68,58,58,58,58,49,49,49,49,49,49,19,75,70,70,66,49,49,49,48,71,71,71,73,67,67,67,67,54,79,81,81,81,81,81,61,61,61,61,61,61,61,61,61,61,32],"gold":35,"neow_bonus":"TWO_FIFTY_GOLD","is_prod":false,"is_daily":false,"chose_seed":false,"campfire_upgraded":5,"win_rate":0,"timestamp":1533959147,"path_taken":["M","M","M","$","?","E","R","E","T","E","R","?","?","M","R","BOSS","M","$","M","?","M","R","E","R","T","M","M","M","E","M","R","BOSS","M","?","M","?","M","E","?","?","T","M","$","?","M","M","R","BOSS"],"build_version":"2018-08-09","purchased_purges":2,"victory":true,"max_hp_per_floor":[75,75,75,75,75,75,75,75,75,75,75,75,75,75,75,75,75,75,75,75,75,75,75,77,77,77,77,79,79,79,79,79,79,79,81,81,81,81,81,83,83,83,83,83,83,83,85,85,85,85],"card_choices":[{"not_picked":["Barrage","Streamline"],"picked":"Sweeping Beam","floor":1},{"not_picked":["Self Repair","Redo"],"picked":"Coolheaded","floor":2},{"not_picked":["Rebound","Turbo"],"picked":"Leap","floor":3},{"not_picked":["Hologram","Glacier"],"picked":"Cold Snap","floor":6},{"not_picked":["Gash","Hologram"],"picked":"Conserve Battery","floor":8},{"not_picked":["Beam Cell","Double Energy"],"picked":"Ball Lightning","floor":10},{"not_picked":["Aggregate","Hologram"],"picked":"Hyperbeam","floor":12},{"not_picked":["Conserve Battery","Lockon"],"picked":"Go for the Eyes","floor":14},{"not_picked":["Creative AI","Thunder Strike"],"picked":"Biased Cognition","floor":16},{"not_picked":["Ball Lightning","Sweeping Beam"],"picked":"Compile Driver","floor":18},{"not_picked":["Glacier","Conserve Battery"],"picked":"Stack","floor":20},{"not_picked":["Force Field+1","Blizzard"],"picked":"FTL","floor":21},{"not_picked":["Aggregate+1","Turbo+1"],"picked":"Auto Shields+1","floor":22},{"not_picked":["Doom and Gloom","Recycle+1","Tempest"],"picked":"Singing Bowl","floor":24},{"not_picked":["Sweeping Beam","Sunder+1"],"picked":"Machine Learning","floor":27},{"not_picked":["Reprogram","Conserve Battery","Genetic Algorithm+1"],"picked":"Singing Bowl","floor":28},{"not_picked":["Conserve Battery+1","Doom and Gloom"],"picked":"Chill+1","floor":29},{"not_picked":["Conserve Battery","Steam"],"picked":"Compile Driver","floor":30},{"not_picked":["Reinforced Body+1","Compile Driver"],"picked":"Coolheaded","floor":31},{"not_picked":["Meteor Strike","Thunder Strike"],"picked":"Machine Learning","floor":33},{"not_picked":["Gash","Cold Snap","Barrage+1"],"picked":"Singing Bowl","floor":35},{"not_picked":["Stack+1","Coolheaded"],"picked":"Heatsinks+1","floor":37},{"not_picked":["Blind","Finesse"],"picked":"Panache","floor":38},{"not_picked":["Hologram+1","Blizzard"],"picked":"Stack+1","floor":39},{"not_picked":["Leap+1","Barrage","Rip and Tear"],"picked":"Singing Bowl","floor":40},{"not_picked":["Coolheaded","Sweeping Beam+1"],"picked":"Stack","floor":42},{"not_picked":["Skim+1","Gash+1"],"picked":"Storm+1","floor":44},{"not_picked":["Ball Lightning+1","Melter","Gash+1"],"picked":"Singing Bowl","floor":47},{"not_picked":["Streamline","Sweeping Beam+1"],"picked":"Compile Driver+1","floor":48}],"player_experience":697128,"relics_obtained":[{"floor":6,"key":"Happy Flower"},{"floor":8,"key":"Sundial"},{"floor":9,"key":"Singing Bowl"},{"floor":10,"key":"The Courier"},{"floor":24,"key":"Potion Belt"},{"floor":24,"key":"Bag of Preparation"},{"floor":26,"key":"Anchor"},{"floor":30,"key":"Juzu Bracelet"},{"floor":30,"key":"Bag of Marbles"},{"floor":40,"key":"Gremlin Horn"},{"floor":40,"key":"Bottled Tornado"},{"floor":42,"key":"Shovel"},{"floor":43,"key":"Frozen Egg 2"},{"floor":49,"key":"Centennial Puzzle"}],"event_choices":[{"event_name":"Fountain of Cleansing","player_choice":"Removed Curse","floor":5,"damage_taken":0},{"event_name":"The Cleric","player_choice":"Card Removal","floor":13,"damage_taken":0},{"event_name":"Falling","player_choice":"Removed Attack","floor":36,"damage_taken":0},{"event_name":"SensoryStone","player_choice":"Memory 1","floor":38,"damage_taken":0},{"event_name":"Mysterious Sphere","player_choice":"Fight","floor":42,"damage_taken":0},{"event_name":"MindBloom","player_choice":"Upgrade","floor":46,"damage_taken":0}],"is_beta":false,"boss_relics":[{"not_picked":["Cursed Key","Snecko Eye"],"picked":"Black Star"},{"not_picked":["FrozenCore","Astrolabe"],"picked":"Nuclear Battery"}],"items_purged_floors":[19,41],"is_endless":false,"potions_floor_spawned":[3,6,10,16,18,21,22,28,29,37,42,47],"ascension_level":0}