{"path_per_floor":["M","M","M","M","M","R","E","R","T","R","?","?","M","E","R","B",null,"M","?","?","?","M","E","M","M","T","$","M","T","R","M","R"],"character_chosen":"THE_SILENT","items_purchased":[],"gold_per_floor":[99,99,99,99,99,99,99,99,99,99,99,99,99,99,99,99,99,39,39,39,39,39,39,39,39,39,39,39,39,39,39,39],"floor_reached":33,"campfire_rested":0,"playtime":2361,"current_hp_per_floor":[70,70,70,70,70,70,53,53,53,53,53,53,53,38,38,22,70,64,64,64,64,64,49,33,30,30,30,23,23,23,9,9],"items_purged":[],"gold":39,"play_id":"8ce423ad-c7a4-4163-af84-02cbece73720","is_prod":false,"is_daily":false,"campfire_rituals":0,"campfire_upgraded":6,"is_hardmode":false,"path_taken":["M","M","M","M","M","R","E","R","T","R","?","?","M","E","R","BOSS","M","?","?","?","M","E","M","M","T","?","M","?","R","M","R","BOSS"],"build_version":"2018-01-18-PROD4","purchased_purges":0,"victory":false,"master_deck":["Defend_G","Defend_G","Defend_G","Defend_G","Defend_G","Strike_G","Strike_G","Strike_G","Strike_G","Strike_G","Survivor","Neutralize","Backflip","Skewer","Infinite Blades","Flying Knee","Masterful Stab","Blade Dance","Purity","Regret","Outmaneuver","Malaise","Adrenaline","Predator","Acrobatics","Concentrate","Backflip","Backflip","Dagger Throw"],"max_hp_per_floor":[70,70,70,70,70,70,70,70,70,70,70,70,70,70,70,70,70,70,70,70,70,70,70,70,70,70,70,70,70,70,70,70],"relics":["Ectoplasm","Bronze Scales","Bottled Lightning","War Paint","Molten Egg","Sozu","Mercury Hourglass","Oddly Smooth Stone","Smiling Mask","Dream Catcher"],"campfire_meditates":0,"card_choices":[{"not_picked":["PiercingWail","Underhanded Strike"],"picked":"Backflip"},{"not_picked":["Terror","Prepared"],"picked":"Skewer"},{"not_picked":["PiercingWail","Backstab"],"picked":"Infinite Blades"},{"not_picked":["Blur","Accuracy"],"picked":"Flying Knee"},{"not_picked":["Deadly Poison","Dodge and Roll"],"picked":"Masterful Stab"},{"not_picked":["PiercingWail","Underhanded Strike"],"picked":"Blade Dance"},{"not_picked":["Deflect","Skewer"],"picked":"Outmaneuver"},{"not_picked":["Deadly Poison","Calculated Gamble"],"picked":"Malaise"},{"not_picked":["Doppelganger","A Thousand Cuts"],"picked":"Adrenaline"},{"not_picked":["Acrobatics","Riddle With Holes"],"picked":"Predator"},{"not_picked":["Underhanded Strike","Cloak And Dagger"],"picked":"Acrobatics"},{"not_picked":["Infinite Blades","Cloak And Dagger"],"picked":"Concentrate"},{"not_picked":["Crippling Poison","Dodge and Roll"],"picked":"Backflip"},{"not_picked":["Crippling Poison","Bane"],"picked":"Backflip"},{"not_picked":["Choke","Finisher"],"picked":"Dagger Throw"}],"player_experience":170329,"potions_floor_usage":[7,14,16],"damage_taken":[{"damage":0.0,"enemies":"Cultist","floor":1.0,"turns":5.0},{"damage":0.0,"enemies":"Small Slimes","floor":2.0,"turns":3.0},{"damage":0,"enemies":"2 Louse","floor":3,"turns":3},{"damage":0,"enemies":"2 Fungi Beasts","floor":4,"turns":4},{"damage":0,"enemies":"3 Louse","floor":5,"turns":4},{"damage":17,"enemies":"3 Sentries","floor":7,"turns":6},{"damage":0,"enemies":"Gremlin Gang","floor":13,"turns":3},{"damage":15,"enemies":"Lagavulin","floor":14,"turns":4},{"damage":16,"enemies":"Hexaghost","floor":16,"turns":9},{"damage":6,"enemies":"2 Thieves","floor":18,"turns":4},{"damage":0,"enemies":"3 Byrds","floor":22,"turns":3},{"damage":15,"enemies":"Gremlin Leader","floor":23,"turns":5},{"damage":16,"enemies":"Centurion and Healer","floor":24,"turns":5},{"damage":3,"enemies":"Snake Plant","floor":25,"turns":4},{"damage":7,"enemies":"3 Cultists","floor":28,"turns":5},{"damage":14,"enemies":"Centurion and Healer","floor":31,"turns":4},{"damage":36,"enemies":"Automaton","floor":33,"turns":6}],"event_choices":[{"event_name":"Match and Keep!","player_choice":"1 cards matched","floor":11,"damage_taken":0},{"event_name":"Big Fish","player_choice":"Box","floor":12,"damage_taken":0},{"event_name":"Upgrade Shrine","player_choice":"Upgraded","floor":19,"damage_taken":0},{"event_name":"Accursed Blacksmith","player_choice":"Rummage","floor":20,"damage_taken":0},{"event_name":"Golden Shrine","player_choice":"Skipped","floor":21,"damage_taken":0}],"boss_relics":[{"not_picked":["Tiny House","Pandora\u0027s Box"],"picked":"Sozu"}],"potions_floor_spawned":[4,5,7,13,14,18,23,25,31],"seed_played":"-6966041997450441440","killed_by":"Automaton","is_trial":false}