{"gold_per_floor":[115,115,115,131,148,148,27,27,27,27,38,73,73,87,87,186,186,197,223,223,223,234,263,36,36,36,67,87,97,108,127,127,224,224,243,243,261,114,139,165,179,179,260,312,345,98,108,122,122,122],"floor_reached":51,"playtime":4554,"items_purged":["Strike_G","Strike_G","Strike_G","Defend_G"],"score":859,"play_id":"ed532a2c-b3e4-41f9-88b0-58741ce3506d","local_time":"20190213195105","is_ascension_mode":true,"campfire_choices":[{"data":"Neutralize","floor":6,"key":"SMITH"},{"data":"Prepared","floor":8,"key":"SMITH"},{"data":"Heel Hook","floor":10,"key":"SMITH"},{"data":"Outmaneuver","floor":13,"key":"SMITH"},{"floor":15,"key":"REST"},{"data":"Adrenaline","floor":25,"key":"SMITH"},{"floor":32,"key":"REST"},{"data":"Adrenaline","floor":49,"key":"SMITH"}],"neow_cost":"NONE","seed_source_timestamp":859119617690167,"circlet_count":0,"master_deck":["Defend_G","Defend_G","Strike_G","Survivor+1","Neutralize+1","Heel Hook+1","Acrobatics","Quick Slash+1","Prepared+1","Predator+1","Outmaneuver+1","Adrenaline+1","After Image","Dagger Spray+1","Sucker Punch+1","Necronomicurse","Slice+1","Underhanded Strike+1","Escape Plan","Heel Hook+1","Dodge and Roll+1","Dash+1","Glass Knife+1","Adrenaline+1","Blade Dance+1","Dodge and Roll+1","Doppelganger+1","Quick Slash+1","Backflip+1","Mind Blast+1","Endless Agony+1","Concentrate","Panache","Glass Knife+1"],"relics":["Ring of the Serpent","Molten Egg 2","Calipers","Vajra","Red Mask","Necronomicon","Happy Flower","Bottled Tornado","Bag of Preparation","Astrolabe","Smiling Mask","Orichalcum","Blood Vial","Ninja Scroll","Du-Vu Doll","Dream Catcher"],"potions_floor_usage":[12,19,23,33,33,50,50],"damage_taken":[{"damage":6,"enemies":"Jaw Worm","floor":1,"turns":7},{"damage":0,"enemies":"Small Slimes","floor":4,"turns":3},{"damage":5,"enemies":"Cultist","floor":5,"turns":4},{"damage":0,"enemies":"2 Fungi Beasts","floor":11,"turns":3},{"damage":16,"enemies":"Lagavulin","floor":12,"turns":6},{"damage":3,"enemies":"Large Slime","floor":14,"turns":4},{"damage":11,"enemies":"The Guardian","floor":16,"turns":11},{"damage":0,"enemies":"Chosen","floor":18,"turns":4},{"damage":1,"enemies":"Masked Bandits","floor":19,"turns":3},{"damage":0,"enemies":"3 Byrds","floor":22,"turns":4},{"damage":1,"enemies":"Slavers","floor":23,"turns":4},{"damage":15,"enemies":"Book of Stabbing","floor":27,"turns":4},{"damage":7,"enemies":"Snake Plant","floor":28,"turns":3},{"damage":0,"enemies":"Shelled Parasite and Fungi","floor":29,"turns":3},{"damage":0,"enemies":"Snecko","floor":30,"turns":3},{"damage":0,"enemies":"3 Cultists","floor":31,"turns":4},{"damage":19,"enemies":"Collector","floor":33,"turns":8},{"damage":5,"enemies":"3 Shapes","floor":35,"turns":3},{"damage":1,"enemies":"3 Darklings","floor":37,"turns":3},{"damage":0,"enemies":"Giant Head","floor":40,"turns":6},{"damage":0,"enemies":"Maw","floor":41,"turns":5},{"damage":0,"enemies":"2 Orb Walkers","floor":44,"turns":3},{"damage":3,"enemies":"Nemesis","floor":45,"turns":5},{"damage":0,"enemies":"Sphere and 2 Shapes","floor":47,"turns":2},{"damage":5,"enemies":"4 Shapes","floor":48,"turns":3},{"damage":22,"enemies":"Time Eater","floor":50,"turns":9}],"seed_played":"-6574040412290778278","potions_obtained":[{"floor":1,"key":"PowerPotion"},{"floor":16,"key":"Strength Potion"},{"floor":22,"key":"Block Potion"},{"floor":23,"key":"Regen Potion"},{"floor":27,"key":"Energy Potion"},{"floor":28,"key":"SpeedPotion"},{"floor":30,"key":"Strength Potion"},{"floor":40,"key":"GamblersBrew"},{"floor":45,"key":"Dexterity Potion"},{"floor":47,"key":"Swift Potion"}],"is_trial":false,"path_per_floor":["M","?","?","M","M","R","$","R","T","R","M","E","R","M","R","B",null,"M","?","?","?","M","E","$","R","T","E","M","M","M","M","R","B",null,"M","?","M","$","T","E","M","?","T","?","E","$","M","M","R","B",null],"character_chosen":"THE_SILENT","items_purchased":["Prepared","Underhanded Strike+1","Escape Plan","Mind Blast+1","Panache"],"campfire_rested":2,"item_purchase_floors":[7,24,24,38,46],"current_hp_per_floor":[64,69,69,69,64,64,64,64,64,64,64,48,48,45,67,56,75,75,74,60,44,44,43,43,43,43,28,21,21,21,21,45,41,80,75,75,74,74,74,74,76,76,76,76,73,73,75,71,71,51],"gold":122,"neow_bonus":"UPGRADE_CARD","is_prod":false,"is_daily":false,"chose_seed":false,"campfire_upgraded":6,"win_rate":0,"timestamp":1550083865,"path_taken":["M","?","?","M","M","R","$","R","T","R","M","E","R","?","R","BOSS","M","?","?","?","M","E","$","R","T","E","M","M","M","M","R","BOSS","M","?","M","$","?","E","M","?","T","?","E","$","?","M","R","BOSS"],"build_version":"2019-01-23","purchased_purges":4,"victory":true,"max_hp_per_floor":[70,75,75,75,75,75,75,75,75,75,75,75,75,75,75,75,75,75,75,80,80,80,80,80,80,80,80,80,80,80,80,80,80,80,80,80,80,80,80,80,80,76,76,76,76,76,76,76,76,76],"card_choices":[{"not_picked":["Cloak And Dagger","Sucker Punch"],"picked":"Heel Hook","floor":1},{"not_picked":["Footwork","Dodge and Roll"],"picked":"Acrobatics","floor":4},{"not_picked":["Dagger Spray+1","Crippling Poison"],"picked":"Quick Slash+1","floor":5},{"not_picked":["Dagger Spray+1","Backflip"],"picked":"Predator+1","floor":11},{"not_picked":["Doppelganger","Acrobatics"],"picked":"Outmaneuver","floor":12},{"not_picked":["Quick Slash+1","Deflect"],"picked":"Adrenaline","floor":14},{"not_picked":["Die Die Die+1","Envenom"],"picked":"After Image","floor":16},{"not_picked":["Poisoned Stab+1","Bane+1"],"picked":"Dagger Spray+1","floor":18},{"not_picked":["Dagger Spray+1","Prepared+1"],"picked":"Sucker Punch+1","floor":19},{"not_picked":["Bane+1","Prepared"],"picked":"Slice+1","floor":22},{"not_picked":["Distraction","Sucker Punch+1","Poisoned Stab+1"],"picked":"SKIP","floor":23},{"not_picked":["Deflect","Dodge and Roll"],"picked":"Heel Hook+1","floor":27},{"not_picked":["Eviscerate+1","Cloak And Dagger"],"picked":"Dodge and Roll+1","floor":28},{"not_picked":["Outmaneuver","Dagger Throw+1"],"picked":"Dash+1","floor":29},{"not_picked":["Finisher+1","Dagger Throw+1"],"picked":"Glass Knife+1","floor":30},{"not_picked":["Caltrops","Distraction","Dodge and Roll"],"picked":"SKIP","floor":31},{"not_picked":["Storm of Steel","Grand Finale+1"],"picked":"Adrenaline","floor":33},{"not_picked":["Expertise","Deadly Poison"],"picked":"Quick Slash+1","floor":35},{"not_picked":["All Out Attack+1","Footwork"],"picked":"Backflip+1","floor":37},{"not_picked":["Bane+1","Sucker Punch+1","Poisoned Stab+1"],"picked":"SKIP","floor":40},{"not_picked":["Slice+1","Dagger Spray+1"],"picked":"Endless Agony+1","floor":41},{"not_picked":["Cloak And Dagger+1","Quick Slash+1"],"picked":"Concentrate","floor":45},{"not_picked":["Dodge and Roll+1","Slice+1"],"picked":"Glass Knife+1","floor":47},{"not_picked":["Concentrate","Caltrops","Bane+1"],"picked":"SKIP","floor":48}],"player_experience":295082,"relics_obtained":[{"floor":3,"key":"Molten Egg 2"},{"floor":9,"key":"Calipers"},{"floor":12,"key":"Vajra"},{"floor":19,"key":"Red Mask"},{"floor":21,"key":"Necronomicon"},{"floor":23,"key":"Happy Flower"},{"floor":26,"key":"Bottled Tornado"},{"floor":27,"key":"Bag of Preparation"},{"floor":36,"key":"Smiling Mask"},{"floor":39,"key":"Orichalcum"},{"floor":40,"key":"Blood Vial"},{"floor":43,"key":"Ninja Scroll"},{"floor":44,"key":"Du-Vu Doll"},{"floor":45,"key":"Dream Catcher"}],"event_choices":[{"damage_healed":0,"gold_gain":0,"player_choice":"Donut","damage_taken":0,"max_hp_gain":5,"max_hp_loss":0,"event_name":"Big Fish","floor":2,"gold_loss":0},{"damage_healed":0,"gold_gain":0,"player_choice":"Relic","damage_taken":0,"max_hp_gain":0,"max_hp_loss":0,"event_name":"Wheel of Change","floor":3,"gold_loss":0},{"damage_healed":0,"gold_gain":0,"player_choice":"Fought Bandits","damage_taken":0,"max_hp_gain":0,"max_hp_loss":0,"event_name":"Masked Bandits","floor":19,"gold_loss":0},{"damage_healed":0,"gold_gain":0,"player_choice":"Shed Blood","damage_taken":19,"max_hp_gain":5,"max_hp_loss":0,"event_name":"Forgotten Altar","floor":20,"gold_loss":0},{"damage_healed":0,"gold_gain":0,"player_choice":"Obtained Book","damage_taken":16,"max_hp_gain":0,"max_hp_loss":0,"event_name":"Cursed Tome","floor":21,"gold_loss":0},{"damage_healed":0,"gold_gain":0,"player_choice":"Relic","damage_taken":0,"max_hp_gain":0,"max_hp_loss":0,"event_name":"Wheel of Change","floor":36,"gold_loss":0},{"damage_healed":0,"gold_gain":0,"player_choice":"Max HP","damage_taken":0,"max_hp_gain":0,"max_hp_loss":4,"event_name":"Winding Halls","floor":42,"gold_loss":0},{"damage_healed":0,"gold_gain":0,"player_choice":"Fight","damage_taken":0,"max_hp_gain":0,"max_hp_loss":0,"event_name":"Mysterious Sphere","floor":44,"gold_loss":0}],"is_beta":false,"boss_relics":[{"not_picked":["WristBlade","Runic Dome"],"picked":"Ring of the Serpent"},{"not_picked":["HoveringKite","Pandora\u0027s Box"],"picked":"Astrolabe"}],"items_purged_floors":[7,24,38,46],"is_endless":false,"potions_floor_spawned":[1,16,22,23,27,28,30,31,40,45,47,48],"ascension_level":3}