{"gold_per_floor":[111,129,141,161,161,193,193,213,286,286,316,330,354,364,364,465,465,485,498,423,437,452,452],"floor_reached":23,"playtime":1724,"items_purged":["Strike_B"],"score":238,"play_id":"c601b930-716f-487e-b604-de9e1a755b68","local_time":"20181007121733","is_ascension_mode":true,"campfire_choices":[{"floor":7.0,"key":"REST"},{"floor":15.0,"key":"REST"}],"neow_cost":"","seed_source_timestamp":0,"circlet_count":0,"master_deck":["Strike_B","Strike_B","Defend_B+1","Defend_B","Defend_B","Defend_B","Zap","Dualcast","Conserve Battery","Reinforced Body+1","Conserve Battery","Cold Snap","Loop","Cold Snap","Barrage","Barrage","Biased Cognition","Consume","Ball Lightning"],"special_seed":0,"relics":["Cracked Core","War Paint","Du-Vu Doll","Ornamental Fan","Vajra","Bag of Marbles","Fusion Hammer"],"potions_floor_usage":[],"damage_taken":[{"damage":3.0,"enemies":"2 Louse","floor":1.0,"turns":3.0},{"damage":0.0,"enemies":"Small Slimes","floor":2.0,"turns":3.0},{"damage":0.0,"enemies":"Jaw Worm","floor":3.0,"turns":4.0},{"damage":4.0,"enemies":"Looter","floor":4.0,"turns":3.0},{"damage":19.0,"enemies":"Gremlin Nob","floor":6.0,"turns":4.0},{"damage":13.0,"enemies":"Exordium Wildlife","floor":8.0,"turns":3.0},{"damage":4.0,"enemies":"3 Sentries","floor":11.0,"turns":9.0},{"damage":0.0,"enemies":"3 Louse","floor":12.0,"turns":2.0},{"damage":3.0,"enemies":"Large Slime","floor":14.0,"turns":5.0},{"damage":4.0,"enemies":"Hexaghost","floor":16.0,"turns":8.0},{"damage":11.0,"enemies":"Spheric Guardian","floor":18.0,"turns":4.0},{"damage":18,"enemies":"2 Thieves","floor":19,"turns":4},{"damage":19,"enemies":"Chosen and Byrds","floor":21,"turns":11},{"damage":6,"enemies":"3 Cultists","floor":22,"turns":7},{"damage":23,"enemies":"Slavers","floor":23,"turns":1}],"seed_played":"2818233193933137156","potions_obtained":[{"floor":2.0,"key":"FocusPotion"},{"floor":3.0,"key":"Energy Potion"},{"floor":6.0,"key":"EssenceOfSteel"},{"floor":8.0,"key":"Strength Potion"},{"floor":14.0,"key":"Strength Potion"},{"floor":18.0,"key":"SpeedPotion"},{"floor":22,"key":"Regen Potion"}],"is_trial":false,"path_per_floor":["M","M","M","M","?","E","R","M","T","?","E","M","T","M","R","B",null,"M","M","$","M","M"],"character_chosen":"DEFECT","items_purchased":[],"campfire_rested":2,"item_purchase_floors":[],"current_hp_per_floor":[72,72,72,68,26,7,29,16,16,9,5,5,5,2,24,20,75,64,46,46,27,21,0],"gold":452,"neow_bonus":"","is_prod":false,"is_daily":false,"chose_seed":false,"campfire_upgraded":0,"win_rate":0,"timestamp":1538932653,"path_taken":["M","M","M","M","?","E","R","M","T","?","E","M","?","?","R","BOSS","M","M","$","M","M","E"],"build_version":"2018-10-04v2","purchased_purges":1,"victory":false,"max_hp_per_floor":[75,75,75,75,75,75,75,75,75,75,75,75,75,75,75,75,75,75,75,75,75,75,75],"card_choices":[{"not_picked":["Turbo","Stack"],"picked":"Conserve Battery","floor":1.0},{"not_picked":["Go for the Eyes","Tempest"],"picked":"Reinforced Body","floor":2.0},{"not_picked":["Recycle","Beam Cell"],"picked":"Conserve Battery","floor":3.0},{"not_picked":["Stack","Self Repair"],"picked":"Cold Snap","floor":4.0},{"not_picked":["Sweeping Beam","Seek"],"picked":"Loop","floor":6.0},{"not_picked":["Barrage","Gash"],"picked":"Cold Snap","floor":8.0},{"not_picked":["Stack","Reprogram"],"picked":"Barrage","floor":11.0},{"not_picked":["Steam","Beam Cell"],"picked":"Barrage","floor":12.0},{"not_picked":["Skim","Hyperbeam","Recycle"],"picked":"SKIP","floor":14.0},{"not_picked":["Rainbow","Machine Learning"],"picked":"Biased Cognition","floor":16.0},{"not_picked":["Steam","Auto Shields"],"picked":"Consume","floor":18.0},{"not_picked":["Cold Snap","Scrape","FTL"],"picked":"SKIP","floor":19},{"not_picked":["Turbo+1","Doom and Gloom","Steam"],"picked":"SKIP","floor":21},{"not_picked":["Heatsinks","Rebound"],"picked":"Ball Lightning","floor":22}],"player_experience":108739,"relics_obtained":[{"floor":6.0,"key":"Du-Vu Doll"},{"floor":9.0,"key":"Ornamental Fan"},{"floor":11.0,"key":"Vajra"},{"floor":13.0,"key":"Bag of Marbles"}],"event_choices":[{"event_name":"Scrap Ooze","player_choice":"success","floor":5.0,"damage_taken":42.0},{"event_name":"Golden Wing","player_choice":"Card Removal","floor":10.0,"damage_taken":0.0}],"is_beta":false,"boss_relics":[{"not_picked":["Tiny House","Empty Cage"],"picked":"Fusion Hammer"}],"items_purged_floors":[20],"is_endless":false,"potions_floor_spawned":[2,3,6,8,14,18,22],"killed_by":"Slavers","ascension_level":3}