{"gold_per_floor":[216,228,247,263,114,114,133,165,189,44,58,58,75,107,107,107],"floor_reached":16,"playtime":589,"items_purged":["Strike_B"],"score":148,"play_id":"da812d85-d825-4f13-b26e-76efc55be3bb","local_time":"20180930005440","is_ascension_mode":true,"campfire_choices":[{"data":"Sunder","floor":6,"key":"SMITH"},{"data":"Loop","floor":12,"key":"SMITH"},{"floor":15,"key":"REST"}],"neow_cost":"NONE","seed_source_timestamp":11759750976396,"circlet_count":0,"master_deck":["Strike_B","Strike_B","Strike_B","Defend_B","Defend_B","Defend_B","Defend_B","Zap","Dualcast","Sunder+1","Darkness","Loop+1","Steam","Defragment","Capacitor","Auto Shields","Creative AI","Undo"],"relics":["Cracked Core","Bag of Marbles","Oddly Smooth Stone","Omamori","Art of War"],"potions_floor_usage":[8,8,14],"damage_taken":[{"damage":1,"enemies":"Cultist","floor":1,"turns":3},{"damage":2,"enemies":"Jaw Worm","floor":2,"turns":3},{"damage":4,"enemies":"2 Louse","floor":3,"turns":2},{"damage":17,"enemies":"Exordium Thugs","floor":4,"turns":5},{"damage":8,"enemies":"Blue Slaver","floor":7,"turns":4},{"damage":4,"enemies":"Lagavulin","floor":8,"turns":4},{"damage":0,"enemies":"3 Louse","floor":11,"turns":2},{"damage":14,"enemies":"Red Slaver","floor":13,"turns":3},{"damage":15,"enemies":"3 Sentries","floor":14,"turns":7},{"damage":25,"enemies":"Slime Boss","floor":16,"turns":3}],"seed_played":"-2376912637348683053","potions_obtained":[{"floor":1,"key":"Dexterity Potion"},{"floor":2,"key":"SkillPotion"},{"floor":7,"key":"Poison Potion"},{"floor":8,"key":"LiquidBronze"}],"is_trial":false,"path_per_floor":["M","M","M","M","$","R","M","E","T","$","M","R","M","E","R"],"character_chosen":"DEFECT","items_purchased":["Defragment","Omamori"],"campfire_rested":1,"item_purchase_floors":[5,10],"current_hp_per_floor":[67,65,61,44,44,44,36,32,32,32,32,32,18,3,25,0],"gold":107,"neow_bonus":"HUNDRED_GOLD","is_prod":false,"is_daily":false,"chose_seed":false,"campfire_upgraded":2,"win_rate":0,"timestamp":1538283280,"path_taken":["M","M","M","M","$","R","M","E","T","$","M","R","M","E","R","BOSS"],"build_version":"2018-09-27","purchased_purges":1,"victory":false,"max_hp_per_floor":[75,75,75,75,75,75,75,75,75,75,75,75,75,75,75,75],"card_choices":[{"not_picked":["Compile Driver","Steam Power"],"picked":"Sunder","floor":1},{"not_picked":["Streamline","Glacier"],"picked":"Darkness","floor":2},{"not_picked":["Capacitor","Beam Cell"],"picked":"Loop","floor":3},{"not_picked":["Storm","Consume"],"picked":"Steam","floor":4},{"not_picked":["Reprogram","Darkness"],"picked":"Capacitor","floor":7},{"not_picked":["Turbo","Barrage"],"picked":"Auto Shields","floor":8},{"not_picked":["Stack","Streamline","Barrage"],"picked":"SKIP","floor":11},{"not_picked":["Force Field","Stack"],"picked":"Creative AI","floor":13},{"not_picked":["Machine Learning","Coolheaded"],"picked":"Undo","floor":14}],"player_experience":622990,"relics_obtained":[{"floor":8,"key":"Bag of Marbles"},{"floor":9,"key":"Oddly Smooth Stone"},{"floor":14,"key":"Art of War"}],"event_choices":[],"is_beta":false,"boss_relics":[],"items_purged_floors":[5],"is_endless":false,"potions_floor_spawned":[1,2,7,8],"killed_by":"Slime Boss","ascension_level":6}