{"gold_per_floor":[12,22,32,32,32,32,59,59,59,59,79,79,96,116,116,194,244,262,262,262,281,306,306,306,306,306,306,306,34,52,66,66,66],"floor_reached":33,"playtime":1757,"items_purged":[],"score":477,"play_id":"03316734-613b-4a53-9511-936c19fc6f06","local_time":"20190308171051","is_ascension_mode":true,"campfire_choices":[{"data":"Zap","floor":6,"key":"SMITH"},{"floor":8,"key":"REST"},{"data":"Double Energy","floor":10,"key":"SMITH"},{"data":"Go for the Eyes","floor":12,"key":"SMITH"},{"data":"Hologram","floor":15,"key":"SMITH"},{"data":"Fission","floor":23,"key":"SMITH"},{"data":"Chill","floor":27,"key":"SMITH"},{"floor":32,"key":"REST"}],"neow_cost":"NO_GOLD","seed_source_timestamp":406709712681481,"circlet_count":0,"master_deck":["AscendersBane","Strike_B+1","Strike_B+1","Defend_B+1","Defend_B+1","Defend_B+1","Defend_B+1","Zap+1","Dualcast","Chill+1","Sweeping Beam","Double Energy+1","Undo","Cold Snap","Steam","Go for the Eyes+1","Ball Lightning+1","Hologram+1","Fission+1","Compile Driver","Cold Snap","Doom and Gloom+1","Go for the Eyes+1","Turbo","Undo","Fusion"],"relics":["Cracked Core","Unceasing Top","Dream Catcher","Mummified Hand","Tiny House","Red Mask","Lantern","Runic Capacitor"],"potions_floor_usage":[7,16,20,24,24,31],"damage_taken":[{"damage":18,"enemies":"Jaw Worm","floor":1,"turns":4},{"damage":2,"enemies":"2 Louse","floor":2,"turns":3},{"damage":0,"enemies":"Cultist","floor":3,"turns":4},{"damage":28,"enemies":"Lagavulin","floor":7,"turns":7},{"damage":0,"enemies":"2 Fungi Beasts","floor":11,"turns":3},{"damage":0,"enemies":"Looter","floor":13,"turns":3},{"damage":11,"enemies":"3 Louse","floor":14,"turns":3},{"damage":18,"enemies":"Slime Boss","floor":16,"turns":12},{"damage":2,"enemies":"Chosen","floor":18,"turns":4},{"damage":9,"enemies":"Colosseum Slavers","floor":20,"turns":6},{"damage":0,"enemies":"Shell Parasite","floor":21,"turns":7},{"damage":30,"enemies":"Masked Bandits","floor":22,"turns":6},{"damage":0,"enemies":"Gremlin Leader","floor":24,"turns":4},{"damage":0,"enemies":"Cultist and Chosen","floor":30,"turns":5},{"damage":13,"enemies":"Snake Plant","floor":31,"turns":4},{"damage":34,"enemies":"Champ","floor":33,"turns":15}],"seed_played":"3338718609487366612","potions_obtained":[{"floor":1,"key":"GamblersBrew"},{"floor":2,"key":"Energy Potion"},{"floor":13,"key":"Block Potion"},{"floor":14,"key":"SmokeBomb"},{"floor":16,"key":"Block Potion"},{"floor":22,"key":"Strength Potion"}],"is_trial":false,"path_per_floor":["M","M","M","?","?","R","E","R","T","R","M","R","M","M","R","B",null,"M","?","?","M","?","R","E","?","T","R","?","$","M","M","R","B"],"character_chosen":"DEFECT","items_purchased":["Runic Capacitor","PowerPotion"],"campfire_rested":2,"item_purchase_floors":[29,29],"current_hp_per_floor":[46,44,44,44,44,44,16,37,37,37,37,37,37,26,26,8,60,58,58,49,49,19,19,19,19,19,19,19,19,19,6,28,0],"gold":66,"neow_bonus":"ONE_RARE_RELIC","is_prod":false,"is_daily":false,"chose_seed":false,"campfire_upgraded":6,"win_rate":0,"timestamp":1552083051,"path_taken":["M","M","M","?","?","R","E","R","T","R","?","R","M","M","R","BOSS","M","?","?","M","?","R","E","?","T","R","?","$","?","M","R","BOSS"],"build_version":"2019-01-23","purchased_purges":0,"victory":false,"max_hp_per_floor":[71,71,71,71,71,71,71,71,71,71,71,71,71,71,71,71,76,76,76,76,76,76,76,76,76,76,76,76,76,76,76,76,76],"card_choices":[{"not_picked":["Hologram","Stack"],"picked":"Chill","floor":1},{"not_picked":["Turbo","Redo"],"picked":"Sweeping Beam","floor":2},{"not_picked":["Capacitor","Streamline"],"picked":"Double Energy","floor":3},{"not_picked":["Barrage","Reboot"],"picked":"Cold Snap","floor":7},{"not_picked":["Redo","Sweeping Beam"],"picked":"Steam","floor":8},{"not_picked":["Beam Cell","Steam"],"picked":"Go for the Eyes","floor":11},{"not_picked":["Hologram","Chaos"],"picked":"Ball Lightning","floor":13},{"not_picked":["Beam Cell","Steam"],"picked":"Hologram","floor":14},{"not_picked":["Creative AI","Hyperbeam"],"picked":"Fission","floor":16},{"not_picked":["Tempest","Hologram"],"picked":"Compile Driver","floor":17},{"not_picked":["Sweeping Beam","Steam"],"picked":"Cold Snap","floor":18},{"not_picked":["Reprogram","Beam Cell"],"picked":"Doom and Gloom+1","floor":21},{"not_picked":["Auto Shields","Coolheaded"],"picked":"Go for the Eyes+1","floor":22},{"not_picked":["Sweeping Beam","Force Field+1"],"picked":"Turbo","floor":30},{"not_picked":["Barrage","Force Field"],"picked":"Undo","floor":31},{"not_picked":["Rebound","Force Field"],"picked":"Fusion","floor":32}],"player_experience":864145,"relics_obtained":[{"floor":7,"key":"Dream Catcher"},{"floor":9,"key":"Mummified Hand"},{"floor":22,"key":"Red Mask"},{"floor":26,"key":"Lantern"}],"event_choices":[{"damage_healed":0,"gold_gain":0,"player_choice":"Leave","damage_taken":0,"max_hp_gain":0,"max_hp_loss":0,"event_name":"The Cleric","floor":4,"gold_loss":0},{"damage_healed":0,"gold_gain":0,"cards_transformed":["Strike_B"],"player_choice":"Transformed","damage_taken":0,"max_hp_gain":0,"max_hp_loss":0,"event_name":"Transmorgrifier","floor":5,"gold_loss":0,"cards_obtained":["Undo"]},{"damage_healed":0,"gold_gain":0,"player_choice":"Ignored","damage_taken":0,"max_hp_gain":0,"max_hp_loss":0,"event_name":"The Mausoleum","floor":19,"gold_loss":0},{"damage_healed":0,"gold_gain":0,"player_choice":"Fight","damage_taken":0,"max_hp_gain":0,"max_hp_loss":0,"event_name":"Colosseum","floor":20,"gold_loss":0},{"damage_healed":0,"gold_gain":0,"player_choice":"Fled From Nobs","damage_taken":0,"max_hp_gain":0,"max_hp_loss":0,"event_name":"Colosseum","floor":20,"gold_loss":0},{"damage_healed":0,"gold_gain":0,"player_choice":"Fought Bandits","damage_taken":0,"max_hp_gain":0,"max_hp_loss":0,"event_name":"Masked Bandits","floor":22,"gold_loss":0},{"damage_healed":0,"gold_gain":0,"player_choice":"Simplicity","damage_taken":0,"max_hp_gain":0,"max_hp_loss":0,"event_name":"Back to Basics","floor":25,"gold_loss":0,"cards_upgraded":["Strike_B","Strike_B","Strike_B","Defend_B","Defend_B","Defend_B","Defend_B"]},{"cards_removed":["Strike_B"],"damage_healed":0,"gold_gain":0,"player_choice":"Purged","damage_taken":0,"max_hp_gain":0,"max_hp_loss":0,"event_name":"Purifier","floor":28,"gold_loss":0}],"is_beta":false,"boss_relics":[{"not_picked":["Coffee Dripper","Pandora\u0027s Box"],"picked":"Tiny House"}],"items_purged_floors":[],"is_endless":false,"potions_floor_spawned":[1,2,13,14,16,20,22,24],"killed_by":"Champ","ascension_level":16}