{"gold_per_floor":[110,32,32,53,53,94,94,133,184,197,197,212,226,226,226,352,352,371,371,371,296,296],"floor_reached":22,"playtime":1400,"items_purged":[],"score":298,"play_id":"7239b898-d63c-4810-8a99-50ca0d5d246d","local_time":"20190224125718","is_ascension_mode":true,"campfire_choices":[{"floor":7,"key":"REST"},{"data":"Conserve Battery","floor":11,"key":"SMITH"},{"floor":15,"key":"REST"}],"neow_cost":"NONE","seed_source_timestamp":313742071609650,"circlet_count":0,"master_deck":["AscendersBane","Strike_B","Strike_B","Defend_B","Defend_B","Defend_B","Defend_B","Zap","Dualcast","Coolheaded","Capacitor","Fusion","Conserve Battery+1","Compile Driver","Steam","Defragment","White Noise","Machine Learning","Undo"],"relics":["Philosopher\u0027s Stone","Bloody Idol","Regal Pillow","Vajra","Bag of Preparation","Inserter"],"potions_floor_usage":[6,16,16,22],"damage_taken":[{"damage":8,"enemies":"Jaw Worm","floor":1,"turns":3},{"damage":0,"enemies":"Cultist","floor":4,"turns":4},{"damage":44,"enemies":"Gremlin Nob","floor":6,"turns":5},{"damage":7,"enemies":"Lagavulin","floor":8,"turns":10},{"damage":2,"enemies":"2 Louse","floor":10,"turns":5},{"damage":6,"enemies":"Large Slime","floor":12,"turns":8},{"damage":9,"enemies":"2 Fungi Beasts","floor":13,"turns":3},{"damage":31,"enemies":"Slime Boss","floor":16,"turns":13},{"damage":9,"enemies":"Shell Parasite","floor":18,"turns":8},{"damage":51,"enemies":"3 Byrds","floor":22,"turns":6}],"seed_played":"-3426663116776051144","potions_obtained":[{"floor":1,"key":"AttackPotion"},{"floor":8,"key":"Strength Potion"},{"floor":10,"key":"SteroidPotion"},{"floor":18,"key":"GamblersBrew"}],"is_trial":false,"path_per_floor":["M","$","?","M","?","E","R","E","T","M","R","M","M","?","R","B",null,"M","?","?","?","M"],"character_chosen":"DEFECT","items_purchased":["Capacitor"],"campfire_rested":2,"item_purchase_floors":[2],"current_hp_per_floor":[60,60,60,60,60,16,51,44,44,42,42,36,27,24,59,28,59,50,50,50,50,0],"gold":296,"neow_bonus":"BOSS_RELIC","is_prod":false,"is_daily":false,"chose_seed":false,"campfire_upgraded":1,"win_rate":0,"timestamp":1551031038,"path_taken":["M","$","?","M","?","E","R","E","T","M","R","M","?","?","R","BOSS","M","?","?","?","M"],"build_version":"2019-01-23","purchased_purges":0,"victory":false,"max_hp_per_floor":[75,75,69,69,69,69,69,69,69,69,69,69,69,69,69,69,69,69,69,69,69,69],"card_choices":[{"not_picked":["Double Energy","Turbo"],"picked":"Coolheaded","floor":1},{"not_picked":["Beam Cell","Storm"],"picked":"Fusion","floor":4},{"not_picked":["Ball Lightning","Gash"],"picked":"Conserve Battery","floor":6},{"not_picked":["Turbo","Scrape"],"picked":"Compile Driver","floor":8},{"not_picked":["Gash","Turbo"],"picked":"Steam","floor":10},{"not_picked":["Barrage","Hologram"],"picked":"Defragment","floor":12},{"not_picked":["Barrage","Force Field"],"picked":"White Noise","floor":13},{"not_picked":["Rainbow","Amplify"],"picked":"Machine Learning","floor":16},{"not_picked":["Turbo","Beam Cell"],"picked":"Undo","floor":18}],"player_experience":703766,"relics_obtained":[{"floor":6,"key":"Regal Pillow"},{"floor":8,"key":"Vajra"},{"floor":9,"key":"Bag of Preparation"}],"event_choices":[{"damage_healed":0,"gold_gain":0,"player_choice":"Lose Max HP","damage_taken":0,"relics_obtained":["Golden Idol"],"max_hp_gain":0,"max_hp_loss":6,"event_name":"Golden Idol","floor":3,"gold_loss":0},{"cards_removed":["Strike_B"],"damage_healed":0,"gold_gain":0,"player_choice":"Purged","damage_taken":0,"max_hp_gain":0,"max_hp_loss":0,"event_name":"Purifier","floor":5,"gold_loss":0},{"damage_healed":0,"gold_gain":0,"player_choice":"Fled","damage_taken":3,"max_hp_gain":0,"max_hp_loss":0,"event_name":"Scrap Ooze","floor":14,"gold_loss":0},{"damage_healed":0,"gold_gain":0,"player_choice":"Gave Idol","damage_taken":0,"relics_obtained":["Bloody Idol"],"max_hp_gain":0,"max_hp_loss":0,"event_name":"Forgotten Altar","floor":19,"relics_lost":["Golden Idol"],"gold_loss":0},{"damage_healed":0,"gold_gain":0,"player_choice":"Ignored","damage_taken":0,"max_hp_gain":0,"max_hp_loss":0,"event_name":"Ghosts","floor":20,"gold_loss":0},{"cards_removed":["Strike_B"],"damage_healed":0,"gold_gain":0,"player_choice":"Gave Gold","damage_taken":0,"max_hp_gain":0,"max_hp_loss":0,"event_name":"Beggar","floor":21,"gold_loss":75}],"is_beta":false,"boss_relics":[{"not_picked":["Eternal Feather","Pandora\u0027s Box"],"picked":"Inserter"}],"items_purged_floors":[],"is_endless":false,"potions_floor_spawned":[1,8,10,18],"killed_by":"3 Byrds","ascension_level":11}