{"path_per_floor":["M","M","$","M","$","R","M","R","T","R","?","M","E","M","R","B",null,"M","M","?","M","$","E","M","R","T","$","?","M","E","M","R"],"character_chosen":"THE_SILENT","items_purchased":["Gambling Chip","Riddle With Holes","Apotheosis","Riddle With Holes"],"gold_per_floor":[113,124,49,63,63,63,79,79,79,79,254,267,299,311,311,416,416,431,445,445,465,0,331,344,344,370,123,123,137,172,186,186,186],"floor_reached":33,"campfire_rested":0,"playtime":2142,"current_hp_per_floor":[70,70,70,70,70,70,70,70,70,84,84,81,66,66,66,14,84,82,81,81,52,52,52,48,48,48,48,48,45,53,55,55,0],"items_purged":["Strike_G","Doubt"],"gold":186,"score":289,"play_id":"4e27c340-e867-4f8b-bf59-af8d99d5e216","local_time":"20180507165018","is_prod":false,"is_daily":false,"chose_seed":false,"is_ascension_mode":false,"campfire_upgraded":2,"timestamp":1525726218,"path_taken":["M","M","?","M","$","R","M","R","T","R","?","M","E","M","R","BOSS","M","?","?","M","$","E","M","R","T","$","?","M","E","M","R","BOSS"],"build_version":"2018-05-03","seed_source_timestamp":496907408669323,"purchased_purges":2,"victory":false,"master_deck":["Defend_G","Defend_G","Defend_G","Defend_G","Defend_G","Strike_G","Strike_G","Strike_G","Strike_G","Survivor","Neutralize+1","Dagger Spray+1","Dagger Throw","Crippling Poison","Backflip","Caltrops","Backflip","Glass Knife","Quick Slash","Riddle With Holes","Riddle With Holes","Apotheosis","Riddle With Holes","Night Terror","Flying Knee+1"],"max_hp_per_floor":[70,70,70,70,70,70,70,70,70,84,84,84,84,84,84,84,84,84,84,84,84,84,84,84,84,84,84,84,84,84,84,84,84],"relics":["White Beast Statue","Shovel","Mango","Meat on the Bone","Bird Faced Urn","Snecko Eye","Gambling Chip","Old Coin","Mummified Hand","Juzu Bracelet","Bag of Marbles","Happy Flower"],"card_choices":[{"not_picked":["Endless Agony","Sucker Punch"],"picked":"Dagger Spray","floor":1},{"not_picked":["Riddle With Holes","Expertise"],"picked":"Dagger Throw","floor":2},{"not_picked":["Eviscerate","Deadly Poison"],"picked":"Crippling Poison","floor":4},{"not_picked":["Dodge and Roll","Deadly Poison"],"picked":"Backflip","floor":7},{"not_picked":["Bane","Terror"],"picked":"Caltrops","floor":12},{"not_picked":["Dagger Throw","Caltrops"],"picked":"Backflip","floor":13},{"not_picked":["Corpse Explosion","Bullet Time"],"picked":"Glass Knife","floor":16},{"not_picked":["Finisher","Backflip"],"picked":"Quick Slash","floor":19},{"not_picked":["Die Die Die","Dagger Spray"],"picked":"Riddle With Holes","floor":23},{"not_picked":["Masterful Stab","Dagger Spray"],"picked":"Night Terror","floor":30},{"not_picked":["Slice","Prepared"],"picked":"Flying Knee","floor":31}],"player_experience":15671,"potions_floor_usage":[13,13,13,16,21,23,23,24,33,33],"damage_taken":[{"damage":0,"enemies":"Cultist","floor":1,"turns":5},{"damage":0,"enemies":"Jaw Worm","floor":2,"turns":5},{"damage":0,"enemies":"Small Slimes","floor":4,"turns":3},{"damage":0,"enemies":"Exordium Thugs","floor":7,"turns":6},{"damage":3,"enemies":"Lots of Slimes","floor":12,"turns":2},{"damage":15,"enemies":"Lagavulin","floor":13,"turns":6},{"damage":0,"enemies":"Looter","floor":14,"turns":4},{"damage":66,"enemies":"The Guardian","floor":16,"turns":19},{"damage":2,"enemies":"3 Byrds","floor":18,"turns":5},{"damage":3,"enemies":"Chosen","floor":19,"turns":5},{"damage":31,"enemies":"Snake Plant","floor":21,"turns":7},{"damage":14,"enemies":"Gremlin Leader","floor":23,"turns":6},{"damage":16,"enemies":"Centurion and Healer","floor":24,"turns":9},{"damage":5,"enemies":"Slaver and Parasite","floor":29,"turns":4},{"damage":4,"enemies":"Book of Stabbing","floor":30,"turns":4},{"damage":0,"enemies":"Snecko","floor":31,"turns":3},{"damage":57,"enemies":"Collector","floor":33,"turns":11}],"event_choices":[{"event_name":"Liars Game","player_choice":"agreed","floor":11,"damage_taken":0},{"event_name":"Ghosts","player_choice":"Ignored","floor":20,"damage_taken":0},{"event_name":"N\u0027loth","player_choice":"Ignored","floor":28,"damage_taken":0}],"boss_relics":[{"not_picked":["Velvet Choker","Calling Bell"],"picked":"Snecko Eye"}],"potions_floor_spawned":[1,2,4,7,12,13,14,16,18,19,21,23,24,29,30,31],"seed_played":"3337351325646691591","killed_by":"Collector","ascension_level":0,"is_trial":false}