{"path_per_floor":["M","M","?","$","T","E","R","E","T","R","?","M","R","E","R","B",null,"M","$","M","?","M","R","M","R","T","M","$","E","R","?","R","B",null,"M","?","M","M","?","R","M","M","T","R","M","?","M","M","R","B"],"character_chosen":"IRONCLAD","items_purchased":["Calipers"],"gold_per_floor":[117,133,133,58,106,139,139,166,192,192,192,209,209,235,235,330,330,330,29,29,29,29,29,29,29,29,29,29,29,29,29,29,29,29,29,29,29,29,0,0,0,0,0,0,0,0,0,0,0,0],"floor_reached":51,"campfire_rested":0,"playtime":3605,"current_hp_per_floor":[78,80,80,80,80,45,45,30,30,30,18,41,41,34,34,57,74,73,73,78,62,67,67,72,72,72,80,80,80,80,80,80,36,74,69,85,62,85,85,85,84,71,81,81,64,64,95,97,97,66],"items_purged":["Regret"],"gold":0,"score":853,"play_id":"7a9b4d33-6117-414e-8036-8b22aefff603","local_time":"20180504013822","is_prod":false,"is_daily":false,"chose_seed":false,"is_ascension_mode":true,"campfire_upgraded":11,"timestamp":1525412302,"path_taken":["M","M","?","?","?","E","R","E","T","R","?","M","R","E","R","BOSS","M","$","M","?","M","R","M","R","T","M","$","E","R","?","R","BOSS","M","?","M","M","?","R","M","M","T","R","M","?","M","M","R","BOSS"],"build_version":"2018-04-28v2","seed_source_timestamp":181517206678763,"purchased_purges":1,"victory":true,"master_deck":["Strike_R+1","Strike_R","Strike_R","Strike_R","Strike_R+1","Defend_R","Defend_R","Defend_R","Defend_R","Bash+1","Armaments+1","Flame Barrier+1","True Grit+1","Offering+1","Wild Strike+1","Dropkick+1","Demon Form+1","Havoc+1","Pommel Strike+1","Power Through+1","Juggernaut+1","Dark Embrace","Bloodletting+1","Entrench","Shrug It Off+1","Disarm+1","Evolve+1","Dark Shackles","Sword Boomerang+1","Juggernaut+1"],"max_hp_per_floor":[80,80,80,80,80,80,80,80,80,80,80,80,80,80,80,80,80,80,80,80,80,80,80,80,80,80,80,80,80,80,80,80,80,85,85,85,85,85,85,85,85,85,95,95,95,95,95,98,98,98],"relics":["Burning Blood","Bag of Marbles","Magic Flower","Dream Catcher","Meat on the Bone","Juzu Bracelet","Omamori","Prayer Wheel","Bag of Preparation","Ectoplasm","Calipers","Nilry\u0027s Codex","Whetstone","Smiling Mask","Orichalcum","Tiny House","Red Mask","Pear"],"card_choices":[{"not_picked":["Corruption","Headbutt"],"picked":"Armaments","floor":1},{"not_picked":["Havoc","Sever Soul"],"picked":"Flame Barrier","floor":2},{"not_picked":["Infernal Blade","Headbutt"],"picked":"True Grit","floor":6},{"not_picked":["Pommel Strike","Ghostly Armor"],"picked":"Offering","floor":8},{"not_picked":["Armaments","Twin Strike"],"picked":"Wild Strike","floor":12},{"not_picked":["Headbutt","Shrug It Off"],"picked":"Dropkick","floor":14},{"not_picked":["Reaper","Bludgeon"],"picked":"Demon Form","floor":16},{"not_picked":["Pommel Strike","Entrench"],"picked":"Havoc","floor":18},{"not_picked":["Clothesline","Corruption"],"picked":"Pommel Strike","floor":20},{"not_picked":["Headbutt","Cleave"],"picked":"Power Through","floor":26},{"not_picked":["Corruption","Clash"],"picked":"Juggernaut","floor":29},{"not_picked":["Impervious","Fiend Fire"],"picked":"Dark Embrace","floor":33},{"not_picked":["Headbutt","Shrug It Off"],"picked":"Bloodletting","floor":34},{"not_picked":["Sword Boomerang","Cleave"],"picked":"Entrench","floor":35},{"not_picked":["Wild Strike","Reckless Charge"],"picked":"Shrug It Off","floor":37},{"not_picked":["Hemokinesis","True Grit"],"picked":"Disarm","floor":41},{"not_picked":["Sword Boomerang","Limit Break"],"picked":"Evolve","floor":43},{"not_picked":["Bandage Up","Good Instincts"],"picked":"Dark Shackles","floor":46},{"not_picked":["Clothesline","True Grit"],"picked":"Sword Boomerang","floor":47},{"not_picked":["True Grit","Thunderclap"],"picked":"Juggernaut","floor":48}],"player_experience":423106,"potions_floor_usage":[6,14,16,27,42,48,50,50],"damage_taken":[{"damage":0,"enemies":"Small Slimes","floor":1,"turns":3},{"damage":2,"enemies":"2 Louse","floor":2,"turns":3},{"damage":44,"enemies":"Lagavulin","floor":6,"turns":6},{"damage":42,"enemies":"Gremlin Nob","floor":8,"turns":5},{"damage":4,"enemies":"Jaw Worm","floor":12,"turns":3},{"damage":34,"enemies":"Lagavulin","floor":14,"turns":11},{"damage":11,"enemies":"Hexaghost","floor":16,"turns":9},{"damage":10,"enemies":"Shell Parasite","floor":18,"turns":4},{"damage":4,"enemies":"Chosen","floor":20,"turns":2},{"damage":4,"enemies":"Snake Plant","floor":22,"turns":2},{"damage":4,"enemies":"Sentry and Sphere","floor":24,"turns":4},{"damage":0,"enemies":"Cultist and Chosen","floor":27,"turns":5},{"damage":22,"enemies":"Gremlin Leader","floor":29,"turns":5},{"damage":71,"enemies":"Automaton","floor":33,"turns":8},{"damage":32,"enemies":"3 Shapes","floor":35,"turns":5},{"damage":32,"enemies":"3 Darklings","floor":37,"turns":5},{"damage":11,"enemies":"4 Shapes","floor":38,"turns":7},{"damage":10,"enemies":"Maw","floor":41,"turns":7},{"damage":22,"enemies":"Sphere and 2 Shapes","floor":42,"turns":4},{"damage":44,"enemies":"3 Darklings","floor":45,"turns":5},{"damage":5,"enemies":"4 Shapes","floor":47,"turns":15},{"damage":37,"enemies":"Maw","floor":48,"turns":9},{"damage":87,"enemies":"Time Eater","floor":50,"turns":14}],"event_choices":[{"event_name":"Big Fish","player_choice":"Box","floor":3,"damage_taken":0},{"event_name":"Scrap Ooze","player_choice":"success","floor":11,"damage_taken":12},{"event_name":"Cursed Tome","player_choice":"Obtained Book","floor":21,"damage_taken":0},{"event_name":"The Mausoleum","player_choice":"Yes","floor":31,"damage_taken":0},{"event_name":"Winding Halls","player_choice":"Writhe","floor":36,"damage_taken":0},{"event_name":"Tomb of Lord Red Mask","player_choice":"Paid","floor":39,"damage_taken":0},{"event_name":"SensoryStone","player_choice":"Memory 1","floor":46,"damage_taken":0}],"boss_relics":[{"not_picked":["Calling Bell","Runic Cube"],"picked":"Ectoplasm"},{"not_picked":["Black Star","Snecko Eye"],"picked":"Tiny House"}],"potions_floor_spawned":[1,8,12,18,24,33,37,41,47],"seed_played":"-3697026521221229050","ascension_level":6,"is_trial":false}