{"path_per_floor":["M","M","?","M","M","E","R","?","T","M","E","M","M","$","R","B",null,"M","?","M","M","?","R","E","M","T","M","?","R","M","M","R","B",null,"M","$","M","?","M","R","M","R","T","$","R","M","M","M","R","B"],"character_chosen":"THE_SILENT","items_purchased":["Ornamental Fan","Tools of the Trade"],"gold_per_floor":[119,136,136,156,180,224,224,224,224,248,286,310,325,0,0,121,121,134,134,152,170,170,170,203,226,253,272,197,197,210,225,225,349,349,372,134,154,154,179,179,195,195,195,70,70,86,111,129,129,129],"floor_reached":51,"campfire_rested":1,"playtime":3201,"current_hp_per_floor":[70,70,53,53,53,42,42,42,42,41,31,26,21,21,21,21,70,63,47,43,43,43,43,30,30,30,30,30,30,30,30,51,47,70,64,64,64,64,54,54,50,50,50,50,50,50,48,48,48,26],"items_purged":["Strike_G","Underhanded Strike","Parasite"],"gold":129,"score":712,"play_id":"1ad689fa-a50d-4335-935f-89a091196c80","local_time":"20180414163545","is_prod":false,"is_daily":false,"chose_seed":false,"is_ascension_mode":false,"campfire_upgraded":8,"timestamp":1523716545,"path_taken":["M","M","?","M","M","E","R","?","T","M","E","M","M","$","R","BOSS","M","?","?","M","?","R","E","M","T","?","?","R","M","?","R","BOSS","M","$","M","?","M","R","?","R","T","$","R","M","M","M","R","BOSS"],"build_version":"2018-04-12","seed_source_timestamp":202042444094400,"purchased_purges":3,"victory":true,"master_deck":["Survivor","Neutralize","Bouncing Flask+1","Cloak And Dagger+1","Slice","Dagger Spray","Leg Sweep","Noxious Fumes+1","Blade Dance","Catalyst+1","After Image+1","Escape Plan","Necronomicurse","Outmaneuver+1","Predator+1","Backstab","Leg Sweep","Clumsy","Footwork","Well Laid Plans","Tools of the Trade","Prepared+1","Sucker Punch","Quick Slash","Poisoned Stab","Reflex","Cloak And Dagger+1","Tools of the Trade","Footwork+1","Slice","Footwork+1"],"max_hp_per_floor":[70,70,70,70,70,70,70,70,70,70,70,70,70,70,70,70,70,70,70,70,70,70,70,70,70,70,70,70,70,70,70,70,70,70,70,70,70,70,70,70,70,70,70,67,67,67,67,67,67,67],"relics":["Runic Dome","Golden Idol","Unceasing Top","Toolbox","Vajra","Ornamental Fan","Cursed Key","Necronomicon","Bottled Lightning","Anchor","Pandora\u0027s Box","Paper Crane"],"card_choices":[{"not_picked":["Terror","Slice"],"picked":"Bouncing Flask","floor":1},{"not_picked":["Eviscerate","Dodge and Roll"],"picked":"Cloak And Dagger","floor":2},{"not_picked":["Sucker Punch","Finisher"],"picked":"Slice","floor":4},{"not_picked":["Masterful Stab","Terror"],"picked":"Dagger Spray","floor":5},{"not_picked":["Riddle With Holes","Adrenaline"],"picked":"Leg Sweep","floor":6},{"not_picked":["Dash","Poisoned Stab"],"picked":"Noxious Fumes","floor":10},{"not_picked":["Terror","Riddle With Holes"],"picked":"Blade Dance","floor":11},{"not_picked":["Dagger Spray","Well Laid Plans"],"picked":"Catalyst","floor":12},{"not_picked":["Night Terror","Unload"],"picked":"After Image","floor":16},{"not_picked":["Sucker Punch","Eviscerate"],"picked":"Escape Plan","floor":18},{"not_picked":["Cloak And Dagger","Deadly Poison"],"picked":"Outmaneuver","floor":20},{"not_picked":["Cloak And Dagger","Expertise"],"picked":"Predator","floor":21},{"not_picked":["Choke","Riddle With Holes"],"picked":"Backstab","floor":24},{"not_picked":["Escape Plan","Eviscerate"],"picked":"Leg Sweep","floor":25},{"not_picked":["Flying Knee","All Out Attack"],"picked":"Footwork","floor":27},{"not_picked":["Dagger Throw","Poisoned Stab"],"picked":"Well Laid Plans","floor":30},{"not_picked":["Glass Knife","Wraith Form v2"],"picked":"Tools of the Trade","floor":33},{"not_picked":["Underhanded Strike","PiercingWail"],"picked":"Footwork","floor":39},{"not_picked":["Outmaneuver","PiercingWail"],"picked":"Slice","floor":41},{"not_picked":["Sucker Punch","Acrobatics"],"picked":"Footwork","floor":46}],"player_experience":274794,"potions_floor_usage":[6,18,25,50,50],"damage_taken":[{"damage":0,"enemies":"Jaw Worm","floor":1,"turns":4},{"damage":0,"enemies":"Small Slimes","floor":2,"turns":3},{"damage":0,"enemies":"Cultist","floor":4,"turns":3},{"damage":0,"enemies":"Gremlin Gang","floor":5,"turns":5},{"damage":11,"enemies":"3 Sentries","floor":6,"turns":7},{"damage":1,"enemies":"Blue Slaver","floor":10,"turns":4},{"damage":10,"enemies":"Lagavulin","floor":11,"turns":6},{"damage":5,"enemies":"Looter","floor":12,"turns":3},{"damage":9,"enemies":"Red Slaver","floor":13,"turns":2},{"damage":0,"enemies":"Hexaghost","floor":16,"turns":8},{"damage":7,"enemies":"Chosen","floor":18,"turns":5},{"damage":4,"enemies":"Spheric Guardian","floor":20,"turns":4},{"damage":0,"enemies":"Chosen and Byrds","floor":21,"turns":4},{"damage":13,"enemies":"Book of Stabbing","floor":24,"turns":4},{"damage":0,"enemies":"Snecko","floor":25,"turns":5},{"damage":0,"enemies":"Centurion and Healer","floor":27,"turns":5},{"damage":0,"enemies":"Snake Plant","floor":30,"turns":4},{"damage":0,"enemies":"Slaver and Parasite","floor":31,"turns":4},{"damage":4,"enemies":"Champ","floor":33,"turns":12},{"damage":6,"enemies":"Orb Walker","floor":35,"turns":4},{"damage":0,"enemies":"3 Darklings","floor":37,"turns":5},{"damage":10,"enemies":"Maw","floor":39,"turns":7},{"damage":4,"enemies":"Sphere and 2 Shapes","floor":41,"turns":5},{"damage":0,"enemies":"3 Darklings","floor":46,"turns":4},{"damage":2,"enemies":"4 Shapes","floor":47,"turns":5},{"damage":0,"enemies":"Maw","floor":48,"turns":6},{"damage":22,"enemies":"Donu and Deca","floor":50,"turns":11}],"event_choices":[{"event_name":"Golden Idol","player_choice":"Take Damage","floor":3,"damage_taken":0},{"event_name":"Living Wall","player_choice":"Forget","floor":8,"damage_taken":0},{"event_name":"Cursed Tome","player_choice":"Obtained Book","floor":19,"damage_taken":0},{"event_name":"Vampires","player_choice":"Ignored","floor":22,"damage_taken":0},{"event_name":"Beggar","player_choice":"Gave Gold","floor":28,"damage_taken":0},{"event_name":"Mysterious Sphere","player_choice":"Ignore","floor":38,"damage_taken":0}],"boss_relics":[{"not_picked":["Sozu","Velvet Choker"],"picked":"Cursed Key"},{"not_picked":["Calling Bell","Runic Pyramid"],"picked":"Pandora\u0027s Box"}],"potions_floor_spawned":[1,4,6,12,18,24,27,30,41,47,48],"seed_played":"-6597678893183932466","ascension_level":0,"is_trial":false}