{"gold_per_floor":[116,116,130,149,173,173,206,206,275,275,293,308,308,383,383,503,503,523,13,26,26,101,101,125,125,125,143,143,143],"floor_reached":29,"playtime":2688,"items_purged":["Strike_R"],"score":227,"play_id":"c10b4d26-802f-4de9-822b-35db0ebeb545","local_time":"20190209111548","is_ascension_mode":false,"campfire_choices":[{"data":"Spot Weakness","floor":6,"key":"SMITH"},{"floor":10,"key":"REST"},{"floor":15,"key":"REST"},{"data":"Barricade","floor":23,"key":"SMITH"},{"floor":25,"key":"REST"}],"neow_cost":"NONE","seed_source_timestamp":1956356426931076,"circlet_count":0,"master_deck":["Strike_R","Strike_R","Strike_R","Strike_R","Defend_R","Defend_R","Defend_R","Defend_R","Bash","Pommel Strike","Spot Weakness+1","Pommel Strike","Dual Wield","Metallicize+1","Clash","Rampage","Barricade+1","Twin Strike","Inflame","Shrug It Off","Battle Trance","Body Slam+1","Havoc"],"relics":["Burning Blood","Golden Idol","Shovel","Mercury Hourglass","Eternal Feather","Medical Kit","Potion Belt","Vajra"],"potions_floor_usage":[5,16,16,28],"damage_taken":[{"damage":2,"enemies":"Small Slimes","floor":1,"turns":4},{"damage":1,"enemies":"Cultist","floor":3,"turns":3},{"damage":0,"enemies":"2 Louse","floor":4,"turns":3},{"damage":1,"enemies":"2 Fungi Beasts","floor":5,"turns":2},{"damage":62,"enemies":"Lagavulin","floor":7,"turns":7},{"damage":9,"enemies":"Lots of Slimes","floor":11,"turns":3},{"damage":1,"enemies":"Exordium Thugs","floor":12,"turns":3},{"damage":14,"enemies":"The Guardian","floor":16,"turns":7},{"damage":46,"enemies":"3 Byrds","floor":18,"turns":6},{"damage":18,"enemies":"Spheric Guardian","floor":20,"turns":4},{"damage":31,"enemies":"Cultist and Chosen","floor":24,"turns":7},{"damage":21,"enemies":"Snake Plant","floor":27,"turns":4},{"damage":28,"enemies":"Snecko","floor":28,"turns":5},{"damage":18,"enemies":"3 Cultists","floor":29,"turns":2}],"seed_played":"8509819222284398455","potions_obtained":[{"floor":3,"key":"Explosive Potion"},{"floor":7,"key":"Energy Potion"},{"floor":11,"key":"SmokeBomb"},{"floor":12,"key":"FearPotion"}],"is_trial":false,"path_per_floor":["M","?","M","M","M","R","E","?","T","R","M","M","?","?","R","B",null,"M","$","M","?","?","R","M","R","T","M","M","M"],"character_chosen":"IRONCLAD","items_purchased":["Medical Kit","Potion Belt","Inflame","Shrug It Off"],"campfire_rested":3,"item_purchase_floors":[19,19,19,19],"current_hp_per_floor":[88,66,71,77,82,82,26,26,26,52,49,54,54,43,69,61,88,48,48,36,36,28,40,15,53,53,38,16,0],"gold":143,"neow_bonus":"TEN_PERCENT_HP_BONUS","is_prod":false,"is_daily":false,"chose_seed":false,"campfire_upgraded":2,"win_rate":0,"timestamp":1549739748,"path_taken":["M","?","M","M","M","R","E","?","T","R","?","M","?","?","R","BOSS","M","$","M","?","?","R","M","R","T","?","M","M"],"build_version":"2019-01-23","purchased_purges":1,"victory":false,"max_hp_per_floor":[88,88,88,88,88,88,88,88,88,88,88,88,88,88,88,88,88,88,88,88,88,88,88,88,88,88,88,88,88],"card_choices":[{"not_picked":["Perfected Strike","Headbutt"],"picked":"Pommel Strike","floor":1},{"not_picked":["Clothesline","Pommel Strike"],"picked":"Spot Weakness","floor":3},{"not_picked":["Headbutt","Wild Strike"],"picked":"Pommel Strike","floor":4},{"not_picked":["Clothesline","Wild Strike"],"picked":"Dual Wield","floor":5},{"not_picked":["Power Through","Feel No Pain"],"picked":"Metallicize","floor":7},{"not_picked":["Pommel Strike","Flex"],"picked":"Clash","floor":11},{"not_picked":["Iron Wave","Armaments"],"picked":"Rampage","floor":12},{"not_picked":["Dark Embrace","Reaper"],"picked":"Barricade","floor":16},{"not_picked":["True Grit","Corruption"],"picked":"Twin Strike","floor":18},{"not_picked":["Sword Boomerang","Flex"],"picked":"Battle Trance","floor":20},{"not_picked":["Uppercut","Battle Trance"],"picked":"Body Slam+1","floor":24},{"not_picked":["Armaments","True Grit+1"],"picked":"Havoc","floor":27}],"player_experience":147314,"relics_obtained":[{"floor":7,"key":"Shovel"},{"floor":9,"key":"Mercury Hourglass"}],"event_choices":[{"damage_healed":0,"gold_gain":0,"player_choice":"Take Damage","damage_taken":22,"relics_obtained":["Golden Idol"],"max_hp_gain":0,"max_hp_loss":0,"event_name":"Golden Idol","floor":2,"gold_loss":0},{"damage_healed":0,"gold_gain":0,"player_choice":"Upgraded","damage_taken":0,"max_hp_gain":0,"max_hp_loss":0,"event_name":"Upgrade Shrine","floor":8,"gold_loss":0,"cards_upgraded":["Metallicize"]},{"damage_healed":0,"gold_gain":0,"player_choice":"Ignored","damage_taken":0,"max_hp_gain":0,"max_hp_loss":0,"event_name":"Liars Game","floor":13,"gold_loss":0},{"damage_healed":0,"gold_gain":75,"player_choice":"Gather Gold","damage_taken":11,"max_hp_gain":0,"max_hp_loss":0,"event_name":"World of Goop","floor":14,"gold_loss":0},{"damage_healed":0,"gold_gain":0,"player_choice":"Opened","damage_taken":0,"relics_obtained":["Vajra"],"max_hp_gain":0,"max_hp_loss":0,"event_name":"The Mausoleum","floor":21,"gold_loss":0},{"damage_healed":0,"gold_gain":75,"player_choice":"Touch","damage_taken":8,"max_hp_gain":0,"max_hp_loss":0,"event_name":"FaceTrader","floor":22,"gold_loss":0}],"is_beta":false,"boss_relics":[{"not_picked":["Sozu","Runic Dome"],"picked":"Eternal Feather"}],"items_purged_floors":[19],"is_endless":false,"potions_floor_spawned":[3,7,11,12,28],"killed_by":"3 Cultists","ascension_level":0}