{"gold_per_floor":[114,64,77,91,91,125,125,135,135,135,135,145,145,173,173,273,273,288,238,255,255,255],"floor_reached":22,"playtime":1916,"items_purged":[],"score":194,"play_id":"cac98350-77bf-415b-b984-0f74360e0715","local_time":"20190221054712","is_ascension_mode":false,"campfire_choices":[{"data":"Armaments","floor":11,"key":"SMITH"},{"data":"Corruption","floor":13,"key":"SMITH"},{"floor":15,"key":"REST"}],"neow_cost":"CURSE","seed_source_timestamp":55300906779575,"circlet_count":0,"master_deck":["Bash","Inflame","Immolate","Twin Strike","Armaments+1","Corruption+1","Shrug It Off","Dark Embrace","Cleave","Twin Strike","Spot Weakness","Battle Trance","Rampage","Second Wind","Wild Strike","Perfected Strike","Dropkick","Shrug It Off","Headbutt","Warcry"],"relics":["Burning Blood","Incense Burner","Pantograph","Dead Branch","StoneCalendar","Pandora\u0027s Box"],"potions_floor_usage":[],"damage_taken":[{"damage":10,"enemies":"Small Slimes","floor":1,"turns":5},{"damage":7,"enemies":"2 Louse","floor":3,"turns":3},{"damage":0,"enemies":"Cultist","floor":4,"turns":3},{"damage":36,"enemies":"Lagavulin","floor":6,"turns":4},{"damage":16,"enemies":"Lots of Slimes","floor":8,"turns":3},{"damage":0,"enemies":"3 Louse","floor":12,"turns":2},{"damage":28,"enemies":"Gremlin Nob","floor":14,"turns":5},{"damage":29,"enemies":"Hexaghost","floor":16,"turns":7},{"damage":35,"enemies":"2 Thieves","floor":18,"turns":4},{"damage":26,"enemies":"3 Byrds","floor":20,"turns":4},{"damage":35,"enemies":"Masked Bandits","floor":22,"turns":4}],"seed_played":"-590653095463056883","potions_obtained":[{"floor":3,"key":"FearPotion"},{"floor":6,"key":"Fruit Juice"},{"floor":14,"key":"Fire Potion"}],"is_trial":false,"path_per_floor":["M","?","M","M","?","E","?","M","T","?","R","M","R","E","R","B",null,"M","$","M","?","?"],"character_chosen":"IRONCLAD","items_purchased":["Headbutt"],"campfire_rested":1,"item_purchase_floors":[19],"current_hp_per_floor":[76,76,75,80,80,50,50,40,40,40,40,46,46,24,48,50,80,51,51,31,31,0],"gold":255,"neow_bonus":"ONE_RARE_RELIC","is_prod":false,"is_daily":false,"chose_seed":false,"campfire_upgraded":2,"win_rate":0,"timestamp":1550720832,"path_taken":["M","?","M","M","?","E","?","M","T","?","R","?","R","E","R","BOSS","M","?","M","?","?"],"build_version":"2019-01-23","purchased_purges":0,"victory":false,"max_hp_per_floor":[80,80,80,80,80,80,80,80,80,80,80,80,80,80,80,80,80,80,80,80,80,80],"card_choices":[{"not_picked":["Pommel Strike","Havoc"],"picked":"Inflame","floor":1},{"not_picked":["Flex","Sword Boomerang"],"picked":"Immolate","floor":3},{"not_picked":["Disarm","Combust"],"picked":"Twin Strike","floor":4},{"not_picked":["Heavy Blade","Anger","Combust"],"picked":"SKIP","floor":6},{"not_picked":["Warcry","Dual Wield"],"picked":"Armaments","floor":8},{"not_picked":["Iron Wave","Whirlwind"],"picked":"Corruption","floor":12},{"not_picked":["Sentinel","Burning Pact"],"picked":"Shrug It Off","floor":14},{"not_picked":["Immolate","Brutality"],"picked":"Dark Embrace","floor":16},{"not_picked":["Cleave","Battle Trance"],"picked":"Shrug It Off","floor":18},{"not_picked":["Thunderclap+1","Sword Boomerang"],"picked":"Warcry","floor":20}],"player_experience":474732,"relics_obtained":[{"floor":6,"key":"Pantograph"},{"floor":9,"key":"Dead Branch"},{"floor":14,"key":"StoneCalendar"}],"event_choices":[{"cards_removed":["Writhe"],"damage_healed":0,"gold_gain":0,"player_choice":"Card Removal","damage_taken":0,"max_hp_gain":0,"max_hp_loss":0,"event_name":"The Cleric","floor":2,"gold_loss":50},{"damage_healed":0,"gold_gain":0,"player_choice":"Ignored","damage_taken":0,"max_hp_gain":0,"max_hp_loss":0,"event_name":"Liars Game","floor":5,"gold_loss":0},{"damage_healed":0,"gold_gain":0,"player_choice":"Searched \u00271\u0027 times","damage_taken":0,"max_hp_gain":0,"max_hp_loss":0,"event_name":"Dead Adventurer","floor":7,"gold_loss":0},{"damage_healed":0,"gold_gain":0,"player_choice":"Ignored","damage_taken":0,"max_hp_gain":0,"max_hp_loss":0,"event_name":"NoteForYourself","floor":10,"gold_loss":0},{"damage_healed":0,"gold_gain":0,"player_choice":"Ignored","damage_taken":0,"max_hp_gain":0,"max_hp_loss":0,"event_name":"Ghosts","floor":21,"gold_loss":0},{"damage_healed":0,"gold_gain":0,"player_choice":"Fought Bandits","damage_taken":0,"max_hp_gain":0,"max_hp_loss":0,"event_name":"Masked Bandits","floor":22,"gold_loss":0}],"is_beta":false,"boss_relics":[{"not_picked":["Eternal Feather","Runic Dome"],"picked":"Pandora\u0027s Box"}],"items_purged_floors":[],"is_endless":false,"potions_floor_spawned":[3,6,14],"killed_by":"Masked Bandits","ascension_level":0}