{"gold_per_floor":[114,124,49,49,61,61,61,96,153,165,194,220,232],"floor_reached":13,"playtime":708,"items_purged":["Strike_B"],"score":166,"play_id":"85303271-d637-4039-870a-ea5d8fa585c6","local_time":"20190304195640","is_ascension_mode":true,"campfire_choices":[{"data":"Zap","floor":6,"key":"SMITH"},{"data":"Fusion","floor":10,"key":"SMITH"}],"neow_cost":"NONE","seed_source_timestamp":1542874370176499,"circlet_count":0,"master_deck":["AscendersBane","Strike_B","Strike_B","Defend_B","Defend_B","Defend_B","Defend_B","Zap+1","Dualcast","Meteor Strike","Turbo","Coolheaded","Cold Snap","Fusion+1","Hyperbeam","Ball Lightning","Chill"],"relics":["Cracked Core","MawBank","Oddly Smooth Stone"],"potions_floor_usage":[8,13],"damage_taken":[{"damage":11,"enemies":"Jaw Worm","floor":1,"turns":5},{"damage":2,"enemies":"Small Slimes","floor":2,"turns":3},{"damage":8,"enemies":"2 Louse","floor":5,"turns":2},{"damage":9,"enemies":"Lagavulin","floor":8,"turns":7},{"damage":4,"enemies":"2 Fungi Beasts","floor":11,"turns":3},{"damage":16,"enemies":"Gremlin Gang","floor":12,"turns":3},{"damage":56,"enemies":"Gremlin Nob","floor":13,"turns":4}],"seed_played":"8811409839740495091","potions_obtained":[{"floor":2,"key":"PowerPotion"},{"floor":8,"key":"Dexterity Potion"},{"floor":12,"key":"Regen Potion"}],"is_trial":false,"path_per_floor":["M","M","$","?","M","R","?","E","T","R","M","M","E"],"character_chosen":"DEFECT","items_purchased":[],"campfire_rested":0,"item_purchase_floors":[],"current_hp_per_floor":[53,51,51,56,48,48,48,39,39,39,35,19,0],"gold":232,"neow_bonus":"ONE_RANDOM_RARE_CARD","is_prod":false,"is_daily":false,"chose_seed":false,"campfire_upgraded":2,"win_rate":0,"timestamp":1551751000,"path_taken":["M","M","$","?","M","R","?","E","T","R","M","M","E"],"build_version":"2019-01-23","purchased_purges":1,"victory":false,"max_hp_per_floor":[71,71,71,76,76,76,76,76,76,76,76,76,76],"card_choices":[{"not_picked":["Conserve Battery","Rebound"],"picked":"Turbo","floor":1},{"not_picked":["Self Repair","Stack"],"picked":"Coolheaded","floor":2},{"not_picked":["Fusion","Scrape"],"picked":"Cold Snap","floor":5},{"not_picked":["Barrage","Redo"],"picked":"Hyperbeam","floor":8},{"not_picked":["Rebound","Reprogram"],"picked":"Ball Lightning","floor":11},{"not_picked":["Hologram","Storm"],"picked":"Chill","floor":12}],"player_experience":567217,"relics_obtained":[{"floor":8,"key":"MawBank"},{"floor":9,"key":"Oddly Smooth Stone"}],"event_choices":[{"damage_healed":0,"gold_gain":0,"player_choice":"Donut","damage_taken":0,"max_hp_gain":5,"max_hp_loss":0,"event_name":"Big Fish","floor":4,"gold_loss":0},{"damage_healed":0,"gold_gain":0,"cards_transformed":["Strike_B"],"player_choice":"Change","damage_taken":0,"max_hp_gain":0,"max_hp_loss":0,"event_name":"Living Wall","floor":7,"gold_loss":0,"cards_obtained":["Fusion"]}],"is_beta":false,"boss_relics":[],"items_purged_floors":[3],"is_endless":false,"potions_floor_spawned":[2,8,12],"killed_by":"Gremlin Nob","ascension_level":19}