{"gold_per_floor":[109,32,49,66,66,66,94,94,147,178,189,189,189,205,205,282,282,299,309,321,332,345,345,11,30,30,30,46,46],"floor_reached":29,"playtime":2081,"items_purged":["Dual Wield"],"score":406,"play_id":"0850a2a5-140b-459e-9ce5-9c826ba12790","local_time":"20190220174254","is_ascension_mode":true,"campfire_choices":[{"data":"Uppercut","floor":6.0,"key":"SMITH"},{"data":"Flame Barrier","floor":13.0,"key":"SMITH"},{"data":"Metallicize","floor":15.0,"key":"SMITH"},{"data":"True Grit","floor":23,"key":"SMITH"},{"data":"Feed","floor":27,"key":"SMITH"}],"neow_cost":"NONE","seed_source_timestamp":0,"circlet_count":0,"master_deck":["AscendersBane","Bash","Feel No Pain","Flame Barrier+1","Uppercut+1","Metallicize+1","Dark Embrace","Juggernaut","Spot Weakness","Seeing Red","Uppercut","Carnage","Exhume","Hemokinesis","Iron Wave","Metallicize+1","Shockwave","True Grit+1","Sword Boomerang+1","Cleave","Feed+1","Battle Trance","Disarm","Fiend Fire"],"special_seed":0,"relics":["Burning Blood","Shuriken","Letter Opener","Strawberry","Meat on the Bone","Pandora\u0027s Box","Question Card"],"potions_floor_usage":[22,22,28],"damage_taken":[{"damage":7.0,"enemies":"2 Louse","floor":1.0,"turns":4.0},{"damage":9.0,"enemies":"Jaw Worm","floor":3.0,"turns":5.0},{"damage":0.0,"enemies":"Cultist","floor":4.0,"turns":3.0},{"damage":24.0,"enemies":"Gremlin Nob","floor":7.0,"turns":4.0},{"damage":8.0,"enemies":"Lagavulin","floor":10.0,"turns":10.0},{"damage":15.0,"enemies":"Large Slime","floor":11.0,"turns":8.0},{"damage":2.0,"enemies":"Gremlin Gang","floor":14.0,"turns":4.0},{"damage":88.0,"enemies":"Slime Boss","floor":16.0,"turns":25.0},{"damage":23,"enemies":"Spheric Guardian","floor":18,"turns":5},{"damage":0,"enemies":"3 Byrds","floor":19,"turns":1},{"damage":19,"enemies":"Snake Plant","floor":20,"turns":6},{"damage":44,"enemies":"Shelled Parasite and Fungi","floor":21,"turns":7},{"damage":23,"enemies":"Sentry and Sphere","floor":22,"turns":6},{"damage":14,"enemies":"Cultist and Chosen","floor":25,"turns":7},{"damage":31,"enemies":"Snake Plant","floor":28,"turns":6},{"damage":25,"enemies":"Centurion and Healer","floor":29,"turns":4}],"seed_played":"1040170724489461952","potions_obtained":[{"floor":1.0,"key":"EssenceOfSteel"},{"floor":11.0,"key":"Explosive Potion"},{"floor":18,"key":"SneckoOil"},{"floor":20,"key":"SteroidPotion"},{"floor":25,"key":"Poison Potion"}],"is_trial":false,"path_per_floor":["M","$","M","M","?","R","E","T","T","E","M","?","R","M","R","B",null,"M","M","M","M","M","R","$","M","T","R","M","M"],"character_chosen":"IRONCLAD","items_purchased":["Flame Barrier","Feed","Battle Trance","Disarm"],"campfire_rested":0,"item_purchase_floors":[2,24,24,24],"current_hp_per_floor":[74,74,71,77,70,70,52,52,59,57,60,89,89,89,89,19,72,55,61,60,34,29,29,29,33,33,33,20,0],"gold":46,"neow_bonus":"TEN_PERCENT_HP_BONUS","is_prod":false,"is_daily":false,"chose_seed":false,"campfire_upgraded":5,"win_rate":0,"timestamp":1550706174,"path_taken":["M","$","M","M","?","R","E","?","T","E","?","?","R","M","R","BOSS","M","M","M","?","M","R","$","M","T","R","M","M"],"build_version":"2019-01-23","purchased_purges":1,"victory":false,"max_hp_per_floor":[82,82,82,82,82,82,82,82,89,89,89,89,89,89,89,89,89,89,89,89,89,89,89,89,89,89,89,89,89],"card_choices":[{"not_picked":["Thunderclap","Sword Boomerang"],"picked":"Feel No Pain","floor":1.0},{"not_picked":["Warcry","Twin Strike"],"picked":"Uppercut","floor":3.0},{"not_picked":["Sword Boomerang","Twin Strike"],"picked":"Uppercut","floor":4.0},{"not_picked":["Blood for Blood","Rage"],"picked":"Metallicize","floor":7.0},{"not_picked":["Seeing Red","Flex"],"picked":"Dark Embrace","floor":10.0},{"not_picked":["Clothesline","Twin Strike","Rage"],"picked":"SKIP","floor":11.0},{"not_picked":["Sever Soul","Intimidate","Seeing Red"],"picked":"SKIP","floor":14.0},{"not_picked":["Berserk","Offering"],"picked":"Juggernaut","floor":16.0},{"not_picked":["Pommel Strike","Ghostly Armor+1"],"picked":"Metallicize+1","floor":18},{"not_picked":["Warcry","Wild Strike+1"],"picked":"Shockwave","floor":19},{"not_picked":["Intimidate","Wild Strike"],"picked":"True Grit","floor":20},{"not_picked":["Burning Pact","Dual Wield"],"picked":"Sword Boomerang+1","floor":21},{"not_picked":["Pummel","Burning Pact"],"picked":"Cleave","floor":22},{"not_picked":["Combust","Flex","Clash"],"picked":"SKIP","floor":25},{"not_picked":["Havoc","True Grit","Twin Strike"],"picked":"Fiend Fire","floor":28}],"player_experience":515065,"relics_obtained":[{"floor":7.0,"key":"Shuriken"},{"floor":8.0,"key":"Letter Opener"},{"floor":9.0,"key":"Strawberry"},{"floor":10.0,"key":"Meat on the Bone"},{"floor":26,"key":"Question Card"}],"event_choices":[{"cards_removed":["Strike_R"],"damage_healed":0.0,"max_hp_gain":0.0,"max_hp_loss":0.0,"gold_gain":0.0,"event_name":"Golden Wing","player_choice":"Card Removal","floor":5.0,"gold_loss":0.0,"damage_taken":7.0},{"cards_removed":["Uppercut"],"damage_healed":29.0,"max_hp_gain":0.0,"max_hp_loss":0.0,"gold_gain":0.0,"event_name":"Bonfire Elementals","player_choice":"Offered Uncommon","floor":12.0,"gold_loss":0.0,"damage_taken":0.0}],"is_beta":false,"boss_relics":[{"not_picked":["Tiny House","Eternal Feather"],"picked":"Pandora\u0027s Box"}],"items_purged_floors":[24],"is_endless":false,"potions_floor_spawned":[1,11,18,20,25],"killed_by":"Centurion and Healer","ascension_level":14}