{"gold_per_floor":[118,118,128,144,157,187,167,179,179,199,199,163,163,176,176,176],"floor_reached":16,"playtime":956,"items_purged":[],"score":102,"play_id":"05bd1100-9e37-459d-bcde-8d766b5dccfc","local_time":"20190219172458","is_ascension_mode":false,"campfire_choices":[{"data":"Armaments","floor":11,"key":"SMITH"},{"data":"Perfected Strike","floor":13,"key":"SMITH"},{"data":"Thunderclap","floor":15,"key":"SMITH"}],"neow_cost":"NONE","seed_source_timestamp":3250735745437,"circlet_count":0,"master_deck":["Strike_R","Strike_R","Strike_R","Strike_R","Strike_R","Defend_R","Defend_R","Defend_R","Defend_R","Bash","Perfected Strike+1","Wild Strike","Battle Trance","Iron Wave","Burning Pact","Thunderclap+1","Armaments+1","Feel No Pain","Carnage"],"relics":["Burning Blood","NeowsBlessing","Turnip","Thread and Needle","Odd Mushroom"],"potions_floor_usage":[16,16],"damage_taken":[{"damage":0,"enemies":"Small Slimes","floor":1,"turns":1},{"damage":0,"enemies":"Cultist","floor":3,"turns":1},{"damage":0,"enemies":"Jaw Worm","floor":4,"turns":1},{"damage":5,"enemies":"3 Louse","floor":5,"turns":3},{"damage":32,"enemies":"Gremlin Nob","floor":6,"turns":5},{"damage":22,"enemies":"Exordium Wildlife","floor":8,"turns":5},{"damage":9,"enemies":"The Mushroom Lair","floor":10,"turns":4},{"damage":1,"enemies":"Looter","floor":14,"turns":2},{"damage":45,"enemies":"Slime Boss","floor":16,"turns":9}],"seed_played":"-8203481676463593982","potions_obtained":[{"floor":4,"key":"Block Potion"},{"floor":10,"key":"Block Potion"},{"floor":14,"key":"Regen Potion"}],"is_trial":false,"path_per_floor":["M","?","M","M","M","E","?","M","T","?","R","$","R","M","R","B"],"character_chosen":"IRONCLAD","items_purchased":["Feel No Pain"],"campfire_rested":0,"item_purchase_floors":[12],"current_hp_per_floor":[80,80,80,80,80,54,54,38,38,35,35,35,35,40,40,0],"gold":176,"neow_bonus":"THREE_ENEMY_KILL","is_prod":false,"is_daily":false,"chose_seed":false,"campfire_upgraded":3,"win_rate":0,"timestamp":1550589898,"path_taken":["M","?","M","M","?","E","?","M","T","?","R","$","R","M","R","BOSS"],"build_version":"2019-01-23","purchased_purges":0,"victory":false,"max_hp_per_floor":[80,80,80,80,80,80,80,80,80,80,80,80,80,80,80,80],"card_choices":[{"not_picked":["Thunderclap","Shrug It Off"],"picked":"Perfected Strike","floor":1},{"not_picked":["Dropkick","Anger"],"picked":"Wild Strike","floor":3},{"not_picked":["Clothesline","Perfected Strike"],"picked":"Battle Trance","floor":4},{"not_picked":["Warcry","Reckless Charge"],"picked":"Iron Wave","floor":5},{"not_picked":["Thunderclap","Reckless Charge"],"picked":"Burning Pact","floor":6},{"not_picked":["Flex","Wild Strike"],"picked":"Thunderclap","floor":8},{"not_picked":["Clash","Shockwave"],"picked":"Armaments","floor":10},{"not_picked":["Whirlwind","Bludgeon"],"picked":"Carnage","floor":14}],"player_experience":414285,"relics_obtained":[{"floor":6,"key":"Turnip"},{"floor":9,"key":"Thread and Needle"},{"floor":10,"key":"Odd Mushroom"}],"event_choices":[{"damage_healed":0,"gold_gain":0,"player_choice":"Ignored","damage_taken":0,"max_hp_gain":0,"max_hp_loss":0,"event_name":"WeMeetAgain","floor":2,"gold_loss":0},{"damage_healed":0,"gold_gain":0,"player_choice":"Left Gold","damage_taken":0,"max_hp_gain":0,"max_hp_loss":0,"event_name":"World of Goop","floor":7,"gold_loss":20},{"damage_healed":0,"gold_gain":0,"player_choice":"Fought Mushrooms","damage_taken":0,"max_hp_gain":0,"max_hp_loss":0,"event_name":"Mushrooms","floor":10,"gold_loss":0}],"is_beta":false,"boss_relics":[],"items_purged_floors":[],"is_endless":false,"potions_floor_spawned":[4,10,14],"killed_by":"Slime Boss","ascension_level":0}