{"gold_per_floor":[114,114,164,214,235,276,276,311,311,361],"floor_reached":10,"playtime":811,"items_purged":[],"score":74,"play_id":"fb7dcd2e-c30b-4a8d-9fac-bd781d2cb369","local_time":"20180709220623","is_ascension_mode":false,"campfire_choices":[{"floor":7,"key":"REST"}],"neow_cost":"","seed_source_timestamp":187243129483480,"circlet_count":0,"master_deck":["Strike_B","Strike_B","Strike_B","Strike_B","Defend_B","Defend_B","Defend_B","Zap","Dualcast","Reprogram","Injury","Doom and Gloom","Redo","Redo"],"relics":["Cracked Core","SsserpentHead","Golden Idol","Mummified Hand","Regal Pillow","Question Card"],"potions_floor_usage":[],"damage_taken":[{"damage":4,"enemies":"Jaw Worm","floor":1,"turns":4},{"damage":1,"enemies":"Cultist","floor":5,"turns":3},{"damage":41,"enemies":"Gremlin Nob","floor":6,"turns":5},{"damage":39,"enemies":"Lagavulin","floor":8,"turns":6},{"damage":22,"enemies":"Gremlin Nob","floor":10,"turns":3}],"seed_played":"2783648150830973620","potions_obtained":[{"floor":1,"key":"Explosive Potion"},{"floor":5,"key":"Energy Potion"}],"is_trial":false,"path_per_floor":["M","?","?","?","M","E","R","E","T"],"character_chosen":"DEFECT","items_purchased":[],"campfire_rested":1,"item_purchase_floors":[],"current_hp_per_floor":[71,71,71,71,70,29,51,12,12,0],"gold":361,"neow_bonus":"","is_prod":false,"is_daily":false,"chose_seed":false,"campfire_upgraded":0,"win_rate":0.0,"timestamp":1531199183,"path_taken":["M","?","?","?","M","E","R","E","T","?"],"build_version":"2018-07-05","purchased_purges":0,"victory":false,"max_hp_per_floor":[75,75,75,75,75,75,75,75,75,75],"card_choices":[{"not_picked":["Conserve Battery","Redo"],"picked":"Reprogram","floor":1},{"not_picked":["Streamline","Aggregate"],"picked":"Doom and Gloom","floor":5},{"not_picked":["FTL","Conserve Battery"],"picked":"Redo","floor":6},{"not_picked":["Fusion","Sweeping Beam"],"picked":"Redo","floor":8}],"player_experience":10110,"relics_obtained":[{"floor":6,"key":"Mummified Hand"},{"floor":8,"key":"Regal Pillow"},{"floor":9,"key":"Question Card"}],"event_choices":[{"event_name":"FaceTrader","player_choice":"Trade","floor":2,"damage_taken":0},{"event_name":"Living Wall","player_choice":"Forget","floor":3,"damage_taken":0},{"event_name":"Golden Idol","player_choice":"Take Wound","floor":4,"damage_taken":0},{"event_name":"Dead Adventurer","player_choice":"Searched \u00272\u0027 times","floor":10,"damage_taken":0}],"boss_relics":[],"items_purged_floors":[],"is_endless":false,"potions_floor_spawned":[1,5],"killed_by":"Gremlin Nob","ascension_level":0}