{"gold_per_floor":[119,119,294,144,155,181,181,201,228,128,142,173,173,192,192,296,296,307,222,222,97,97,97,122,122,148,180,192,203,230,80,80,80],"floor_reached":33,"playtime":2551,"items_purged":["Regret","Doubt","Defend_R","Brutality"],"score":353,"play_id":"cf6c5575-72b5-4be9-94f7-492cb0518ada","local_time":"20180929205508","is_ascension_mode":true,"campfire_choices":[{"data":"Perfected Strike","floor":7,"key":"SMITH"},{"data":"Demon Form","floor":13,"key":"SMITH"},{"data":"Shrug It Off","floor":15,"key":"SMITH"},{"data":"Perfected Strike","floor":23,"key":"SMITH"},{"data":"Bash","floor":32,"key":"SMITH"}],"neow_cost":"NONE","seed_source_timestamp":868754493544823,"circlet_count":0,"master_deck":["Strike_R","Strike_R","Strike_R","Strike_R","Strike_R","Defend_R","Defend_R","Defend_R","Bash+1","Wild Strike","Wild Strike","Perfected Strike+1","Cleave","Shrug It Off+1","Demon Form+1","Flex","Perfected Strike+1","True Grit","Twin Strike+1"],"relics":["Burning Blood","Ancient Tea Set","Oddly Smooth Stone","PreservedInsect","WingedGreaves","Velvet Choker","Darkstone Periapt","MutagenicStrength","Bottled Tornado","Juzu Bracelet","Meat on the Bone","Champion Belt"],"potions_floor_usage":[6,16,27,27,33,33,33,33,33],"damage_taken":[{"damage":2,"enemies":"Small Slimes","floor":1,"turns":3},{"damage":11,"enemies":"Jaw Worm","floor":5,"turns":2},{"damage":30,"enemies":"Lagavulin","floor":6,"turns":5},{"damage":1,"enemies":"2 Louse","floor":8,"turns":3},{"damage":22,"enemies":"Exordium Thugs","floor":11,"turns":6},{"damage":3,"enemies":"3 Sentries","floor":12,"turns":4},{"damage":18,"enemies":"Exordium Wildlife","floor":14,"turns":3},{"damage":21,"enemies":"Slime Boss","floor":16,"turns":7},{"damage":10,"enemies":"2 Thieves","floor":18,"turns":5},{"damage":26,"enemies":"Gremlin Leader","floor":24,"turns":6},{"damage":36,"enemies":"Slavers","floor":27,"turns":4},{"damage":10,"enemies":"3 Byrds","floor":28,"turns":5},{"damage":10,"enemies":"Sentry and Sphere","floor":29,"turns":3},{"damage":0,"enemies":"Gremlin Leader","floor":30,"turns":3},{"damage":61,"enemies":"Collector","floor":33,"turns":7}],"seed_played":"6030183833902027870","potions_obtained":[{"floor":1,"key":"GamblersBrew"},{"floor":5,"key":"Poison Potion"},{"floor":12,"key":"Fire Potion"},{"floor":16,"key":"EntropicBrew"},{"floor":24,"key":"FearPotion"},{"floor":30,"key":"SpeedPotion"}],"is_trial":false,"path_per_floor":["M","?","?","$","M","E","R","M","T","$","M","E","R","M","R","B",null,"M","?","?","$","?","R","E","$","T","E","M","M","E","$","R"],"character_chosen":"IRONCLAD","items_purchased":["Wild Strike","Perfected Strike"],"campfire_rested":0,"item_purchase_floors":[4,4],"current_hp_per_floor":[80,80,80,80,75,51,51,56,56,56,40,43,43,31,31,16,80,76,76,76,76,76,76,56,56,56,26,34,42,48,48,48,0],"gold":80,"neow_bonus":"ONE_RANDOM_RARE_CARD","is_prod":false,"is_daily":false,"chose_seed":false,"campfire_upgraded":5,"win_rate":0,"timestamp":1538272508,"path_taken":["M","?","?","$","M","E","R","M","T","$","M","E","R","M","R","BOSS","M","?","?","$","?","R","E","?","T","E","M","M","E","$","R","BOSS"],"build_version":"2018-09-27","purchased_purges":4,"victory":false,"max_hp_per_floor":[80,80,80,80,80,80,80,80,80,80,80,80,80,80,80,80,80,80,80,80,80,80,80,80,80,80,80,80,80,80,80,80,80],"card_choices":[{"not_picked":["Sever Soul","Entrench"],"picked":"Wild Strike","floor":1},{"not_picked":["Body Slam","Warcry","Flame Barrier"],"picked":"SKIP","floor":5},{"not_picked":["Shockwave","Thunderclap"],"picked":"Cleave","floor":6},{"not_picked":["Evolve","Spot Weakness","Searing Blow"],"picked":"SKIP","floor":8},{"not_picked":["Wild Strike","Warcry"],"picked":"Shrug It Off","floor":11},{"not_picked":["Searing Blow","Disarm"],"picked":"Demon Form","floor":12},{"not_picked":["Warcry","Carnage"],"picked":"Flex","floor":14},{"not_picked":["Iron Wave","Warcry","Armaments"],"picked":"SKIP","floor":18},{"not_picked":["Anger","Whirlwind+1","Armaments"],"picked":"SKIP","floor":24},{"not_picked":["Immolate","Heavy Blade"],"picked":"True Grit","floor":27},{"not_picked":["Wild Strike","Warcry+1"],"picked":"Twin Strike+1","floor":28},{"not_picked":["Pummel","Inflame","Sword Boomerang+1"],"picked":"SKIP","floor":29},{"not_picked":["Whirlwind","Sever Soul","Pummel+1"],"picked":"SKIP","floor":30}],"player_experience":93611,"relics_obtained":[{"floor":6,"key":"Oddly Smooth Stone"},{"floor":9,"key":"PreservedInsect"},{"floor":12,"key":"WingedGreaves"},{"floor":24,"key":"Bottled Tornado"},{"floor":26,"key":"Juzu Bracelet"},{"floor":27,"key":"Meat on the Bone"},{"floor":30,"key":"Champion Belt"}],"event_choices":[{"event_name":"Big Fish","player_choice":"Box","floor":2,"damage_taken":0},{"event_name":"Liars Game","player_choice":"agreed","floor":3,"damage_taken":0},{"event_name":"Addict","player_choice":"Obtained Relic","floor":19,"damage_taken":0},{"event_name":"Drug Dealer","player_choice":"Inject Mutagens","floor":20,"damage_taken":0},{"event_name":"The Library","player_choice":"Read","floor":22,"damage_taken":0}],"is_beta":false,"boss_relics":[{"not_picked":["Orrery","Astrolabe"],"picked":"Velvet Choker"}],"items_purged_floors":[4,10,21,31],"is_endless":false,"potions_floor_spawned":[1,5,12,16,24,30],"killed_by":"Collector","ascension_level":1}