{"path_per_floor":["M","M","M","?","M","R","M","?","T","E","$","E","R","M","R","B",null,"M","?","?","?","M","R","E","R","T","M","?","E","?","E","R","B",null,"M","M","?","?","$","R","M","R","T","M","$","M","R","M","R"],"character_chosen":"IRONCLAD","items_purchased":["Charon\u0027s Ashes","Frozen Eye","War Paint","Orichalcum","Impervious"],"gold_per_floor":[212,230,241,241,260,260,275,304,329,360,61,93,93,110,110,209,209,190,190,190,190,208,208,243,243,243,253,253,287,287,319,319,422,422,437,451,451,701,311,311,324,324,348,362,5,25,25,45,45,45],"floor_reached":50,"campfire_rested":0,"playtime":4119,"current_hp_per_floor":[79,80,80,85,79,79,80,67,67,64,64,68,68,73,73,49,85,85,42,42,42,42,42,39,39,39,42,42,42,42,42,42,26,42,44,51,51,51,51,51,51,51,51,57,57,57,57,61,61,0],"items_purged":["Regret","Defend_R"],"gold":45,"score":737,"play_id":"74c08a6f-e411-42a4-b0ca-68b3c3ad21cb","local_time":"20180513032013","is_prod":false,"is_daily":false,"chose_seed":false,"is_ascension_mode":true,"campfire_upgraded":7,"timestamp":1526196013,"path_taken":["M","M","M","?","M","R","?","?","T","E","$","E","R","M","R","BOSS","M","?","?","?","?","R","E","R","T","M","?","E","?","E","R","BOSS","M","M","?","?","$","R","M","R","T","M","$","M","R","?","R","BOSS"],"build_version":"2018-05-12v2","seed_source_timestamp":335171930288225,"purchased_purges":3,"victory":false,"master_deck":["Defend_R+1","Defend_R+1","Defend_R+1","Bash+1","Shrug It Off","Ghostly Armor","Pommel Strike+1","Shrug It Off","Shrug It Off","Clothesline+1","Pommel Strike+1","Dark Embrace+1","Headbutt+1","Exhume+1","Ghostly+1","Ghostly","Ghostly","Ghostly","Ghostly","True Grit+1","Pummel","Havoc+1","Bite","Bite","Bite","Bite","Bite","Seeing Red+1","Feed+1","Clumsy","Injury","Decay","Intimidate","Shrug It Off","Impervious","Metallicize","Armaments+1"],"max_hp_per_floor":[80,80,80,85,85,85,85,85,85,85,85,85,85,85,85,85,85,85,42,42,42,42,42,42,42,42,42,42,42,42,42,42,42,42,45,51,51,51,51,51,51,51,51,57,57,57,57,61,61,61],"relics":["Burning Blood","Odd Mushroom","Dream Catcher","Anchor","Charon\u0027s Ashes","Sozu","Letter Opener","Kunai","Ancient Tea Set","Bottled Flame","Calling Bell","Bag of Marbles","Smiling Mask","Girya","Frozen Eye","War Paint","Singing Bowl","Orichalcum"],"card_choices":[{"not_picked":["Sword Boomerang","Flex"],"picked":"Shrug It Off","floor":1},{"not_picked":["Cleave","Havoc"],"picked":"Ghostly Armor","floor":2},{"not_picked":["Cleave","Feel No Pain"],"picked":"Pommel Strike","floor":3},{"not_picked":["Thunderclap","Clothesline"],"picked":"Shrug It Off","floor":5},{"not_picked":["Clothesline","Heavy Blade"],"picked":"Shrug It Off","floor":7},{"not_picked":["Warcry","Sword Boomerang"],"picked":"Clothesline","floor":8},{"not_picked":["Dual Wield","Evolve"],"picked":"Pommel Strike","floor":10},{"not_picked":["Armaments","Intimidate"],"picked":"Dark Embrace","floor":12},{"not_picked":["Body Slam","Clash"],"picked":"Headbutt","floor":14},{"not_picked":["Brutality","Double Tap"],"picked":"Exhume","floor":16},{"not_picked":["Wild Strike+1","Power Through","Entrench"],"picked":"SKIP","floor":18},{"not_picked":["Thunderclap+1","Body Slam","Clash"],"picked":"SKIP","floor":22},{"not_picked":["Twin Strike","Hemokinesis"],"picked":"True Grit+1","floor":24},{"not_picked":["Limit Break","Heavy Blade"],"picked":"Pummel","floor":27},{"not_picked":["Body Slam","Intimidate"],"picked":"Havoc","floor":29},{"not_picked":["Cleave","Power Through"],"picked":"Seeing Red+1","floor":31},{"not_picked":["Double Tap","Exhume"],"picked":"Feed","floor":33},{"not_picked":["Body Slam+1","Dropkick+1"],"picked":"Intimidate","floor":35},{"not_picked":["Fire Breathing","True Grit"],"picked":"Shrug It Off","floor":36},{"not_picked":["Iron Wave+1","Heavy Blade","Rampage"],"picked":"SKIP","floor":41},{"not_picked":["Dropkick","Twin Strike","Thunderclap+1"],"picked":"Singing Bowl","floor":44},{"not_picked":["Anger+1","Second Wind+1"],"picked":"Metallicize","floor":46},{"not_picked":["True Grit+1","Wild Strike+1"],"picked":"Armaments+1","floor":48}],"player_experience":125352,"potions_floor_usage":[5,5,10,33,33,50],"damage_taken":[{"damage":7,"enemies":"Jaw Worm","floor":1,"turns":3},{"damage":4,"enemies":"2 Louse","floor":2,"turns":4},{"damage":5,"enemies":"Small Slimes","floor":3,"turns":3},{"damage":12,"enemies":"Exordium Wildlife","floor":5,"turns":4},{"damage":5,"enemies":"3 Louse","floor":7,"turns":5},{"damage":19,"enemies":"The Mushroom Lair","floor":8,"turns":6},{"damage":9,"enemies":"Gremlin Nob","floor":10,"turns":4},{"damage":2,"enemies":"3 Sentries","floor":12,"turns":6},{"damage":3,"enemies":"Looter","floor":14,"turns":4},{"damage":32,"enemies":"The Guardian","floor":16,"turns":19},{"damage":6,"enemies":"2 Thieves","floor":18,"turns":4},{"damage":1,"enemies":"Shell Parasite","floor":22,"turns":5},{"damage":9,"enemies":"Book of Stabbing","floor":24,"turns":6},{"damage":0,"enemies":"Snake Plant","floor":27,"turns":5},{"damage":4,"enemies":"Gremlin Leader","floor":29,"turns":10},{"damage":8,"enemies":"Book of Stabbing","floor":31,"turns":6},{"damage":26,"enemies":"Champ","floor":33,"turns":15},{"damage":24,"enemies":"Flame Bruiser 1 Orb","floor":35,"turns":13},{"damage":1,"enemies":"3 Shapes","floor":36,"turns":3},{"damage":9,"enemies":"Spire Growth","floor":41,"turns":7},{"damage":0,"enemies":"Sphere and 2 Shapes","floor":44,"turns":4},{"damage":3,"enemies":"3 Darklings","floor":46,"turns":5},{"damage":0,"enemies":"Flame Bruiser 2 Orb","floor":48,"turns":5},{"damage":75,"enemies":"Time Eater","floor":50,"turns":14}],"event_choices":[{"event_name":"Big Fish","player_choice":"Donut","floor":4,"damage_taken":0},{"event_name":"Mushrooms","player_choice":"Fought Mushrooms","floor":8,"damage_taken":0},{"event_name":"Ghosts","player_choice":"Became a Ghost","floor":19,"damage_taken":0},{"event_name":"Back to Basics","player_choice":"Simplicity","floor":20,"damage_taken":0},{"event_name":"Drug Dealer","player_choice":"Ignored","floor":21,"damage_taken":0},{"event_name":"Upgrade Shrine","player_choice":"Upgraded","floor":28,"damage_taken":0},{"event_name":"Vampires","player_choice":"Became a vampire (Vial)","floor":30,"damage_taken":0},{"event_name":"Tomb of Lord Red Mask","player_choice":"Ignored","floor":37,"damage_taken":0},{"event_name":"Golden Shrine","player_choice":"Desecrate","floor":38,"damage_taken":0}],"boss_relics":[{"not_picked":["Runic Dome","Cursed Key"],"picked":"Sozu"},{"not_picked":["Astrolabe","Black Star"],"picked":"Calling Bell"}],"potions_floor_spawned":[2,5,12,14,16,27,31,35,44,46],"seed_played":"2304817196305861830","killed_by":"Time Eater","ascension_level":4,"is_trial":false}