{"gold_per_floor":[112,112,122,122,72,72,85,110,134,148,148,158,173,187,187,187],"floor_reached":16,"playtime":418,"items_purged":[],"score":104,"play_id":"529bb95e-b004-4793-a44e-ab397d50b654","local_time":"20180716073206","is_ascension_mode":false,"campfire_choices":[{"data":"Heavy Blade","floor":6,"key":"SMITH"},{"floor":11,"key":"REST"},{"data":"Pommel Strike","floor":15,"key":"SMITH"}],"neow_cost":"NONE","seed_source_timestamp":302670691267381,"circlet_count":0,"master_deck":["Strike_R","Strike_R+1","Strike_R+1","Strike_R","Strike_R+1","Defend_R","Defend_R","Defend_R","Defend_R","Bash+1","Heavy Blade+1","Dual Wield","Cleave","Pommel Strike+1"],"relics":["Burning Blood","Blood Vial","Boot","Happy Flower","Whetstone"],"potions_floor_usage":[8,16,16,16],"damage_taken":[{"damage":6,"enemies":"2 Louse","floor":1,"turns":3},{"damage":5,"enemies":"Small Slimes","floor":3,"turns":3},{"damage":6,"enemies":"Jaw Worm","floor":7,"turns":3},{"damage":33,"enemies":"3 Sentries","floor":8,"turns":9},{"damage":10,"enemies":"Looter","floor":10,"turns":3},{"damage":16,"enemies":"Exordium Wildlife","floor":12,"turns":4},{"damage":14,"enemies":"Blue Slaver","floor":13,"turns":3},{"damage":5,"enemies":"3 Louse","floor":14,"turns":2},{"damage":35,"enemies":"Hexaghost","floor":16,"turns":9}],"seed_played":"451646199526562912","potions_obtained":[{"floor":7,"key":"SkillPotion"},{"floor":10,"key":"EssenceOfSteel"},{"floor":12,"key":"PowerPotion"},{"floor":14,"key":"GamblersBrew"}],"is_trial":false,"path_per_floor":["M","?","M","?","$","R","M","E","T","M","R","M","M","M","R"],"character_chosen":"IRONCLAD","items_purchased":["Heavy Blade"],"campfire_rested":1,"item_purchase_floors":[5],"current_hp_per_floor":[80,55,58,42,42,42,44,19,19,17,41,33,27,30,30,0],"gold":187,"neow_bonus":"RANDOM_COMMON_RELIC","is_prod":false,"is_daily":false,"chose_seed":false,"campfire_upgraded":2,"win_rate":0,"timestamp":1531715526,"path_taken":["M","?","M","?","$","R","M","E","T","M","R","M","M","M","R","BOSS"],"build_version":"2018-07-12","purchased_purges":0,"victory":false,"max_hp_per_floor":[80,80,80,80,80,80,80,80,80,80,80,80,80,80,80,80],"card_choices":[{"not_picked":["Twin Strike","Sword Boomerang","Burning Pact"],"picked":"SKIP","floor":1},{"not_picked":["Iron Wave","Havoc","Pummel"],"picked":"SKIP","floor":3},{"not_picked":["Intimidate","Sword Boomerang","Thunderclap"],"picked":"SKIP","floor":7},{"not_picked":["Cleave","Reaper"],"picked":"Dual Wield","floor":8},{"not_picked":["Blood for Blood","Iron Wave","Infernal Blade"],"picked":"SKIP","floor":10},{"not_picked":["Perfected Strike","Thunderclap"],"picked":"Cleave","floor":12},{"not_picked":["Warcry","Clothesline","Searing Blow"],"picked":"SKIP","floor":13},{"not_picked":["Ghostly Armor","Perfected Strike"],"picked":"Pommel Strike","floor":14}],"player_experience":108324,"relics_obtained":[{"floor":8,"key":"Happy Flower"},{"floor":9,"key":"Whetstone"}],"event_choices":[{"event_name":"Scrap Ooze","player_choice":"success","floor":2,"damage_taken":25},{"event_name":"Shining Light","player_choice":"Entered Light","floor":4,"damage_taken":0}],"boss_relics":[],"items_purged_floors":[],"is_endless":false,"potions_floor_spawned":[7,10,12,14],"killed_by":"Hexaghost","ascension_level":0}