{"path_per_floor":["M","M","M","?","M","R","$","?","T","M","M","R","$","M","R","B",null,"M","M","?","M","?","R","M","R","T","R","?","E","$","M","R","B",null,"M","?","?","$","M","R","?","R","T","M","M","R","M","?","R","B"],"character_chosen":"THE_SILENT","items_purchased":["Regen Potion","Backflip","Secret Technique","Footwork"],"gold_per_floor":[110,130,148,223,234,234,109,359,382,399,415,415,65,78,78,178,178,192,211,126,138,138,138,150,150,150,150,150,182,57,68,68,169,169,187,187,187,1,14,14,14,14,40,59,76,76,91,91,91,91],"floor_reached":51,"campfire_rested":0,"playtime":5220,"current_hp_per_floor":[70,70,70,59,53,53,53,53,53,53,53,53,53,53,53,30,70,70,70,70,70,54,54,47,47,47,47,47,47,47,47,47,47,70,70,80,70,70,70,80,80,80,87,87,85,87,87,87,87,87],"items_purged":["Strike_G","Strike_G","Strike_G","Strike_G"],"gold":91,"play_id":"3c2e6e3b-95e6-4e05-9e91-92f8673df72a","is_prod":false,"is_daily":false,"is_ascension_mode":false,"campfire_upgraded":11,"path_taken":["M","M","M","?","M","R","?","?","T","M","?","R","$","M","R","BOSS","M","M","?","M","?","R","M","R","T","R","?","E","$","M","R","BOSS","M","?","?","$","M","R","?","R","T","M","M","R","M","?","R","BOSS"],"build_version":"2018-01-25-PROD3","purchased_purges":4,"victory":true,"master_deck":["Defend_G+1","Defend_G+1","Defend_G+1","Defend_G+1","Defend_G+1","Strike_G+1","Survivor+1","Neutralize+1","Leg Sweep","Well Laid Plans+1","Acrobatics+1","Bullet Time+1","Acrobatics+1","Dash","Backflip","Secret Technique+1","Phantasmal Killer","Flying Knee","PiercingWail","Footwork+1","Die Die Die","Quick Slash+1","Madness+1","Madness","Footwork+1","Endless Agony+1","Choke+1","Underhanded Strike+1","Footwork+1"],"max_hp_per_floor":[70,70,70,70,70,70,70,70,70,70,70,70,70,70,70,70,70,70,70,70,70,70,70,70,70,70,70,70,70,70,70,70,70,70,70,80,80,80,80,80,80,80,87,87,87,87,87,87,87,87],"relics":["Ring of the Snake","Omamori","Lantern","Runic Dome","Art of War","Enchiridion","Calipers","Orichalcum","Eternal Feather","Strawberry"],"card_choices":[{"not_picked":["Dodge and Roll","Setup"],"picked":"Leg Sweep"},{"not_picked":["Cloak And Dagger","Acrobatics"],"picked":"Well Laid Plans"},{"not_picked":["Deadly Poison","Bane"],"picked":"Acrobatics"},{"not_picked":["Riddle With Holes","Setup"],"picked":"Bullet Time"},{"not_picked":["Quick Slash","Dodge and Roll"],"picked":"Acrobatics"},{"not_picked":["Terror","Deflect"],"picked":"Dash"},{"not_picked":["Deadly Poison","Cloak And Dagger"],"picked":"Dagger Throw"},{"not_picked":["Venomology","Unload"],"picked":"Phantasmal Killer"},{"not_picked":["Dodge and Roll","Backflip"],"picked":"Flying Knee"},{"not_picked":["Leg Sweep","Prepared"],"picked":"PiercingWail"},{"not_picked":["Sucker Punch","Prepared"],"picked":"Footwork"},{"not_picked":["Flying Knee","Dagger Throw"],"picked":"Die Die Die"},{"not_picked":["Phantasmal Killer","Bullet Time"],"picked":"Grand Finale"},{"not_picked":["Crippling Poison","Accuracy"],"picked":"Quick Slash"},{"not_picked":["Deadly Poison","Cloak And Dagger"],"picked":"Endless Agony"},{"not_picked":["Acrobatics","Prepared"],"picked":"Choke"},{"not_picked":["Catalyst","Bouncing Flask"],"picked":"Underhanded Strike"},{"not_picked":["Poisoned Stab","Setup"],"picked":"Footwork"}],"player_experience":227114,"potions_floor_usage":[16,16,16,47,50,50],"damage_taken":[{"damage":0,"enemies":"2 Louse","floor":1,"turns":3},{"damage":0,"enemies":"Jaw Worm","floor":2,"turns":4},{"damage":0,"enemies":"Small Slimes","floor":3,"turns":4},{"damage":6,"enemies":"Exordium Thugs","floor":5,"turns":7},{"damage":0,"enemies":"2 Fungi Beasts","floor":10,"turns":5},{"damage":0,"enemies":"Lots of Slimes","floor":11,"turns":7},{"damage":0,"enemies":"Looter","floor":14,"turns":3},{"damage":32,"enemies":"Hexaghost","floor":16,"turns":14},{"damage":0,"enemies":"Chosen","floor":18,"turns":4},{"damage":0,"enemies":"Spheric Guardian","floor":19,"turns":3},{"damage":0,"enemies":"Slaver and Parasite","floor":21,"turns":4},{"damage":7,"enemies":"Chosen and Byrds","floor":24,"turns":5},{"damage":0,"enemies":"Book of Stabbing","floor":29,"turns":4},{"damage":0,"enemies":"Snecko","floor":31,"turns":6},{"damage":0,"enemies":"Automaton","floor":33,"turns":12},{"damage":0,"enemies":"3 Shapes","floor":35,"turns":6},{"damage":0,"enemies":"Orb Walker","floor":39,"turns":3},{"damage":0,"enemies":"Maw","floor":44,"turns":9},{"damage":2,"enemies":"Sphere and 2 Shapes","floor":45,"turns":6},{"damage":0,"enemies":"3 Darklings","floor":47,"turns":4},{"damage":15,"enemies":"Donu and Deca","floor":50,"turns":12}],"event_choices":[{"event_name":"World of Goop","player_choice":"Gather Gold","floor":4,"damage_taken":0},{"event_name":"Golden Shrine","player_choice":"Desecrate","floor":8,"damage_taken":0},{"event_name":"Addict","player_choice":"Obtained Relic","floor":20,"damage_taken":0},{"event_name":"Cursed Tome","player_choice":"Obtained Book","floor":22,"damage_taken":0},{"event_name":"Back to Basics","player_choice":"Simplicity","floor":28,"damage_taken":0},{"event_name":"Bonfire Elementals","player_choice":"RARE","floor":36,"damage_taken":0},{"event_name":"Winding Halls","player_choice":"Embrace Madness","floor":37,"damage_taken":0},{"event_name":"Mysterious Sphere","player_choice":"Ignore","floor":48,"damage_taken":0}],"boss_relics":[{"not_picked":["Question Card","Runic Pyramid"],"picked":"Runic Dome"},{"not_picked":["White Beast Statue","Astrolabe"],"picked":"Eternal Feather"}],"potions_floor_spawned":[1,5,11,16,19,31,33,35,44],"seed_played":"4628905032164236158","ascension_level":0,"is_trial":false}