{"gold_per_floor":[111,124,45,45,64,96,96,129,155,80,93,93,106,106,106,210,210,193],"floor_reached":18,"playtime":1133,"items_purged":["Strike_B"],"score":172,"play_id":"66a321bd-b4da-4eb7-a8c9-7b75112f1422","local_time":"20190302040006","is_ascension_mode":false,"campfire_choices":[{"data":"Go for the Eyes","floor":7,"key":"SMITH"},{"data":"Zap","floor":12,"key":"SMITH"},{"data":"Defragment","floor":15,"key":"SMITH"}],"neow_cost":"NONE","seed_source_timestamp":144637278047568,"circlet_count":0,"master_deck":["Strike_B","Strike_B","Defend_B","Defend_B","Defend_B","Defend_B","Zap+1","Dualcast","Sweeping Beam","Go for the Eyes+1","Ball Lightning","Steam","Genetic Algorithm","Loop","Defragment+1","Rebound","Buffer","Decay","Clumsy"],"relics":["Cracked Core","NeowsBlessing","Orichalcum","Art of War","Omamori","Calling Bell","DataDisk","Pear","Ginger"],"potions_floor_usage":[16,16],"damage_taken":[{"damage":0,"enemies":"2 Louse","floor":1,"turns":1},{"damage":0,"enemies":"Cultist","floor":2,"turns":1},{"damage":0,"enemies":"Small Slimes","floor":5,"turns":1},{"damage":25,"enemies":"3 Sentries","floor":6,"turns":5},{"damage":30,"enemies":"Lagavulin","floor":8,"turns":7},{"damage":0,"enemies":"3 Louse","floor":11,"turns":2},{"damage":1,"enemies":"Red Slaver","floor":13,"turns":4},{"damage":28,"enemies":"The Guardian","floor":16,"turns":9},{"damage":9,"enemies":"2 Thieves","floor":18,"turns":4}],"seed_played":"5661990330314942096","potions_obtained":[{"floor":1,"key":"Poison Potion"},{"floor":2,"key":"PowerPotion"},{"floor":8,"key":"SpeedPotion"},{"floor":11,"key":"EntropicBrew"}],"is_trial":false,"path_per_floor":["M","M","$","?","M","E","R","E","T","$","M","R","M","?","R","B",null,"M"],"character_chosen":"DEFECT","items_purchased":["Ball Lightning","Steam"],"campfire_rested":0,"item_purchase_floors":[3,3],"current_hp_per_floor":[75,75,75,75,75,50,50,20,20,20,20,20,19,37,37,9,85,76],"gold":193,"neow_bonus":"THREE_ENEMY_KILL","is_prod":false,"is_daily":false,"chose_seed":false,"campfire_upgraded":3,"win_rate":0,"timestamp":1551492006,"path_taken":["M","M","$","?","M","E","R","E","T","$","?","R","M","?","R","BOSS","M"],"build_version":"2019-01-23","purchased_purges":1,"victory":false,"max_hp_per_floor":[75,75,75,75,75,75,75,75,75,75,75,75,75,75,75,75,85,85],"card_choices":[{"not_picked":["Conserve Battery","Lockon"],"picked":"Sweeping Beam","floor":1},{"not_picked":["Scrape","Cold Snap"],"picked":"Go for the Eyes","floor":2},{"not_picked":["Sunder","Double Energy"],"picked":"Genetic Algorithm","floor":5},{"not_picked":["Blizzard","Barrage"],"picked":"Loop","floor":6},{"not_picked":["Chill","Barrage"],"picked":"Defragment","floor":8},{"not_picked":["Streamline","Tempest"],"picked":"Rebound","floor":11},{"not_picked":["Go for the Eyes","Lockon","Scrape"],"picked":"SKIP","floor":13},{"not_picked":["Thunder Strike","Amplify"],"picked":"Buffer","floor":16}],"player_experience":564167,"relics_obtained":[{"floor":6,"key":"Orichalcum"},{"floor":8,"key":"Art of War"},{"floor":9,"key":"Omamori"},{"floor":17,"key":"DataDisk"},{"floor":17,"key":"Pear"},{"floor":17,"key":"Ginger"}],"event_choices":[{"cards_removed":["Strike_B"],"damage_healed":0,"gold_gain":0,"player_choice":"Card Removal","damage_taken":0,"max_hp_gain":0,"max_hp_loss":0,"event_name":"Wheel of Change","floor":4,"gold_loss":0},{"damage_healed":18,"gold_gain":0,"player_choice":"Healed and dodged fight","damage_taken":0,"max_hp_gain":0,"max_hp_loss":0,"event_name":"Mushrooms","floor":14,"gold_loss":0,"cards_obtained":["Parasite"]}],"is_beta":false,"boss_relics":[{"not_picked":["Coffee Dripper","Empty Cage"],"picked":"Calling Bell"}],"items_purged_floors":[10],"is_endless":false,"potions_floor_spawned":[1,2,8,11,13],"killed_by":"2 Thieves","ascension_level":0}