{"path_per_floor":["M","M","$","?","?","?","R","M","T","E","R","E","R","?","R","B",null,"M","M","$","M"],"character_chosen":"IRONCLAD","items_purchased":["Apotheosis","Vajra","Finesse"],"gold_per_floor":[362,382,23,23,23,98,98,115,139,171,171,202,202,202,202,307,307,323,343,173,188],"floor_reached":22,"campfire_rested":1,"playtime":1887,"current_hp_per_floor":[69,61,61,61,67,56,56,62,62,52,52,49,86,86,86,32,68,52,47,47,25],"items_purged":["Parasite"],"gold":188,"play_id":"36d4b140-fb60-4ac2-b837-7964c1ac4a9b","is_prod":false,"is_daily":false,"campfire_rituals":0,"campfire_upgraded":3,"is_hardmode":false,"path_taken":["M","M","$","?","?","?","R","M","T","E","R","E","R","?","R","BOSS","M","?","$","M","M"],"build_version":"2018-01-11-PROD2","purchased_purges":1,"victory":false,"master_deck":["Strike_R","Strike_R","Strike_R","Strike_R","Strike_R","Defend_R","Defend_R","Defend_R","Defend_R","Bash","Pommel Strike","Headbutt","Apotheosis","Shrug It Off","Brutality","Shrug It Off","Flex","Barricade","Dual Wield","Havoc","Finesse","Warcry"],"max_hp_per_floor":[80,80,80,80,86,86,86,86,86,86,86,86,86,86,86,86,68,68,68,65,65],"relics":["Burning Blood","Vajra","Darkstone Periapt","Regal Pillow","Letter Opener","Lantern","Runic Cube"],"campfire_meditates":0,"card_choices":[{"not_picked":["Blood for Blood","Havoc"],"picked":"Pommel Strike"},{"not_picked":["Bludgeon","Reckless Charge"],"picked":"Headbutt"},{"not_picked":["Feel No Pain","Headbutt"],"picked":"Shrug It Off"},{"not_picked":["Sword Boomerang","Brutality"],"picked":"Flex"},{"not_picked":["Juggernaut","Demon Form"],"picked":"Barricade"},{"not_picked":["Inflame","Anger"],"picked":"Dual Wield"},{"not_picked":["Anger","Pummel"],"picked":"Havoc"},{"not_picked":["Rage","Whirlwind"],"picked":"Warcry"}],"player_experience":101071,"potions_floor_usage":[22],"damage_taken":[{"damage":17,"enemies":"Cultist","floor":1,"turns":5},{"damage":14,"enemies":"Blue Slaver","floor":2,"turns":4},{"damage":0,"enemies":"2 Louse","floor":8,"turns":2},{"damage":16,"enemies":"Gremlin Nob","floor":10,"turns":4},{"damage":9,"enemies":"Lagavulin","floor":12,"turns":6},{"damage":60,"enemies":"The Guardian","floor":16,"turns":8},{"damage":22,"enemies":"Chosen","floor":18,"turns":5},{"damage":11,"enemies":"Spheric Guardian","floor":19,"turns":3},{"damage":28,"enemies":"Snake Plant","floor":21,"turns":5},{"damage":43,"enemies":"Chosen and Byrds","floor":22,"turns":8}],"event_choices":[{"event_name":"Match and Keep!","player_choice":"2 cards matched","floor":4,"damage_taken":0},{"event_name":"Match and Keep!","player_choice":"2 cards matched","floor":4,"damage_taken":0},{"event_name":"Accursed Blacksmith","player_choice":"Rummage","floor":5,"damage_taken":0},{"event_name":"World of Goop","player_choice":"Gather Gold","floor":6,"damage_taken":0},{"event_name":"Living Wall","player_choice":"Forget","floor":14,"damage_taken":0}],"boss_relics":[{"not_picked":["Question Card","Eternal Feather"],"picked":"Runic Cube"}],"potions_floor_spawned":[1,8,12,16,19],"seed_played":"6086976988195055316","killed_by":"Chosen and Byrds","is_trial":false}