{"gold_per_floor":[359,359,377,395,58,58,73,73,99,109,34,34,34,54,54,54],"floor_reached":16,"playtime":668,"items_purged":["Strike_B"],"score":175,"play_id":"c1018e76-d1bc-4a84-8388-277e448ca79d","local_time":"20190214212955","is_ascension_mode":true,"campfire_choices":[{"floor":6,"key":"REST"},{"floor":8,"key":"REST"},{"floor":15,"key":"REST"}],"neow_cost":"PERCENT_DAMAGE","seed_source_timestamp":162485253146506,"circlet_count":0,"master_deck":["AscendersBane","Strike_B","Strike_B","Strike_B","Defend_B","Defend_B","Defend_B","Defend_B","Zap","Dualcast","Leap","Coolheaded","Leap","Defragment","Genetic Algorithm","Go for the Eyes","Sweeping Beam","Parasite","Cold Snap"],"relics":["Cracked Core","OrangePellets","Pen Nib","Bird Faced Urn"],"potions_floor_usage":[10,16,16],"damage_taken":[{"damage":4,"enemies":"Small Slimes","floor":1,"turns":3},{"damage":0,"enemies":"Jaw Worm","floor":3,"turns":4},{"damage":0,"enemies":"Cultist","floor":4,"turns":4},{"damage":11,"enemies":"Exordium Wildlife","floor":7,"turns":6},{"damage":28,"enemies":"Gremlin Gang","floor":10,"turns":9},{"damage":3,"enemies":"Large Slime","floor":14,"turns":9},{"damage":49,"enemies":"Hexaghost","floor":16,"turns":16}],"seed_played":"-384163357684868341","potions_obtained":[{"floor":3,"key":"Dexterity Potion"},{"floor":4,"key":"Weak Potion"},{"floor":10,"key":"FocusPotion"}],"is_trial":false,"path_per_floor":["M","?","M","M","$","R","M","R","T","M","$","?","T","M","R","B"],"character_chosen":"DEFECT","items_purchased":["Defragment","OrangePellets","Genetic Algorithm"],"campfire_rested":3,"item_purchase_floors":[5,5,5],"current_hp_per_floor":[42,7,7,7,7,28,17,38,38,10,10,27,27,26,47,0],"gold":54,"neow_bonus":"TWO_FIFTY_GOLD","is_prod":false,"is_daily":false,"chose_seed":false,"campfire_upgraded":0,"win_rate":0,"timestamp":1550201395,"path_taken":["M","?","M","M","$","R","M","R","T","M","$","?","?","M","R","BOSS"],"build_version":"2019-01-23","purchased_purges":1,"victory":false,"max_hp_per_floor":[71,71,71,71,71,71,71,71,71,71,71,71,71,71,71,71],"card_choices":[{"not_picked":["Recycle","Skim"],"picked":"Leap","floor":1},{"not_picked":["Hologram","Gash"],"picked":"Coolheaded","floor":3},{"not_picked":["Darkness","Steam"],"picked":"Leap","floor":4},{"not_picked":["Turbo","Conserve Battery"],"picked":"Go for the Eyes","floor":7},{"not_picked":["Rebound","Stack"],"picked":"Sweeping Beam","floor":10},{"not_picked":["Gash","Darkness"],"picked":"Cold Snap","floor":14}],"player_experience":500077,"relics_obtained":[{"floor":9,"key":"Pen Nib"},{"floor":13,"key":"Bird Faced Urn"}],"event_choices":[{"damage_healed":0,"gold_gain":0,"player_choice":"Fled","damage_taken":35,"max_hp_gain":0,"max_hp_loss":0,"event_name":"Scrap Ooze","floor":2,"gold_loss":0},{"damage_healed":17,"gold_gain":0,"player_choice":"Healed and dodged fight","damage_taken":0,"max_hp_gain":0,"max_hp_loss":0,"event_name":"Mushrooms","floor":12,"gold_loss":0,"cards_obtained":["Parasite"]}],"is_beta":false,"boss_relics":[],"items_purged_floors":[11],"is_endless":false,"potions_floor_spawned":[3,4,7,10],"killed_by":"Hexaghost","ascension_level":18}