{"gold_per_floor":[109,109,26,42,57,57,7,20,20,20,20,20,33,45,45,143,143,162,162],"floor_reached":19,"playtime":1471,"items_purged":[],"score":167,"play_id":"240a13aa-018b-4b27-94ad-c7e4d3b88446","local_time":"20180929063518","is_ascension_mode":true,"campfire_choices":[{"data":"Neutralize","floor":6,"key":"SMITH"},{"data":"Footwork","floor":12,"key":"SMITH"},{"data":"Outmaneuver","floor":15,"key":"SMITH"}],"neow_cost":"","seed_source_timestamp":72326199088056,"circlet_count":0,"master_deck":["Defend_G","Defend_G","Defend_G","Defend_G","Defend_G","Strike_G","Strike_G","Strike_G","Strike_G","Survivor","Neutralize+1","Footwork+1","Outmaneuver+1","Noxious Fumes","Backflip","Acrobatics","Deflect"],"relics":["Ring of the Snake","Mercury Hourglass","Bottled Tornado","PreservedInsect","Coffee Dripper"],"potions_floor_usage":[19,19,19],"damage_taken":[{"damage":4,"enemies":"Jaw Worm","floor":1,"turns":6},{"damage":0,"enemies":"Small Slimes","floor":4,"turns":4},{"damage":0,"enemies":"Cultist","floor":5,"turns":4},{"damage":5,"enemies":"Red Slaver","floor":8,"turns":6},{"damage":0,"enemies":"Exordium Wildlife","floor":13,"turns":3},{"damage":0,"enemies":"Large Slime","floor":14,"turns":7},{"damage":7,"enemies":"The Guardian","floor":16,"turns":16},{"damage":14,"enemies":"3 Byrds","floor":18,"turns":5},{"damage":18,"enemies":"Colosseum Slavers","floor":19,"turns":6},{"damage":38,"enemies":"Colosseum Nobs","floor":19,"turns":4}],"seed_played":"7363594872704979842","potions_obtained":[{"floor":1,"key":"AttackPotion"},{"floor":4,"key":"Fire Potion"},{"floor":13,"key":"Poison Potion"},{"floor":18,"key":"Explosive Potion"}],"is_trial":false,"path_per_floor":["M","?","$","M","M","R","$","M","T","T","?","R","M","M","R","B",null,"M"],"character_chosen":"THE_SILENT","items_purchased":["Footwork","Outmaneuver","Backflip"],"campfire_rested":0,"item_purchase_floors":[3,3,7],"current_hp_per_floor":[66,63,63,63,63,63,63,58,58,58,58,58,58,58,58,51,70,56,0],"gold":162,"neow_bonus":"","is_prod":false,"is_daily":false,"chose_seed":false,"campfire_upgraded":3,"win_rate":0,"timestamp":1538192118,"path_taken":["M","?","?","?","M","R","$","M","T","?","?","R","?","M","R","BOSS","M","?"],"build_version":"2018-09-27","purchased_purges":0,"victory":false,"max_hp_per_floor":[70,70,70,70,70,70,70,70,70,70,70,70,70,70,70,70,70,70,70],"card_choices":[{"not_picked":["Dodge and Roll","Prepared","PiercingWail"],"picked":"SKIP","floor":1},{"not_picked":["PiercingWail","Masterful Stab"],"picked":"Noxious Fumes","floor":4},{"not_picked":["Dagger Throw","Underhanded Strike","Poisoned Stab"],"picked":"SKIP","floor":5},{"not_picked":["Bane","Calculated Gamble"],"picked":"Acrobatics","floor":8},{"not_picked":["Heel Hook","Wraith Form v2","Dagger Spray"],"picked":"SKIP","floor":13},{"not_picked":["Accuracy","Blade Dance"],"picked":"Deflect","floor":14},{"not_picked":["Bane+1","Dagger Throw+1","Accuracy+1"],"picked":"SKIP","floor":18}],"player_experience":172120,"relics_obtained":[{"floor":9,"key":"Bottled Tornado"},{"floor":10,"key":"PreservedInsect"}],"event_choices":[{"event_name":"Scrap Ooze","player_choice":"success","floor":2,"damage_taken":3},{"event_name":"Living Wall","player_choice":"Forget","floor":11,"damage_taken":0},{"event_name":"Colosseum","player_choice":"Fight","floor":19,"damage_taken":0},{"event_name":"Colosseum","player_choice":"Fought Nobs","floor":19,"damage_taken":0}],"is_beta":false,"boss_relics":[{"not_picked":["Tiny House","Astrolabe"],"picked":"Coffee Dripper"}],"items_purged_floors":[],"is_endless":false,"potions_floor_spawned":[1,4,13,18,19],"killed_by":"Colosseum Nobs","ascension_level":1}