{"gold_per_floor":[116,129,140,140,152,152,178,178,178,198,198,27,61,80,80,159,159,178,134,40,40,40,65,65,81,81,94,44,71,90,108,108,108],"floor_reached":33,"playtime":2387,"items_purged":[],"score":599,"play_id":"fd2a5ab7-4ea7-4453-b2c9-9246fe1aad61","local_time":"20190309025921","is_ascension_mode":true,"campfire_choices":[{"data":"Intimidate","floor":6,"key":"SMITH"},{"data":"Shockwave","floor":8,"key":"SMITH"},{"data":"Demon Form","floor":15,"key":"SMITH"},{"floor":24,"key":"REST"},{"floor":32,"key":"REST"}],"neow_cost":"NONE","seed_source_timestamp":441391864729679,"circlet_count":0,"master_deck":["AscendersBane","Strike_R","Strike_R","Strike_R","Defend_R","Defend_R","Defend_R","Defend_R","Bash","Power Through","Intimidate+1","Feel No Pain","Headbutt","Shockwave+1","Ghostly Armor","Demon Form+1","Shrug It Off","Barricade","Disarm","Burning Pact","Shrug It Off+1","True Grit","Dropkick","Metallicize"],"relics":["Burning Blood","Bronze Scales","Pen Nib","FossilizedHelix","Busted Crown","Shuriken","Bag of Preparation","Lantern"],"potions_floor_usage":[5,7,13,23,29,33],"damage_taken":[{"damage":29,"enemies":"Jaw Worm","floor":1,"turns":6},{"damage":4,"enemies":"Small Slimes","floor":2,"turns":3},{"damage":0,"enemies":"2 Louse","floor":3,"turns":5},{"damage":12,"enemies":"Gremlin Gang","floor":5,"turns":4},{"damage":13,"enemies":"3 Sentries","floor":7,"turns":15},{"damage":11,"enemies":"Looter","floor":10,"turns":4},{"damage":13,"enemies":"Lagavulin","floor":13,"turns":9},{"damage":18,"enemies":"Exordium Wildlife","floor":14,"turns":6},{"damage":8,"enemies":"The Guardian","floor":16,"turns":11},{"damage":15,"enemies":"Shell Parasite","floor":18,"turns":6},{"damage":26,"enemies":"2 Thieves","floor":19,"turns":5},{"damage":31,"enemies":"Gremlin Leader","floor":23,"turns":8},{"damage":19,"enemies":"Centurion and Healer","floor":25,"turns":10},{"damage":8,"enemies":"Snake Plant","floor":27,"turns":6},{"damage":0,"enemies":"Book of Stabbing","floor":29,"turns":9},{"damage":18,"enemies":"Cultist and Chosen","floor":30,"turns":11},{"damage":0,"enemies":"Centurion and Healer","floor":31,"turns":10},{"damage":65,"enemies":"Automaton","floor":33,"turns":10}],"seed_played":"-6606762864329118162","potions_obtained":[{"floor":1,"key":"AttackPotion"},{"floor":5,"key":"Regen Potion"},{"floor":7,"key":"Strength Potion"},{"floor":19,"key":"FairyPotion"},{"floor":27,"key":"Weak Potion"},{"floor":30,"key":"EssenceOfSteel"}],"is_trial":false,"path_per_floor":["M","M","M","?","M","R","E","R","T","M","?","$","E","M","R","B",null,"M","M","$","?","?","E","R","M","T","M","?","E","M","M","R","B"],"character_chosen":"IRONCLAD","items_purchased":["Pen Nib","Disarm","PowerPotion"],"campfire_rested":2,"item_purchase_floors":[12,20,20],"current_hp_per_floor":[45,47,53,46,40,40,48,48,48,43,68,68,61,49,49,47,68,59,39,39,39,32,7,29,16,16,14,14,20,8,14,36,0],"gold":108,"neow_bonus":"TRANSFORM_CARD","is_prod":false,"is_daily":false,"chose_seed":false,"campfire_upgraded":3,"win_rate":0,"timestamp":1552118361,"path_taken":["M","M","M","?","M","R","E","R","T","M","?","?","E","M","R","BOSS","M","M","$","?","?","E","R","M","T","?","?","E","?","M","R","BOSS"],"build_version":"2019-01-23","purchased_purges":0,"victory":false,"max_hp_per_floor":[75,75,75,75,75,75,75,75,75,75,75,75,75,75,75,75,75,75,75,75,75,75,75,75,75,75,75,75,75,75,75,75,75],"card_choices":[{"not_picked":["Pommel Strike","Armaments"],"picked":"Intimidate","floor":1},{"not_picked":["Warcry","Ghostly Armor"],"picked":"Feel No Pain","floor":2},{"not_picked":["Spot Weakness","Blood for Blood"],"picked":"Headbutt","floor":3},{"not_picked":["Flex","Anger"],"picked":"Shockwave","floor":5},{"not_picked":["Sword Boomerang","Burning Pact","Fire Breathing"],"picked":"SKIP","floor":7},{"not_picked":["Shockwave","Armaments"],"picked":"Ghostly Armor","floor":10},{"not_picked":["Rampage","Entrench"],"picked":"Demon Form","floor":13},{"not_picked":["Headbutt","Anger"],"picked":"Shrug It Off","floor":14},{"not_picked":["Brutality","Limit Break"],"picked":"Barricade","floor":16},{"not_picked":["Pommel Strike"],"picked":"SKIP","floor":18},{"not_picked":["Anger"],"picked":"SKIP","floor":19},{"not_picked":[],"picked":"Burning Pact","floor":23},{"not_picked":[],"picked":"Shrug It Off+1","floor":25},{"not_picked":[],"picked":"True Grit","floor":27},{"not_picked":["Blood for Blood"],"picked":"SKIP","floor":29},{"not_picked":["Dropkick"],"picked":"SKIP","floor":30},{"not_picked":[],"picked":"Dropkick","floor":30},{"not_picked":[],"picked":"Metallicize","floor":31}],"player_experience":893638,"relics_obtained":[{"floor":7,"key":"Bronze Scales"},{"floor":13,"key":"FossilizedHelix"},{"floor":23,"key":"Shuriken"},{"floor":26,"key":"Bag of Preparation"},{"floor":29,"key":"Lantern"}],"event_choices":[{"cards_removed":["Strike_R"],"damage_healed":0,"gold_gain":0,"player_choice":"Card Removal","damage_taken":7,"max_hp_gain":0,"max_hp_loss":0,"event_name":"Golden Wing","floor":4,"gold_loss":0},{"damage_healed":25,"gold_gain":0,"player_choice":"Banana","damage_taken":0,"max_hp_gain":0,"max_hp_loss":0,"event_name":"Big Fish","floor":11,"gold_loss":0},{"damage_healed":0,"gold_gain":0,"player_choice":"","damage_taken":7,"max_hp_gain":0,"max_hp_loss":0,"event_name":"Knowing Skull","floor":22,"potions_obtained":[],"gold_loss":0,"cards_obtained":[]},{"damage_healed":0,"gold_gain":0,"player_choice":"Bet on Murderer","damage_taken":0,"max_hp_gain":0,"max_hp_loss":0,"event_name":"The Joust","floor":28,"gold_loss":50}],"is_beta":false,"boss_relics":[{"not_picked":["White Beast Statue","Philosopher\u0027s Stone"],"picked":"Busted Crown"}],"items_purged_floors":[],"is_endless":false,"potions_floor_spawned":[1,5,7,19,27,30,31],"killed_by":"Automaton","ascension_level":17}