{"gold_per_floor":[117,132,151,326,401,433,433,433,433,433,457,457],"floor_reached":12,"playtime":697,"items_purged":[],"score":78,"play_id":"028dda9b-7d94-4bfd-82b8-1359f8fcbe8e","local_time":"20190130214250","is_ascension_mode":false,"campfire_choices":[{"data":"Dagger Throw","floor":7,"key":"SMITH"},{"data":"Survivor","floor":10,"key":"SMITH"}],"neow_cost":"NONE","seed_source_timestamp":1509681246524460,"circlet_count":0,"master_deck":["Defend_G","Defend_G","Defend_G","Defend_G","Defend_G","Strike_G","Strike_G","Strike_G","Strike_G","Strike_G","Survivor+1","Neutralize","Panacea","Sucker Punch","Dagger Throw+1","Flying Knee","Doubt","Quick Slash","Injury","Outmaneuver"],"relics":["Ring of the Snake","Bottled Flame","Golden Idol","Shuriken"],"potions_floor_usage":[],"damage_taken":[{"damage":4,"enemies":"Cultist","floor":1,"turns":5},{"damage":0,"enemies":"2 Louse","floor":2,"turns":3},{"damage":0,"enemies":"Jaw Worm","floor":3,"turns":5},{"damage":16,"enemies":"3 Sentries","floor":6,"turns":10},{"damage":0,"enemies":"Looter","floor":11,"turns":3},{"damage":42,"enemies":"Gremlin Nob","floor":12,"turns":4}],"seed_played":"-4943549368703403465","potions_obtained":[],"is_trial":false,"path_per_floor":["M","M","M","?","?","E","R","?","T","R","M","E"],"character_chosen":"THE_SILENT","items_purchased":[],"campfire_rested":0,"item_purchase_floors":[],"current_hp_per_floor":[66,66,66,66,55,39,39,39,39,39,39,0],"gold":457,"neow_bonus":"RANDOM_COLORLESS","is_prod":false,"is_daily":false,"chose_seed":false,"campfire_upgraded":2,"win_rate":0,"timestamp":1548880970,"path_taken":["M","M","M","?","?","E","R","?","T","R","M","E"],"build_version":"2019-01-23","purchased_purges":0,"victory":false,"max_hp_per_floor":[70,70,70,70,70,70,70,70,70,70,70,70],"card_choices":[{"not_picked":["PiercingWail","Deflect"],"picked":"Sucker Punch","floor":1},{"not_picked":["Underhanded Strike","PiercingWail"],"picked":"Dagger Throw","floor":2},{"not_picked":["Quick Slash","Deflect"],"picked":"Flying Knee","floor":3},{"not_picked":["Deadly Poison","Dash"],"picked":"Quick Slash","floor":6},{"not_picked":["Blade Dance","Expertise"],"picked":"Outmaneuver","floor":11}],"player_experience":103128,"relics_obtained":[{"floor":6,"key":"Bottled Flame"},{"floor":9,"key":"Shuriken"}],"event_choices":[{"damage_healed":0,"gold_gain":175,"player_choice":"AGREE","damage_taken":0,"max_hp_gain":0,"max_hp_loss":0,"event_name":"Liars Game","floor":4,"gold_loss":0,"cards_obtained":["Doubt"]},{"damage_healed":0,"gold_gain":75,"player_choice":"Gather Gold","damage_taken":11,"max_hp_gain":0,"max_hp_loss":0,"event_name":"World of Goop","floor":5,"gold_loss":0},{"damage_healed":0,"gold_gain":0,"player_choice":"Take Wound","damage_taken":0,"relics_obtained":["Golden Idol"],"max_hp_gain":0,"max_hp_loss":0,"event_name":"Golden Idol","floor":8,"gold_loss":0,"cards_obtained":["Injury"]}],"is_beta":false,"boss_relics":[],"items_purged_floors":[],"is_endless":false,"potions_floor_spawned":[],"killed_by":"Gremlin Nob","ascension_level":0}