{"gold_per_floor":[119,83,98,117,134,162,178,178,201,217,232,232,257,276,276,380,380,398,398,413,425,425,450,467,467,467,86,103,103,28,39,39,39],"floor_reached":33,"playtime":3063,"items_purged":["Strike_B"],"score":283,"play_id":"22212c10-2668-43be-92c0-f649a0478b19","local_time":"20190302061640","is_ascension_mode":false,"campfire_choices":[{"data":"Go for the Eyes","floor":8,"key":"SMITH"},{"data":"Zap","floor":12,"key":"SMITH"},{"floor":15,"key":"REST"},{"data":"Defragment","floor":25,"key":"SMITH"},{"data":"Coolheaded","floor":29,"key":"SMITH"},{"floor":32,"key":"REST"}],"neow_cost":"NONE","seed_source_timestamp":150900811444852,"circlet_count":0,"master_deck":["Strike_B","Strike_B","Defend_B","Defend_B","Defend_B","Defend_B","Zap+1","Dualcast","Turbo+1","Loop","Rebound","Cold Snap","Go for the Eyes+1","Doom and Gloom","Coolheaded+1","Conserve Battery+1","Buffer","Conserve Battery","Amplify","Defragment+1","Leap","Reinforced Body","White Noise","Self Repair","Steam","Auto Shields"],"relics":["Cracked Core","NeowsBlessing","Regal Pillow","Happy Flower","Vajra","Cursed Key","War Paint","Bag of Preparation"],"potions_floor_usage":[10,20],"damage_taken":[{"damage":0,"enemies":"2 Louse","floor":1,"turns":1},{"damage":0,"enemies":"Cultist","floor":3,"turns":1},{"damage":0,"enemies":"Jaw Worm","floor":4,"turns":1},{"damage":11,"enemies":"Exordium Thugs","floor":5,"turns":5},{"damage":20,"enemies":"Lagavulin","floor":6,"turns":8},{"damage":8,"enemies":"2 Fungi Beasts","floor":7,"turns":3},{"damage":8,"enemies":"3 Louse","floor":10,"turns":2},{"damage":0,"enemies":"Lots of Slimes","floor":11,"turns":1},{"damage":20,"enemies":"3 Sentries","floor":13,"turns":5},{"damage":0,"enemies":"Large Slime","floor":14,"turns":4},{"damage":15,"enemies":"The Guardian","floor":16,"turns":10},{"damage":8,"enemies":"3 Byrds","floor":18,"turns":5},{"damage":25,"enemies":"2 Thieves","floor":20,"turns":4},{"damage":14,"enemies":"Snake Plant","floor":21,"turns":5},{"damage":15,"enemies":"Book of Stabbing","floor":23,"turns":7},{"damage":3,"enemies":"Shelled Parasite and Fungi","floor":24,"turns":8},{"damage":0,"enemies":"Centurion and Healer","floor":28,"turns":8},{"damage":9,"enemies":"3 Cultists","floor":31,"turns":6},{"damage":78,"enemies":"Automaton","floor":33,"turns":12}],"seed_played":"6890874740700925674","potions_obtained":[{"floor":1,"key":"Energy Potion"},{"floor":3,"key":"Strength Potion"},{"floor":7,"key":"Weak Potion"},{"floor":10,"key":"FocusPotion"},{"floor":18,"key":"AttackPotion"},{"floor":23,"key":"Swift Potion"},{"floor":28,"key":"GamblersBrew"},{"floor":31,"key":"LiquidBronze"}],"is_trial":false,"path_per_floor":["M","$","M","M","M","E","M","R","T","M","M","R","E","M","R","B",null,"M","?","M","M","T","E","M","R","T","$","M","R","?","M","R","B"],"character_chosen":"DEFECT","items_purchased":["Loop","White Noise","Self Repair","Steam","Bag of Preparation"],"campfire_rested":2,"item_purchase_floors":[2,27,27,27,27],"current_hp_per_floor":[75,75,75,75,64,44,36,36,36,28,28,28,8,8,45,30,75,67,75,50,36,36,21,18,18,18,18,25,25,25,23,60,0],"gold":39,"neow_bonus":"THREE_ENEMY_KILL","is_prod":false,"is_daily":false,"chose_seed":false,"campfire_upgraded":4,"win_rate":0,"timestamp":1551500200,"path_taken":["M","$","M","M","M","E","M","R","T","M","M","R","E","M","R","BOSS","M","?","?","M","?","E","M","R","T","$","M","R","?","M","R","BOSS"],"build_version":"2019-01-23","purchased_purges":1,"victory":false,"max_hp_per_floor":[75,75,75,75,75,75,75,75,75,75,75,75,75,75,75,75,75,75,75,75,75,75,75,75,75,75,75,75,75,75,75,75,75],"card_choices":[{"not_picked":["Heatsinks","Redo"],"picked":"Turbo","floor":1},{"not_picked":["Reprogram","Hologram"],"picked":"Rebound","floor":3},{"not_picked":["Defragment","Compile Driver"],"picked":"Cold Snap","floor":4},{"not_picked":["Stack","Conserve Battery"],"picked":"Go for the Eyes","floor":5},{"not_picked":["Stack","Skim"],"picked":"Doom and Gloom","floor":6},{"not_picked":["Turbo","Undo"],"picked":"Coolheaded","floor":7},{"not_picked":["Redo","Heatsinks","Sweeping Beam"],"picked":"SKIP","floor":10},{"not_picked":["Chill","Melter"],"picked":"Conserve Battery","floor":11},{"not_picked":["Streamline","Machine Learning"],"picked":"Buffer","floor":13},{"not_picked":["Loop","Skim"],"picked":"Conserve Battery","floor":14},{"not_picked":["Thunder Strike","Machine Learning"],"picked":"Amplify","floor":16},{"not_picked":["Cold Snap","Streamline"],"picked":"Defragment","floor":18},{"not_picked":["Hello World","Redo+1"],"picked":"Leap","floor":20},{"not_picked":["Tempest","Stack","Leap"],"picked":"SKIP","floor":21},{"not_picked":["Rebound","Amplify"],"picked":"Reinforced Body","floor":23},{"not_picked":["Gash+1","Conserve Battery","Stack"],"picked":"SKIP","floor":24},{"not_picked":["Ball Lightning+1","Sweeping Beam+1","Cold Snap+1"],"picked":"SKIP","floor":28},{"not_picked":["Barrage+1","Turbo"],"picked":"Auto Shields","floor":31}],"player_experience":569343,"relics_obtained":[{"floor":6,"key":"Regal Pillow"},{"floor":9,"key":"Happy Flower"},{"floor":13,"key":"Vajra"},{"floor":23,"key":"War Paint"}],"event_choices":[{"damage_healed":8,"gold_gain":0,"player_choice":"Full Heal","damage_taken":0,"max_hp_gain":0,"max_hp_loss":0,"event_name":"Wheel of Change","floor":19,"gold_loss":0},{"cards_removed":["Strike_B"],"damage_healed":0,"gold_gain":0,"player_choice":"Gave Gold","damage_taken":0,"max_hp_gain":0,"max_hp_loss":0,"event_name":"Beggar","floor":30,"gold_loss":75}],"is_beta":false,"boss_relics":[{"not_picked":["Astrolabe","Orrery"],"picked":"Cursed Key"}],"items_purged_floors":[27],"is_endless":false,"potions_floor_spawned":[1,3,7,10,11,13,18,23,28,31],"killed_by":"Automaton","ascension_level":0}