{"gold_per_floor":[113,1,101,111,122,150,150,180,480,480,495,520,533,533,533,628,628,645,655,674,674,684,684,712,723,777,777,777,789,789],"floor_reached":30,"playtime":2815,"items_purged":["Parasite"],"score":342,"play_id":"c2424adc-430a-4899-8e09-506faf94924c","local_time":"20180806173502","is_ascension_mode":true,"campfire_choices":[{"data":"Bullet Time","floor":10,"key":"SMITH"},{"data":"Dash","floor":15,"key":"SMITH"},{"floor":23,"key":"REST"},{"floor":27,"key":"REST"}],"neow_cost":"CURSE","seed_source_timestamp":177435957716735,"circlet_count":0,"master_deck":["Defend_G+1","Defend_G+1","Defend_G+1","Defend_G+1","Defend_G+1","Strike_G+1","Strike_G+1","Strike_G+1","Strike_G+1","Survivor","Neutralize","Bullet Time+1","Predator","Dash+1","Masterful Stab","Footwork+1","Dagger Throw","Escape Plan","Tools of the Trade","Writhe","Writhe","Regret","Prepared","Tactician","Underhanded Strike","Setup","Reflex+1"],"relics":["Ring of the Snake","Blue Candle","Turnip","Old Coin","Ancient Tea Set","Calling Bell","Bag of Preparation","Mercury Hourglass","Tingsha","Orichalcum","Art of War","Oddly Smooth Stone"],"potions_floor_usage":[6,8,12,16,20,25,30],"damage_taken":[{"damage":0,"enemies":"2 Louse","floor":1,"turns":3},{"damage":0,"enemies":"Cultist","floor":4,"turns":2},{"damage":0,"enemies":"Small Slimes","floor":5,"turns":3},{"damage":6,"enemies":"Gremlin Nob","floor":6,"turns":5},{"damage":10,"enemies":"Lagavulin","floor":8,"turns":5},{"damage":6,"enemies":"Exordium Thugs","floor":11,"turns":4},{"damage":0,"enemies":"3 Sentries","floor":12,"turns":6},{"damage":0,"enemies":"Large Slime","floor":13,"turns":3},{"damage":29,"enemies":"Hexaghost","floor":16,"turns":13},{"damage":11,"enemies":"Shell Parasite","floor":18,"turns":6},{"damage":14,"enemies":"Chosen","floor":19,"turns":4},{"damage":6,"enemies":"Sentry and Sphere","floor":20,"turns":5},{"damage":8,"enemies":"Snecko","floor":22,"turns":3},{"damage":16,"enemies":"Gremlin Leader","floor":24,"turns":8},{"damage":12,"enemies":"Chosen and Byrds","floor":25,"turns":8},{"damage":19,"enemies":"Centurion and Healer","floor":29,"turns":7},{"damage":27,"enemies":"Book of Stabbing","floor":30,"turns":4}],"seed_played":"-4275084581804274077","potions_obtained":[{"floor":4,"key":"Swift Potion"},{"floor":5,"key":"Block Potion"},{"floor":11,"key":"AttackPotion"},{"floor":13,"key":"Explosive Potion"},{"floor":18,"key":"PowerPotion"},{"floor":19,"key":"Ancient Potion"},{"floor":20,"key":"Block Potion"}],"is_trial":false,"path_per_floor":["M","$","?","M","M","E","?","E","T","R","M","E","M","?","R","B",null,"M","M","M","?","M","R","E","M","T","R","?","M"],"character_chosen":"THE_SILENT","items_purchased":["Dash"],"campfire_rested":2,"item_purchase_floors":[2],"current_hp_per_floor":[70,67,67,67,67,61,61,51,51,51,45,45,45,45,45,16,67,56,42,36,36,28,48,32,20,20,40,40,21,0],"gold":789,"neow_bonus":"THREE_RARE_CARDS","is_prod":false,"is_daily":false,"chose_seed":false,"campfire_upgraded":2,"win_rate":0,"timestamp":1533566102,"path_taken":["M","$","?","M","?","E","?","E","T","R","M","E","M","?","R","BOSS","M","M","M","?","M","R","E","M","T","R","?","M","E"],"build_version":"2018-08-02","purchased_purges":1,"victory":false,"max_hp_per_floor":[70,67,67,67,67,67,67,67,67,67,67,67,67,67,67,67,67,67,67,67,67,67,67,67,67,67,67,67,67,67],"card_choices":[{"not_picked":["Storm of Steel","Malaise"],"picked":"Bullet Time","floor":0},{"not_picked":["Poisoned Stab","Flying Knee"],"picked":"Predator","floor":1},{"not_picked":["Accuracy","Caltrops"],"picked":"Masterful Stab","floor":4},{"not_picked":["PiercingWail","Underhanded Strike"],"picked":"Footwork","floor":5},{"not_picked":["Footwork","Expertise","Underhanded Strike"],"picked":"SKIP","floor":6},{"not_picked":["Malaise","Underhanded Strike"],"picked":"Escape Plan","floor":8},{"not_picked":["Footwork","Quick Slash"],"picked":"Riddle With Holes","floor":11},{"not_picked":["Deflect","Dodge and Roll","Underhanded Strike"],"picked":"SKIP","floor":12},{"not_picked":["Underhanded Strike","Bane","Endless Agony"],"picked":"SKIP","floor":13},{"not_picked":["Grand Finale","Unload"],"picked":"Tools of the Trade","floor":16},{"not_picked":["Dagger Throw","Acrobatics","Outmaneuver"],"picked":"SKIP","floor":18},{"not_picked":["Quick Slash","Caltrops"],"picked":"Prepared","floor":19},{"not_picked":["Finisher+1","Flying Knee"],"picked":"Tactician","floor":20},{"not_picked":["Infinite Blades","Deadly Poison"],"picked":"Underhanded Strike","floor":22},{"not_picked":["Endless Agony","Bane"],"picked":"Setup","floor":24},{"not_picked":["Noxious Fumes","Sucker Punch"],"picked":"Reflex+1","floor":25},{"not_picked":["Deadly Poison","Underhanded Strike","Bouncing Flask"],"picked":"SKIP","floor":29}],"player_experience":205661,"relics_obtained":[{"floor":6,"key":"Blue Candle"},{"floor":8,"key":"Turnip"},{"floor":9,"key":"Old Coin"},{"floor":12,"key":"Ancient Tea Set"},{"floor":17,"key":"Bag of Preparation"},{"floor":17,"key":"Mercury Hourglass"},{"floor":17,"key":"Tingsha"},{"floor":24,"key":"Orichalcum"},{"floor":26,"key":"Art of War"}],"event_choices":[{"event_name":"Golden Shrine","player_choice":"Pray","floor":3,"damage_taken":0},{"event_name":"Living Wall","player_choice":"Change","floor":7,"damage_taken":0},{"event_name":"Upgrade Shrine","player_choice":"Upgraded","floor":14,"damage_taken":0},{"event_name":"Back to Basics","player_choice":"Simplicity","floor":21,"damage_taken":0},{"event_name":"WeMeetAgain","player_choice":"Card","floor":28,"damage_taken":0}],"is_beta":false,"boss_relics":[{"not_picked":["Tiny House","HoveringKite"],"picked":"Calling Bell"}],"items_purged_floors":[2],"is_endless":false,"potions_floor_spawned":[4,5,11,13,18,19,20],"killed_by":"Book of Stabbing","ascension_level":3}