{"gold_per_floor":[117,129,29,44,58,58,72,134,215,241,241,60,60,86,98,208,220,220,15,0,0,0,0,0,0],"floor_reached":25,"playtime":1384,"items_purged":["Strike_B","Strike_B"],"score":253,"play_id":"0ba51c35-dc71-4cdb-8591-3ecf9bce504e","local_time":"20180916220255","is_ascension_mode":true,"campfire_choices":[{"data":"Dualcast","floor":6,"key":"SMITH"},{"data":"Fusion","floor":11,"key":"SMITH"},{"data":"Lockon","floor":13,"key":"SMITH"},{"floor":15,"key":"REST"}],"neow_cost":"NONE","seed_source_timestamp":603346991945076,"circlet_count":0,"master_deck":["Strike_B","Strike_B","Defend_B","Defend_B","Defend_B","Defend_B","Zap","Dualcast+1","Gash","Fusion+1","Sweeping Beam","Leap","White Noise","Cold Snap","Hologram","Lockon+1","Self Repair","Gash","Defragment+1","Rebound+1","Consume+1","Loop+1"],"relics":["Cracked Core","Tiny Chest","Bottled Lightning","Thread and Needle","MawBank","Ectoplasm","Frozen Eye","Ornamental Fan","Boot"],"potions_floor_usage":[5,5,8,16,20,21],"damage_taken":[{"damage":0,"enemies":"Cultist","floor":1,"turns":3},{"damage":0,"enemies":"2 Louse","floor":2,"turns":2},{"damage":0,"enemies":"Small Slimes","floor":4,"turns":3},{"damage":7,"enemies":"Exordium Thugs","floor":5,"turns":4},{"damage":4,"enemies":"2 Fungi Beasts","floor":7,"turns":3},{"damage":13,"enemies":"Gremlin Nob","floor":8,"turns":4},{"damage":22,"enemies":"3 Sentries","floor":10,"turns":7},{"damage":17,"enemies":"Gremlin Nob","floor":14,"turns":5},{"damage":36,"enemies":"Hexaghost","floor":16,"turns":11},{"damage":9,"enemies":"Spheric Guardian","floor":18,"turns":4},{"damage":14,"enemies":"2 Thieves","floor":20,"turns":4},{"damage":4,"enemies":"Snecko","floor":21,"turns":6},{"damage":16,"enemies":"Book of Stabbing","floor":23,"turns":4},{"damage":69,"enemies":"Slavers","floor":25,"turns":3}],"seed_played":"-1311144005828434674","potions_obtained":[{"floor":0,"key":"FairyPotion"},{"floor":0,"key":"EssenceOfSteel"},{"floor":0,"key":"Poison Potion"},{"floor":7,"key":"AttackPotion"},{"floor":14,"key":"Poison Potion"},{"floor":16,"key":"Fire Potion"},{"floor":18,"key":"GamblersBrew"},{"floor":23,"key":"FearPotion"}],"is_trial":false,"path_per_floor":["M","M","$","M","M","R","M","E","T","E","R","$","R","E","R","B",null,"M","$","M","M","?","E","$"],"character_chosen":"DEFECT","items_purchased":["Sweeping Beam","Self Repair","Frozen Eye"],"campfire_rested":1,"item_purchase_floors":[3,12,19],"current_hp_per_floor":[75,75,75,75,68,68,64,51,51,36,36,36,36,26,48,19,75,73,73,66,69,69,60,60,0],"gold":0,"neow_bonus":"THREE_SMALL_POTIONS","is_prod":false,"is_daily":false,"chose_seed":false,"campfire_upgraded":3,"win_rate":1,"timestamp":1537149775,"path_taken":["M","M","$","M","M","R","M","E","T","E","R","$","R","E","R","BOSS","M","$","?","M","?","E","$","E"],"build_version":"2018-09-06","purchased_purges":2,"victory":false,"max_hp_per_floor":[75,75,75,75,75,75,75,75,75,75,75,75,75,75,75,75,75,75,75,75,75,75,75,75,75],"card_choices":[{"not_picked":["Rip and Tear","Storm"],"picked":"Gash","floor":1},{"not_picked":["Steam Power","Redo"],"picked":"Fusion","floor":2},{"not_picked":["Steam Power","Conserve Battery"],"picked":"Leap","floor":4},{"not_picked":["Coolheaded","Steam"],"picked":"White Noise","floor":5},{"not_picked":["Beam Cell","Fusion"],"picked":"Cold Snap","floor":7},{"not_picked":["Sweeping Beam","Lockon"],"picked":"Hologram","floor":8},{"not_picked":["Loop","Coolheaded"],"picked":"Lockon","floor":10},{"not_picked":["Reprogram","Go for the Eyes"],"picked":"Gash","floor":14},{"not_picked":["Biased Cognition","Reboot"],"picked":"Seek","floor":16},{"not_picked":["Sweeping Beam+1","Ball Lightning+1"],"picked":"Defragment+1","floor":18},{"not_picked":["Darkness","Cold Snap+1"],"picked":"Rebound+1","floor":20},{"not_picked":["Barrage","Capacitor"],"picked":"Consume+1","floor":21},{"not_picked":["Conserve Battery","Glacier"],"picked":"Loop+1","floor":23}],"player_experience":552424,"relics_obtained":[{"floor":8,"key":"Tiny Chest"},{"floor":9,"key":"Bottled Lightning"},{"floor":10,"key":"Thread and Needle"},{"floor":14,"key":"MawBank"},{"floor":23,"key":"Boot"}],"event_choices":[{"event_name":"WeMeetAgain","player_choice":"Card","floor":22,"damage_taken":0}],"is_beta":false,"boss_relics":[{"not_picked":["Runic Pyramid","Astrolabe"],"picked":"Ectoplasm"}],"items_purged_floors":[3,12],"is_endless":false,"potions_floor_spawned":[7,14,16,18,23],"killed_by":"Slavers","ascension_level":1}