{"gold_per_floor":[139,190,35,88,13,13,13,45,45,45,45,92,92,108,108,211,211,225,225,35,35,0,32,32,48,126,126,151,151,151,163,163,263,263,282,282,336,352,352,352,372,372,672,691,710,727,743,772,772,772],"floor_reached":51,"playtime":1920,"items_purged":["Strike_R","Injury"],"score":907,"play_id":"db4d7dde-5ef4-4810-95d4-6ff2f5732ce9","local_time":"20180803030445","is_ascension_mode":true,"campfire_choices":[{"data":"Searing Blow","floor":6,"key":"SMITH"},{"data":"Searing Blow+1","floor":10,"key":"SMITH"},{"data":"Searing Blow+3","floor":13,"key":"SMITH"},{"data":"Searing Blow+4","floor":15,"key":"SMITH"},{"data":"Searing Blow+5","floor":24,"key":"SMITH"},{"data":"Searing Blow+6","floor":27,"key":"SMITH"},{"data":"Searing Blow+7","floor":29,"key":"SMITH"},{"data":"Searing Blow+8","floor":32,"key":"SMITH"},{"data":"Searing Blow+10","floor":40,"key":"SMITH"},{"data":"Searing Blow+11","floor":42,"key":"SMITH"},{"data":"Searing Blow+12","floor":49,"key":"SMITH"}],"neow_cost":"NONE","seed_source_timestamp":303214860709454,"circlet_count":0,"master_deck":["Strike_R+1","Strike_R+1","Strike_R+1","Defend_R+1","Defend_R+1","Defend_R+1","Defend_R+1","Bash+1","Searing Blow+13","Cleave+1","Demon Form+1","Pommel Strike+1","Bandage Up+1","Writhe","Double Tap+1","Madness","Madness"],"relics":["Burning Blood","Tiny Chest","Oddly Smooth Stone","Bag of Marbles","Orichalcum","Red Skull","Bag of Preparation","Pen Nib","Coffee Dripper","Shuriken","Pear","Dead Branch","Blood Vial","Busted Crown","Mark of the Bloom","Bird Faced Urn","Old Coin","Gremlin Horn"],"potions_floor_usage":[45,48,50],"damage_taken":[{"damage":6,"enemies":"Cultist","floor":1,"turns":4},{"damage":14,"enemies":"3 Sentries","floor":8,"turns":10},{"damage":0,"enemies":"Jaw Worm","floor":14,"turns":1},{"damage":12,"enemies":"Slime Boss","floor":16,"turns":8},{"damage":5,"enemies":"2 Thieves","floor":18,"turns":3},{"damage":27,"enemies":"Book of Stabbing","floor":23,"turns":4},{"damage":6,"enemies":"Chosen","floor":25,"turns":3},{"damage":26,"enemies":"Gremlin Leader","floor":28,"turns":3},{"damage":6,"enemies":"3 Cultists","floor":31,"turns":4},{"damage":19,"enemies":"Champ","floor":33,"turns":6},{"damage":3,"enemies":"3 Shapes","floor":35,"turns":3},{"damage":10,"floor":37,"turns":3},{"damage":2,"enemies":"Orb Walker","floor":38,"turns":2},{"damage":0,"enemies":"Spire Growth","floor":41,"turns":3},{"damage":0,"enemies":"Maw","floor":44,"turns":3},{"damage":23,"enemies":"3 Darklings","floor":45,"turns":6},{"damage":0,"enemies":"4 Shapes","floor":46,"turns":3},{"damage":0,"enemies":"Spire Growth","floor":47,"turns":1},{"damage":12,"enemies":"Nemesis","floor":48,"turns":3},{"damage":0,"enemies":"Time Eater","floor":50,"turns":2}],"seed_played":"-8848549722965197198","potions_obtained":[{"floor":1,"key":"Energy Potion"},{"floor":14,"key":"SpeedPotion"},{"floor":23,"key":"Strength Potion"},{"floor":44,"key":"GamblersBrew"},{"floor":47,"key":"Weak Potion"}],"is_trial":false,"path_per_floor":["M","T","$","T","$","R","$","E","T","R","?","T","R","M","R","B",null,"M","?","$","?","?","E","R","M","T","R","E","R","?","M","R","B",null,"M","?","?","M","?","R","M","R","T","M","M","M","M","E","R","B"],"character_chosen":"IRONCLAD","items_purchased":["Bag of Marbles","Bandage Up"],"campfire_rested":0,"item_purchase_floors":[3,20],"current_hp_per_floor":[80,80,80,80,80,80,80,72,72,72,72,72,72,78,78,72,80,80,80,80,80,80,63,63,67,77,77,61,61,61,67,67,60,90,90,90,80,78,67,67,67,67,67,67,44,44,44,32,32,32],"gold":772,"neow_bonus":"RANDOM_COMMON_RELIC","is_prod":false,"is_daily":false,"chose_seed":false,"campfire_upgraded":11,"win_rate":0,"timestamp":1533254685,"path_taken":["M","?","$","?","?","R","$","E","T","R","?","?","R","?","R","BOSS","M","?","$","?","?","E","R","?","T","R","E","R","?","M","R","BOSS","M","?","?","M","?","R","?","R","T","M","M","M","M","E","R","BOSS"],"build_version":"2018-07-26","purchased_purges":2,"victory":true,"max_hp_per_floor":[80,80,80,80,80,80,80,80,80,80,80,80,80,80,80,80,80,80,80,80,80,80,80,80,80,90,90,90,90,90,90,90,90,90,90,90,90,90,90,90,90,90,90,90,90,90,90,90,90,90],"card_choices":[{"not_picked":["Entrench","Flex"],"picked":"Searing Blow","floor":1},{"not_picked":["Iron Wave","Feel No Pain","Body Slam"],"picked":"SKIP","floor":8},{"not_picked":["Iron Wave","Anger"],"picked":"Cleave","floor":14},{"not_picked":["Immolate","Juggernaut"],"picked":"Demon Form","floor":16},{"not_picked":["Cleave+1","Wild Strike"],"picked":"Pommel Strike+1","floor":18},{"not_picked":["Sever Soul","Warcry","True Grit"],"picked":"SKIP","floor":23},{"not_picked":["Iron Wave","Heavy Blade+1","True Grit+1"],"picked":"SKIP","floor":25},{"not_picked":["Inflame","Sentinel+1","Headbutt"],"picked":"SKIP","floor":28},{"not_picked":["Battle Trance+1","Clash","Iron Wave"],"picked":"SKIP","floor":31},{"not_picked":["Limit Break","Dark Embrace"],"picked":"Double Tap","floor":33},{"not_picked":["Cleave"],"picked":"SKIP","floor":35},{"not_picked":["Wild Strike+1"],"picked":"SKIP","floor":38},{"not_picked":["Iron Wave"],"picked":"SKIP","floor":41},{"not_picked":["Sever Soul+1"],"picked":"SKIP","floor":44},{"not_picked":["Clothesline"],"picked":"SKIP","floor":45},{"not_picked":["Twin Strike+1"],"picked":"SKIP","floor":46},{"not_picked":["Armaments+1"],"picked":"SKIP","floor":47},{"not_picked":["Second Wind"],"picked":"SKIP","floor":48}],"player_experience":162919,"relics_obtained":[{"floor":2,"key":"Oddly Smooth Stone"},{"floor":4,"key":"Orichalcum"},{"floor":8,"key":"Red Skull"},{"floor":9,"key":"Bag of Preparation"},{"floor":12,"key":"Pen Nib"},{"floor":23,"key":"Shuriken"},{"floor":26,"key":"Pear"},{"floor":28,"key":"Dead Branch"},{"floor":37,"key":"Bird Faced Urn"},{"floor":43,"key":"Old Coin"},{"floor":48,"key":"Gremlin Horn"}],"event_choices":[{"event_name":"Accursed Blacksmith","player_choice":"Forge","floor":11,"damage_taken":0},{"event_name":"Drug Dealer","player_choice":"Ignored","floor":19,"damage_taken":0},{"event_name":"Purifier","player_choice":"One Purge","floor":21,"damage_taken":0},{"event_name":"Masked Bandits","player_choice":"Paid Bandits 35 gold","floor":22,"damage_taken":0},{"event_name":"The Mausoleum","player_choice":"Yes","floor":30,"damage_taken":0},{"event_name":"MindBloom","player_choice":"Upgrade","floor":36,"damage_taken":0},{"event_name":"Mysterious Sphere","player_choice":"Fight","floor":37,"damage_taken":0},{"event_name":"Winding Halls","player_choice":"Embrace Madness","floor":39,"damage_taken":0}],"is_beta":false,"boss_relics":[{"not_picked":["Philosopher\u0027s Stone","Black Star"],"picked":"Coffee Dripper"},{"not_picked":["Orrery","White Beast Statue"],"picked":"Busted Crown"}],"items_purged_floors":[5,20],"is_endless":false,"potions_floor_spawned":[1,14,23,31,33,37,38,41,44,47],"ascension_level":2}