{"gold_per_floor":[117,137,212,212,226,226,240,240,240,254,254,254,288,299,299,403,403,423,42,62,77,97,97,115,214,263,263,263,276,287,200,200,300,350,369,388,64,84,84,94,94],"floor_reached":41,"playtime":5404,"items_purged":["Strike_B","Strike_B"],"score":424,"play_id":"e7f87b8c-0d37-4f40-b780-697305d196b4","local_time":"20180921234201","is_ascension_mode":false,"campfire_choices":[{"data":"Zap","floor":6,"key":"SMITH"},{"data":"Dualcast","floor":8,"key":"SMITH"},{"data":"Static Discharge","floor":15,"key":"SMITH"},{"data":"Aggregate","floor":23,"key":"SMITH"},{"floor":27,"key":"REST"},{"floor":32,"key":"REST"}],"neow_cost":"","seed_source_timestamp":110700281171538,"circlet_count":0,"master_deck":["Strike_B","Strike_B+1","Defend_B","Defend_B+1","Defend_B","Defend_B","Zap+1","Dualcast+1","Leap","Cold Snap+1","Conserve Battery+1","Static Discharge+1","Redo","Ball Lightning","Thunder Strike","Consume","Loop+1","Cold Snap","Apotheosis","Sweeping Beam","Aggregate+1","Force Field","Barrage","Seek","Loop+1","Stack","Machine Learning+1","Leap","Force Field","Force Field+1"],"relics":["Cracked Core","Mercury Hourglass","Frozen Egg 2","White Beast Statue","Bag of Preparation","Tiny House"],"potions_floor_usage":[20,22,24,24,35,36,36,40,41,41],"damage_taken":[{"damage":0,"enemies":"Small Slimes","floor":1,"turns":2},{"damage":1,"enemies":"Cultist","floor":2,"turns":3},{"damage":2,"enemies":"Jaw Worm","floor":5,"turns":3},{"damage":1,"enemies":"Blue Slaver","floor":7,"turns":4},{"damage":0,"enemies":"2 Fungi Beasts","floor":10,"turns":3},{"damage":7,"enemies":"3 Sentries","floor":13,"turns":5},{"damage":0,"enemies":"3 Louse","floor":14,"turns":2},{"damage":13,"enemies":"Slime Boss","floor":16,"turns":8},{"damage":9,"enemies":"Chosen","floor":18,"turns":4},{"damage":20,"enemies":"2 Thieves","floor":20,"turns":2},{"damage":21,"enemies":"Snecko","floor":21,"turns":6},{"damage":2,"enemies":"Cultist and Chosen","floor":22,"turns":5},{"damage":7,"enemies":"Shelled Parasite and Fungi","floor":24,"turns":2},{"damage":17,"enemies":"3 Cultists","floor":29,"turns":5},{"damage":16,"enemies":"Snake Plant","floor":30,"turns":3},{"damage":31,"enemies":"Champ","floor":33,"turns":15},{"damage":16,"enemies":"3 Darklings","floor":35,"turns":5},{"damage":9,"enemies":"3 Shapes","floor":36,"turns":5},{"damage":25,"enemies":"3 Darklings","floor":38,"turns":7},{"damage":43,"enemies":"Maw","floor":40,"turns":6},{"damage":20,"enemies":"Sphere and 2 Shapes","floor":41,"turns":3}],"seed_played":"-1085283028291964667","potions_obtained":[{"floor":1,"key":"EssenceOfSteel"},{"floor":2,"key":"SpeedPotion"},{"floor":7,"key":"LiquidBronze"},{"floor":20,"key":"GamblersBrew"},{"floor":22,"key":"Fruit Juice"},{"floor":24,"key":"SkillPotion"},{"floor":29,"key":"Poison Potion"},{"floor":33,"key":"FocusPotion"},{"floor":35,"key":"Regen Potion"},{"floor":36,"key":"Dexterity Potion"},{"floor":38,"key":"Dexterity Potion"},{"floor":40,"key":"Dexterity Potion"}],"is_trial":false,"path_per_floor":["M","M","?","?","M","R","M","R","T","M","?","?","E","M","R","B",null,"M","$","M","M","M","R","M","?","T","R","?","M","M","$","R","B",null,"M","M","$","M","?","M"],"character_chosen":"DEFECT","items_purchased":["Loop+1","Cold Snap","Apotheosis","Loop+1","Stack","Force Field","Thunder Strike"],"campfire_rested":2,"item_purchase_floors":[19,19,19,31,31,37,37],"current_hp_per_floor":[75,74,63,63,61,61,60,60,60,60,65,49,42,42,42,29,80,71,71,51,30,28,28,26,26,26,51,51,34,18,18,43,12,90,74,79,79,54,54,11,0],"gold":94,"neow_bonus":"","is_prod":false,"is_daily":false,"chose_seed":false,"campfire_upgraded":4,"win_rate":0.0,"timestamp":1537562521,"path_taken":["M","M","?","?","M","R","M","R","T","M","?","?","E","M","R","BOSS","M","$","M","M","M","R","M","?","T","R","?","M","?","?","R","BOSS","M","M","$","M","?","M","M"],"build_version":"2018-09-20","purchased_purges":2,"victory":false,"max_hp_per_floor":[75,75,75,75,75,75,75,75,75,75,80,80,80,80,80,80,80,80,80,80,80,80,80,85,85,85,85,85,85,85,85,85,85,90,90,90,90,90,90,90,90],"card_choices":[{"not_picked":["Darkness","Gash"],"picked":"Leap","floor":1},{"not_picked":["Hologram","Steam"],"picked":"Cold Snap","floor":2},{"not_picked":["Steam","Darkness","Beam Cell"],"picked":"SKIP","floor":5},{"not_picked":["Leap","Compile Driver"],"picked":"Conserve Battery","floor":7},{"not_picked":["Coolheaded","Scrape"],"picked":"Static Discharge","floor":10},{"not_picked":["Beam Cell","Steam"],"picked":"Redo","floor":13},{"not_picked":["Go for the Eyes","Rip and Tear"],"picked":"Ball Lightning","floor":14},{"not_picked":["Biased Cognition+1","All For One"],"picked":"Thunder Strike","floor":16},{"not_picked":["Leap","BootSequence"],"picked":"Consume","floor":18},{"not_picked":["Go for the Eyes","Conserve Battery"],"picked":"Sweeping Beam","floor":20},{"not_picked":["Cold Snap","Leap+1","Coolheaded+1"],"picked":"SKIP","floor":21},{"not_picked":["FTL","Sweeping Beam"],"picked":"Aggregate","floor":22},{"not_picked":["Sweeping Beam","Redo"],"picked":"Force Field","floor":24},{"not_picked":["BootSequence","Compile Driver"],"picked":"Barrage","floor":29},{"not_picked":["Barrage","Force Field+1"],"picked":"Seek","floor":30},{"not_picked":["All For One","Rainbow"],"picked":"Machine Learning+1","floor":33},{"not_picked":["Scrape","Genetic Algorithm","Cold Snap"],"picked":"SKIP","floor":35},{"not_picked":["Chill+1","Compile Driver+1"],"picked":"Leap","floor":36},{"not_picked":["Scrape+1","Steam+1","Doom and Gloom+1"],"picked":"SKIP","floor":38},{"not_picked":["Conserve Battery+1","Sweeping Beam+1"],"picked":"Force Field+1","floor":40}],"player_experience":7557,"relics_obtained":[{"floor":9,"key":"Mercury Hourglass"},{"floor":13,"key":"Frozen Egg 2"},{"floor":26,"key":"Bag of Preparation"}],"event_choices":[{"event_name":"World of Goop","player_choice":"Gather Gold","floor":3,"damage_taken":0},{"event_name":"Living Wall","player_choice":"Grow","floor":4,"damage_taken":0},{"event_name":"Big Fish","player_choice":"Donut","floor":11,"damage_taken":0},{"event_name":"Shining Light","player_choice":"Entered Light","floor":12,"damage_taken":0},{"event_name":"Nest","player_choice":"Stole From Cult","floor":25,"damage_taken":0},{"event_name":"Vampires","player_choice":"Ignored","floor":28,"damage_taken":0},{"event_name":"Falling","player_choice":"Removed Attack","floor":39,"damage_taken":0}],"is_beta":false,"boss_relics":[{"not_picked":["Philosopher\u0027s Stone","Lizard Tail"],"picked":"White Beast Statue"},{"not_picked":["Snecko Eye","Astrolabe"],"picked":"Tiny House"}],"items_purged_floors":[19,37],"is_endless":false,"potions_floor_spawned":[1,2,7,18,20,21,22,24,29,30,33,35,36,38,40],"killed_by":"Sphere and 2 Shapes","ascension_level":0}