{"gold_per_floor":[109,34,34,51,71,71,100,119,144,177,177,252,252,75,75,75],"floor_reached":16,"playtime":844,"items_purged":["Strike_R"],"score":184,"play_id":"ea488c97-3c75-4ded-93e6-a270a9542877","local_time":"20190124230504","is_ascension_mode":true,"campfire_choices":[{"data":"Bash","floor":6,"key":"SMITH"},{"data":"Armaments","floor":11,"key":"SMITH"},{"data":"Inflame","floor":13,"key":"SMITH"},{"floor":15,"key":"REST"}],"neow_cost":"NONE","seed_source_timestamp":277858449883388,"circlet_count":0,"master_deck":["AscendersBane","Strike_R","Strike_R","Strike_R","Defend_R","Defend_R","Defend_R","Defend_R","Bash+1","Headbutt","Iron Wave","Corruption","Armaments+1","Havoc","Inflame+1","Flame Barrier","Feed"],"relics":["Burning Blood","Oddly Smooth Stone","Anchor","Vajra","Omamori"],"potions_floor_usage":[7,7,16],"damage_taken":[{"damage":6,"enemies":"Small Slimes","floor":1,"turns":4},{"damage":0,"enemies":"Jaw Worm","floor":4,"turns":4},{"damage":4,"enemies":"Cultist","floor":5,"turns":4},{"damage":22,"enemies":"Lagavulin","floor":7,"turns":7},{"damage":1,"enemies":"Exordium Wildlife","floor":8,"turns":6},{"damage":24,"enemies":"3 Sentries","floor":10,"turns":10},{"damage":62,"enemies":"Slime Boss","floor":16,"turns":8}],"seed_played":"-1616881573291327970","potions_obtained":[{"floor":1,"key":"Block Potion"},{"floor":4,"key":"Block Potion"},{"floor":10,"key":"Explosive Potion"}],"is_trial":false,"path_per_floor":["M","$","?","M","M","R","E","M","T","E","R","?","R","$","R","B"],"character_chosen":"IRONCLAD","items_purchased":["Flame Barrier","Feed"],"campfire_rested":1,"item_purchase_floors":[14,14],"current_hp_per_floor":[68,68,68,74,75,75,59,64,64,46,46,35,35,35,57,0],"gold":75,"neow_bonus":"RANDOM_COMMON_RELIC","is_prod":false,"is_daily":false,"chose_seed":false,"campfire_upgraded":3,"win_rate":0,"timestamp":1548392704,"path_taken":["M","$","?","M","M","R","E","M","T","E","R","?","R","?","R","BOSS"],"build_version":"2019-01-23","purchased_purges":1,"victory":false,"max_hp_per_floor":[75,75,75,75,75,75,75,75,75,75,75,75,75,75,75,75],"card_choices":[{"not_picked":["Burning Pact","Anger"],"picked":"Headbutt","floor":1},{"not_picked":["Pommel Strike","True Grit"],"picked":"Corruption","floor":4},{"not_picked":["Warcry","Carnage"],"picked":"Armaments","floor":5},{"not_picked":["Fire Breathing","Wild Strike","Clash"],"picked":"SKIP","floor":7},{"not_picked":["Pommel Strike","Second Wind"],"picked":"Havoc","floor":8},{"not_picked":["Power Through","Cleave"],"picked":"Inflame","floor":10}],"player_experience":471648,"relics_obtained":[{"floor":7,"key":"Anchor"},{"floor":9,"key":"Vajra"},{"floor":10,"key":"Omamori"}],"event_choices":[{"damage_healed":0,"gold_gain":0,"cards_transformed":["Strike_R"],"player_choice":"Change","damage_taken":0,"max_hp_gain":0,"max_hp_loss":0,"event_name":"Living Wall","floor":3,"gold_loss":0,"cards_obtained":["Iron Wave"]},{"damage_healed":0,"gold_gain":75,"player_choice":"Gather Gold","damage_taken":11,"max_hp_gain":0,"max_hp_loss":0,"event_name":"World of Goop","floor":12,"gold_loss":0}],"is_beta":false,"boss_relics":[],"items_purged_floors":[2],"is_endless":false,"potions_floor_spawned":[1,4,10],"killed_by":"Slime Boss","ascension_level":14}