{"gold_per_floor":[113,113,132,132,148,178,178,190,190,190,205,205,232,49,49,120,120,135,51,51,51,61,61,78,128,209,209,104,104,104,116,116,116],"floor_reached":33,"playtime":1440,"items_purged":["Strike_B"],"score":455,"play_id":"334b78c1-0972-48e1-81ef-252a14da9770","local_time":"20190304221720","is_ascension_mode":true,"campfire_choices":[{"data":"Go for the Eyes","floor":7,"key":"SMITH"},{"data":"Conserve Battery","floor":10,"key":"SMITH"},{"floor":12,"key":"REST"},{"data":"Darkness","floor":15,"key":"SMITH"},{"data":"Dash","floor":23,"key":"SMITH"},{"data":"Conserve Battery","floor":27,"key":"SMITH"},{"data":"Reinforced Body","floor":30,"key":"SMITH"},{"data":"Apotheosis","floor":32,"key":"SMITH"}],"neow_cost":"NONE","seed_source_timestamp":79811172933925,"circlet_count":0,"master_deck":["AscendersBane","Strike_B","Strike_B","Strike_B","Defend_B","Defend_B","Defend_B","Defend_B","Zap","Dualcast","Streamline+1","Darkness+1","Go for the Eyes+1","Gash","Conserve Battery+1","Conserve Battery+1","Reinforced Body+1","Die Die Die","Dash+1","PanicButton","Acrobatics","Panacea","Apotheosis+1"],"relics":["Cracked Core","Bag of Marbles","Sundial","Letter Opener","The Courier","PrismaticShard","Coffee Dripper","Mercury Hourglass","FaceOfCleric"],"potions_floor_usage":[13,16,18,31],"damage_taken":[{"damage":6,"enemies":"Small Slimes","floor":1,"turns":3},{"damage":4,"enemies":"Jaw Worm","floor":3,"turns":3},{"damage":0,"enemies":"Cultist","floor":5,"turns":3},{"damage":22,"enemies":"Gremlin Nob","floor":6,"turns":4},{"damage":6,"enemies":"Looter","floor":8,"turns":2},{"damage":1,"enemies":"3 Louse","floor":11,"turns":2},{"damage":3,"enemies":"3 Sentries","floor":13,"turns":4},{"damage":25,"enemies":"Hexaghost","floor":16,"turns":9},{"damage":0,"enemies":"2 Thieves","floor":18,"turns":3},{"damage":22,"enemies":"Spheric Guardian","floor":22,"turns":6},{"damage":13,"enemies":"Shelled Parasite and Fungi","floor":24,"turns":5},{"damage":0,"enemies":"Centurion and Healer","floor":31,"turns":7},{"damage":30,"enemies":"Champ","floor":33,"turns":5}],"seed_played":"1735869173697993303","potions_obtained":[{"floor":6,"key":"FearPotion"},{"floor":8,"key":"Ancient Potion"},{"floor":11,"key":"Fire Potion"},{"floor":13,"key":"Energy Potion"},{"floor":16,"key":"Energy Potion"},{"floor":18,"key":"Explosive Potion"}],"is_trial":false,"path_per_floor":["M","?","M","?","M","E","R","M","T","R","M","R","E","$","R","B",null,"M","$","$","?","M","R","M","?","T","R","$","?","R","M","R","B"],"character_chosen":"DEFECT","items_purchased":["PrismaticShard","PanicButton","Block Potion"],"campfire_rested":1,"item_purchase_floors":[14,19,28],"current_hp_per_floor":[58,58,54,54,54,32,32,26,26,26,25,46,43,43,43,18,58,58,58,58,58,36,36,23,23,23,23,23,23,23,24,24,0],"gold":116,"neow_bonus":"RANDOM_COMMON_RELIC","is_prod":false,"is_daily":false,"chose_seed":false,"campfire_upgraded":7,"win_rate":0,"timestamp":1551755840,"path_taken":["M","?","M","?","M","E","R","?","T","R","M","R","E","$","R","BOSS","M","?","$","?","M","R","M","?","T","R","?","?","R","M","R","BOSS"],"build_version":"2019-01-23","purchased_purges":1,"victory":false,"max_hp_per_floor":[71,71,71,71,71,71,71,71,71,71,71,71,71,71,71,71,71,71,71,71,71,71,71,71,71,71,71,71,71,71,72,72,72],"card_choices":[{"not_picked":["Gash","Chill"],"picked":"Streamline","floor":1},{"not_picked":["Ball Lightning","Heatsinks"],"picked":"Darkness","floor":3},{"not_picked":["Scrape","Barrage"],"picked":"Go for the Eyes","floor":5},{"not_picked":["Scrape","Stack"],"picked":"Gash","floor":6},{"not_picked":["Turbo","Stack"],"picked":"Conserve Battery","floor":8},{"not_picked":["Sweeping Beam","Rip and Tear"],"picked":"Conserve Battery","floor":11},{"not_picked":["Steam","Storm"],"picked":"Reinforced Body","floor":13},{"not_picked":["Secret Technique","Night Terror"],"picked":"Die Die Die","floor":16},{"not_picked":["Dodge and Roll","Pummel+1"],"picked":"Dash","floor":18},{"not_picked":["Capacitor","Clash"],"picked":"Acrobatics","floor":22},{"not_picked":["Chaos","Redo"],"picked":"Panacea","floor":24},{"not_picked":["Bane","Ball Lightning+1"],"picked":"Apotheosis","floor":31}],"player_experience":843891,"relics_obtained":[{"floor":6,"key":"Sundial"},{"floor":9,"key":"Letter Opener"},{"floor":13,"key":"The Courier"},{"floor":26,"key":"Mercury Hourglass"}],"event_choices":[{"damage_healed":0,"gold_gain":0,"player_choice":"Ignored","damage_taken":0,"max_hp_gain":0,"max_hp_loss":0,"event_name":"Shining Light","floor":2,"gold_loss":0},{"damage_healed":0,"gold_gain":0,"player_choice":"Grow","damage_taken":0,"max_hp_gain":0,"max_hp_loss":0,"event_name":"Living Wall","floor":4,"gold_loss":0,"cards_upgraded":["Streamline"]},{"damage_healed":0,"gold_gain":0,"player_choice":"Ignored","damage_taken":0,"max_hp_gain":0,"max_hp_loss":0,"event_name":"Cursed Tome","floor":21,"gold_loss":0},{"damage_healed":0,"gold_gain":50,"player_choice":"Stole From Cult","damage_taken":0,"max_hp_gain":0,"max_hp_loss":0,"event_name":"Nest","floor":25,"gold_loss":0},{"damage_healed":0,"gold_gain":0,"player_choice":"Trade","damage_taken":0,"relics_obtained":["FaceOfCleric"],"max_hp_gain":0,"max_hp_loss":0,"event_name":"FaceTrader","floor":29,"gold_loss":0}],"is_beta":false,"boss_relics":[{"not_picked":["Black Star","Busted Crown"],"picked":"Coffee Dripper"}],"items_purged_floors":[28],"is_endless":false,"potions_floor_spawned":[6,8,11,13,16,18],"killed_by":"Champ","ascension_level":16}