{"path_per_floor":["M","?","?","$","T","E","R","M","T","M","R","E","R","E","R","B",null,"M","?","M","?","M","R","M","E","T","R","M","$","M","M","R","B",null,"M","?","M","$","M","E","?","R","T","M","M","R","?","E","R"],"character_chosen":"IRONCLAD","items_purchased":["Inflame","Kunai","Pen Nib"],"gold_per_floor":[119,119,119,4,4,31,31,41,41,58,58,89,89,124,124,223,223,233,148,161,161,178,178,197,225,225,225,244,0,12,24,24,124,124,139,139,150,5,17,52,0,0,53,64,82,82,42,67,67,67],"floor_reached":50,"campfire_rested":2,"playtime":3069,"current_hp_per_floor":[71,76,73,73,73,47,47,52,52,56,56,55,55,48,48,22,69,75,75,73,73,61,61,63,53,53,53,58,58,58,55,55,47,94,83,83,89,89,93,31,31,31,31,31,43,76,76,73,106,0],"items_purged":["Strike_R"],"gold":67,"score":951,"play_id":"cc4fa879-79b6-4bc4-a42f-b502a28fb716","local_time":"20180507152720","is_prod":false,"is_daily":false,"chose_seed":false,"is_ascension_mode":true,"campfire_upgraded":8,"timestamp":1525721240,"path_taken":["M","?","?","$","?","E","R","M","T","M","R","E","R","E","R","BOSS","M","?","M","?","M","R","M","E","T","R","?","$","M","M","R","BOSS","M","?","M","?","?","E","?","R","T","M","M","R","?","E","R","BOSS"],"build_version":"2018-05-03","seed_source_timestamp":491011663396341,"purchased_purges":3,"victory":false,"master_deck":["Strike_R","Strike_R","Strike_R+1","Strike_R+1","Defend_R","Defend_R","Defend_R","Defend_R","Bash+1","AscendersBane","Armaments+1","Inflame+1","Battle Trance+1","Spot Weakness+1","Headbutt","Iron Wave","Barricade+1","Feel No Pain+1","Sword Boomerang","Fiend Fire+1","Body Slam+1","Impervious","Pommel Strike","Body Slam+1","Heavy Blade+1","Dark Embrace","Injury","Pain","Normality","Sword Boomerang+1","Seeing Red+1","Flex+1","Sword Boomerang+1","Rage","Juggernaut","Seeing Red+1"],"max_hp_per_floor":[80,85,85,85,85,85,85,85,85,85,85,85,85,85,85,85,85,85,85,85,85,85,85,85,85,85,85,85,85,85,85,85,85,103,103,103,103,103,103,113,113,113,113,113,113,113,113,113,113,113],"relics":["Burning Blood","Matryoshka","Lantern","Dream Catcher","Darkstone Periapt","Centennial Puzzle","Dodecahedron","Gremlin Horn","Whetstone","Mark of Pain","Anchor","Mummified Hand","Meat on the Bone","Kunai","Calling Bell","Bag of Preparation","Smiling Mask","Torii","Pen Nib","Pear","Red Mask","Tiny Chest","Bronze Scales"],"card_choices":[{"not_picked":["Wild Strike","Warcry"],"picked":"Armaments","floor":1},{"not_picked":["Burning Pact","Rage"],"picked":"Pummel","floor":6},{"not_picked":["Clothesline","Perfected Strike"],"picked":"Battle Trance","floor":8},{"not_picked":["Twin Strike","Clothesline"],"picked":"Spot Weakness","floor":10},{"not_picked":["Entrench","Reckless Charge"],"picked":"Headbutt","floor":12},{"not_picked":["Corruption","Perfected Strike"],"picked":"Iron Wave","floor":14},{"not_picked":["Exhume","Limit Break"],"picked":"Barricade","floor":16},{"not_picked":["Warcry","Rampage"],"picked":"Feel No Pain","floor":18},{"not_picked":["Havoc","Clothesline"],"picked":"Sword Boomerang","floor":20},{"not_picked":["Iron Wave","Cleave"],"picked":"Body Slam","floor":24},{"not_picked":["Twin Strike","Havoc"],"picked":"Impervious","floor":25},{"not_picked":["Metallicize","Spot Weakness"],"picked":"Pommel Strike","floor":28},{"not_picked":["Wild Strike","Clothesline"],"picked":"Body Slam","floor":30},{"not_picked":["Flame Barrier","Sword Boomerang"],"picked":"Heavy Blade","floor":31},{"not_picked":["Double Tap","Berserk"],"picked":"Dark Embrace","floor":33},{"not_picked":["Seeing Red","Warcry"],"picked":"Sword Boomerang","floor":35},{"not_picked":["Anger","Wild Strike"],"picked":"Seeing Red","floor":37},{"not_picked":["Headbutt","Carnage"],"picked":"Flex","floor":44},{"not_picked":["Brutality","Hemokinesis"],"picked":"Sword Boomerang","floor":45},{"not_picked":["Disarm","Twin Strike"],"picked":"Rage","floor":46},{"not_picked":["Rage","Headbutt"],"picked":"Juggernaut","floor":48},{"not_picked":["Armaments","Disarm"],"picked":"Seeing Red","floor":49}],"player_experience":541515,"potions_floor_usage":[12,28,33,35,40,48,50,50],"damage_taken":[{"damage":7,"enemies":"2 Louse","floor":1,"turns":3},{"damage":32,"enemies":"Gremlin Nob","floor":6,"turns":4},{"damage":1,"enemies":"Small Slimes","floor":8,"turns":3},{"damage":2,"enemies":"Jaw Worm","floor":10,"turns":4},{"damage":7,"enemies":"Lagavulin","floor":12,"turns":4},{"damage":13,"enemies":"3 Sentries","floor":14,"turns":4},{"damage":32,"enemies":"Hexaghost","floor":16,"turns":9},{"damage":0,"enemies":"Chosen","floor":18,"turns":5},{"damage":8,"enemies":"2 Thieves","floor":20,"turns":4},{"damage":18,"enemies":"3 Cultists","floor":22,"turns":5},{"damage":4,"enemies":"Snake Plant","floor":24,"turns":4},{"damage":16,"enemies":"Book of Stabbing","floor":25,"turns":3},{"damage":13,"enemies":"Snecko","floor":28,"turns":4},{"damage":6,"enemies":"Slaver and Parasite","floor":30,"turns":4},{"damage":9,"enemies":"Snake Plant","floor":31,"turns":3},{"damage":26,"enemies":"Automaton","floor":33,"turns":7},{"damage":17,"enemies":"3 Darklings","floor":35,"turns":5},{"damage":0,"enemies":"Orb Walker","floor":37,"turns":1},{"damage":2,"enemies":"Sphere and 2 Shapes","floor":39,"turns":8},{"damage":90,"enemies":"Giant Head","floor":40,"turns":8},{"damage":18,"enemies":"3 Darklings","floor":44,"turns":3},{"damage":6,"enemies":"4 Shapes","floor":45,"turns":10},{"damage":30,"enemies":"2 Orb Walkers","floor":48,"turns":4},{"damage":122,"enemies":"Donu and Deca","floor":50,"turns":5}],"event_choices":[{"event_name":"Big Fish","player_choice":"Donut","floor":2,"damage_taken":0},{"event_name":"Scrap Ooze","player_choice":"success","floor":3,"damage_taken":3},{"event_name":"Addict","player_choice":"Obtained Relic","floor":19,"damage_taken":0},{"event_name":"Match and Keep!","player_choice":"1 cards matched","floor":21,"damage_taken":0},{"event_name":"Tomb of Lord Red Mask","player_choice":"Paid","floor":41,"damage_taken":0},{"event_name":"The Woman in Blue","player_choice":"Bought 3 Potions","floor":47,"damage_taken":0}],"boss_relics":[{"not_picked":["Cursed Key","Orrery"],"picked":"Mark of Pain"},{"not_picked":["Black Star","Lizard Tail"],"picked":"Calling Bell"}],"potions_floor_spawned":[6,14,16,20,30,31,33,35,48],"seed_played":"-427661818175046521","killed_by":"Donu and Deca","ascension_level":11,"is_trial":false}