{"gold_per_floor":[211,229,229,279,28,28,57,74,74,94,114,61,61,81,81,81],"floor_reached":16,"playtime":505,"items_purged":[],"score":199,"play_id":"11295f2f-5088-4f5b-a639-2811304dfe4e","local_time":"20190305100251","is_ascension_mode":true,"campfire_choices":[{"data":"Glass Knife","floor":6,"key":"SMITH"},{"data":"Crippling Poison","floor":13,"key":"SMITH"},{"floor":15,"key":"REST"}],"neow_cost":"NONE","seed_source_timestamp":534561339133072,"circlet_count":0,"master_deck":["AscendersBane","Defend_G","Defend_G","Defend_G","Defend_G","Defend_G","Strike_G","Strike_G","Strike_G","Strike_G","Strike_G","Survivor","Neutralize","Cloak And Dagger","Masterful Stab","Glass Knife+1","Crippling Poison+1","Prepared","Skewer","Deadly Poison","Backflip","Prepared"],"special_seed":0,"relics":["Ring of the Snake","Thread and Needle","Peace Pipe"],"potions_floor_usage":[14,16,16],"damage_taken":[{"damage":16.0,"enemies":"Cultist","floor":1.0,"turns":5.0},{"damage":3.0,"enemies":"Small Slimes","floor":2.0,"turns":4.0},{"damage":44,"enemies":"Lagavulin","floor":7,"turns":9},{"damage":0,"enemies":"2 Louse","floor":8,"turns":3},{"damage":0,"enemies":"Exordium Wildlife","floor":10,"turns":4},{"damage":0,"enemies":"Large Slime","floor":11,"turns":5},{"damage":0,"enemies":"2 Fungi Beasts","floor":14,"turns":2},{"damage":33,"enemies":"Slime Boss","floor":16,"turns":6}],"seed_played":"-1508890874879061808","potions_obtained":[{"floor":7,"key":"GamblersBrew"},{"floor":10,"key":"EssenceOfSteel"},{"floor":14,"key":"Explosive Potion"}],"is_trial":false,"path_per_floor":["M","M","?","?","$","R","E","M","T","M","M","$","R","M","R","B"],"character_chosen":"THE_SILENT","items_purchased":["Glass Knife","Crippling Poison","Backflip"],"campfire_rested":1,"item_purchase_floors":[5,5,12],"current_hp_per_floor":[43,40,62,56,56,56,12,12,12,12,12,12,12,12,31,0],"gold":81,"neow_bonus":"HUNDRED_GOLD","is_prod":false,"is_daily":false,"chose_seed":false,"campfire_upgraded":2,"win_rate":0,"timestamp":1551747771,"path_taken":["M","M","?","?","$","R","E","M","T","M","?","?","R","M","R","BOSS"],"build_version":"2019-01-23","purchased_purges":0,"victory":false,"max_hp_per_floor":[66,66,66,66,66,66,66,66,66,66,66,66,66,66,66,66],"card_choices":[{"not_picked":["Footwork","Poisoned Stab"],"picked":"Cloak And Dagger","floor":1.0},{"not_picked":["Dodge and Roll","Heel Hook"],"picked":"Masterful Stab","floor":2.0},{"not_picked":["Dagger Throw","Choke"],"picked":"Prepared","floor":7},{"not_picked":["Acrobatics","Deadly Poison"],"picked":"Skewer","floor":8},{"not_picked":["Quick Slash","Masterful Stab","Sucker Punch"],"picked":"SKIP","floor":10},{"not_picked":["Tactician","Flying Knee"],"picked":"Deadly Poison","floor":11},{"not_picked":["Grand Finale","Slice"],"picked":"Prepared","floor":14}],"player_experience":624682,"relics_obtained":[{"floor":7,"key":"Thread and Needle"},{"floor":9,"key":"Peace Pipe"}],"event_choices":[{"damage_healed":22.0,"max_hp_gain":0.0,"max_hp_loss":0.0,"gold_gain":0.0,"event_name":"Big Fish","player_choice":"Banana","floor":3.0,"gold_loss":0.0,"damage_taken":0.0},{"damage_healed":0,"gold_gain":50,"player_choice":"Touch","damage_taken":6,"max_hp_gain":0,"max_hp_loss":0,"event_name":"FaceTrader","floor":4,"gold_loss":0}],"is_beta":false,"boss_relics":[],"items_purged_floors":[],"is_endless":false,"potions_floor_spawned":[7,10,14],"killed_by":"Slime Boss","ascension_level":19}