{"gold_per_floor":[113,113,131,142,142,142,176,176,176,195,195,33,33,65,65,162,162,162,162,17,17,17,17,17,17,17,17,17,0,0,0,0,0],"floor_reached":33,"playtime":1200,"items_purged":["Strike_B"],"score":387,"play_id":"1255241b-9bc6-4b23-bcc8-ba547a2a7e21","local_time":"20180930002647","is_ascension_mode":true,"campfire_choices":[{"data":"Defragment","floor":6,"key":"SMITH"},{"data":"Ball Lightning","floor":8,"key":"SMITH"},{"floor":13,"key":"REST"},{"data":"Dualcast","floor":15,"key":"SMITH"},{"data":"All For One","floor":23,"key":"SMITH"},{"data":"Genetic Algorithm","floor":25,"key":"SMITH"},{"data":"Cold Snap","floor":30,"key":"SMITH"},{"floor":32,"key":"REST"}],"neow_cost":"TEN_PERCENT_HP_LOSS","seed_source_timestamp":9475272194010,"circlet_count":0,"master_deck":["Strike_B+1","Strike_B","Strike_B","Defend_B","Defend_B","Defend_B","Defend_B","Zap+1","Dualcast+1","All For One+1","Gash","Defragment+1","Ball Lightning+1","Gash","Sunder+1","Bandage Up","Genetic Algorithm+1","Rainbow","Beam Cell+1","White Noise","Cold Snap+1","White Noise+1","FTL"],"relics":["Cracked Core","CultistMask","Omamori","Bottled Lightning","Shuriken","Ectoplasm","Bronze Scales","Potion Belt","Mummified Hand"],"potions_floor_usage":[14,16,16,28,33],"damage_taken":[{"damage":0,"enemies":"Small Slimes","floor":1,"turns":3},{"damage":0,"enemies":"Cultist","floor":3,"turns":2},{"damage":2,"enemies":"Jaw Worm","floor":4,"turns":3},{"damage":30,"enemies":"Lagavulin","floor":7,"turns":5},{"damage":16,"enemies":"Blue Slaver","floor":10,"turns":3},{"damage":0,"enemies":"Gremlin Nob","floor":14,"turns":2},{"damage":29,"enemies":"Hexaghost","floor":16,"turns":6},{"damage":4,"enemies":"Spheric Guardian","floor":18,"turns":3},{"damage":12,"enemies":"Chosen","floor":21,"turns":2},{"damage":0,"enemies":"Snecko","floor":22,"turns":3},{"damage":7,"enemies":"Cultist and Chosen","floor":27,"turns":3},{"damage":40,"enemies":"Gremlin Leader","floor":28,"turns":5},{"damage":0,"enemies":"Centurion and Healer","floor":31,"turns":6},{"damage":58,"enemies":"Automaton","floor":33,"turns":6}],"seed_played":"-8469979947175944236","potions_obtained":[{"floor":4,"key":"LiquidBronze"},{"floor":10,"key":"SkillPotion"},{"floor":14,"key":"Regen Potion"},{"floor":22,"key":"LiquidBronze"},{"floor":24,"key":"Regen Potion"},{"floor":24,"key":"SteroidPotion"}],"is_trial":false,"path_per_floor":["M","?","M","M","?","R","E","R","T","M","?","$","R","E","R","B",null,"M","?","$","M","M","R","?","R","T","M","E","?","R","M","R"],"character_chosen":"DEFECT","items_purchased":["Bandage Up","Bronze Scales"],"campfire_rested":2,"item_purchase_floors":[12,20],"current_hp_per_floor":[68,68,68,66,52,52,22,22,22,6,6,6,26,26,26,15,55,55,55,55,43,47,47,47,47,47,44,22,22,22,33,53,0],"gold":0,"neow_bonus":"THREE_RARE_CARDS","is_prod":false,"is_daily":false,"chose_seed":false,"campfire_upgraded":6,"win_rate":0,"timestamp":1538281607,"path_taken":["M","?","M","M","?","R","E","R","T","M","?","$","R","E","R","BOSS","M","?","$","M","M","R","?","R","T","M","E","?","R","M","R","BOSS"],"build_version":"2018-09-27","purchased_purges":1,"victory":false,"max_hp_per_floor":[68,68,68,68,68,68,68,68,68,68,68,68,68,68,68,68,68,68,68,68,68,68,68,68,68,68,68,68,68,68,68,68,68],"card_choices":[{"not_picked":["Meteor Strike","Thunder Strike"],"picked":"All For One","floor":0},{"not_picked":["Hologram","Steam"],"picked":"Gash","floor":1},{"not_picked":["Barrage","Self Repair"],"picked":"Defragment","floor":3},{"not_picked":["Hologram","Turbo"],"picked":"Ball Lightning","floor":4},{"not_picked":["Chaos","Ball Lightning"],"picked":"Gash","floor":7},{"not_picked":["Gash","Coolheaded"],"picked":"Sunder","floor":10},{"not_picked":["Glacier","Redo"],"picked":"Genetic Algorithm","floor":14},{"not_picked":["Machine Learning","Multi-Cast"],"picked":"Rainbow","floor":16},{"not_picked":["Turbo+1","Coolheaded","Steam"],"picked":"SKIP","floor":18},{"not_picked":["Sweeping Beam","Darkness+1"],"picked":"Beam Cell+1","floor":21},{"not_picked":["Go for the Eyes","Turbo+1"],"picked":"White Noise","floor":22},{"not_picked":["Hyperbeam","Leap"],"picked":"Cold Snap","floor":27},{"not_picked":["Doom and Gloom","Streamline"],"picked":"White Noise+1","floor":28},{"not_picked":["Lockon","Glacier"],"picked":"FTL","floor":31}],"player_experience":620738,"relics_obtained":[{"floor":7,"key":"Omamori"},{"floor":9,"key":"Bottled Lightning"},{"floor":14,"key":"Shuriken"},{"floor":26,"key":"Potion Belt"},{"floor":28,"key":"Mummified Hand"}],"event_choices":[{"event_name":"FaceTrader","player_choice":"Trade","floor":2,"damage_taken":0},{"event_name":"Shining Light","player_choice":"Entered Light","floor":5,"damage_taken":0},{"event_name":"Living Wall","player_choice":"Grow","floor":11,"damage_taken":0},{"event_name":"Ghosts","player_choice":"Ignored","floor":19,"damage_taken":0},{"event_name":"The Lab","player_choice":"Got Potions","floor":24,"damage_taken":0},{"event_name":"Masked Bandits","player_choice":"Paid Fearfully","floor":29,"damage_taken":0}],"is_beta":false,"boss_relics":[{"not_picked":["Pandora\u0027s Box","Snecko Eye"],"picked":"Ectoplasm"}],"items_purged_floors":[12],"is_endless":false,"potions_floor_spawned":[4,10,14,22],"killed_by":"Automaton","ascension_level":6}