{"gold_per_floor":[118,193,211,224,238,273,273,273,298,298,323,323,353,353],"floor_reached":14,"playtime":676,"items_purged":[],"score":88,"play_id":"7ccc6152-bbd9-41f1-bf47-16970a92db4d","local_time":"20180712224812","is_ascension_mode":false,"campfire_choices":[{"data":"Pommel Strike","floor":7,"key":"SMITH"},{"floor":10,"key":"REST"}],"neow_cost":"NONE","seed_source_timestamp":11768010158824,"circlet_count":0,"master_deck":["Strike_R","Strike_R","Strike_R","Strike_R","Strike_R","Defend_R","Defend_R","Defend_R","Defend_R","Bash","Pommel Strike+1","Searing Blow"],"relics":["Burning Blood","Bag of Marbles","Golden Idol","Dream Catcher","Odd Mushroom","Molten Egg 2","Orichalcum"],"potions_floor_usage":[14],"damage_taken":[{"damage":2,"enemies":"Small Slimes","floor":1,"turns":3},{"damage":1,"enemies":"2 Louse","floor":3,"turns":3},{"damage":8,"enemies":"Jaw Worm","floor":4,"turns":4},{"damage":13,"enemies":"3 Louse","floor":5,"turns":5},{"damage":28,"enemies":"Gremlin Nob","floor":6,"turns":4},{"damage":45,"floor":11,"turns":8},{"damage":9,"enemies":"Blue Slaver","floor":14,"turns":3}],"seed_played":"8461057707805876136","potions_obtained":[{"floor":11,"key":"PowerPotion"}],"is_trial":false,"path_per_floor":["M","?","M","M","M","E","R","?","T","R","?","T","?"],"character_chosen":"IRONCLAD","items_purchased":[],"campfire_rested":1,"item_purchase_floors":[],"current_hp_per_floor":[80,69,74,72,65,43,43,23,23,47,8,8,8,0],"gold":353,"neow_bonus":"THREE_CARDS","is_prod":false,"is_daily":false,"chose_seed":false,"campfire_upgraded":1,"win_rate":0,"timestamp":1531424892,"path_taken":["M","?","M","M","M","E","R","?","T","R","?","?","?","M"],"build_version":"2018-07-05","purchased_purges":0,"victory":false,"max_hp_per_floor":[80,80,80,80,80,80,80,80,80,80,80,80,80,80],"card_choices":[{"not_picked":["True Grit","Perfected Strike"],"picked":"Pommel Strike","floor":0},{"not_picked":["Sword Boomerang","True Grit","Thunderclap"],"picked":"SKIP","floor":1},{"not_picked":["Warcry","Iron Wave","Body Slam"],"picked":"SKIP","floor":3},{"not_picked":["Dropkick","Perfected Strike","Clash"],"picked":"SKIP","floor":4},{"not_picked":["Blood for Blood","Pummel","Clash"],"picked":"SKIP","floor":5},{"not_picked":["Headbutt","Armaments","Evolve"],"picked":"SKIP","floor":6},{"not_picked":["Anger","Headbutt"],"picked":"Searing Blow","floor":11}],"player_experience":84344,"relics_obtained":[{"floor":6,"key":"Bag of Marbles"},{"floor":9,"key":"Dream Catcher"},{"floor":11,"key":"Odd Mushroom"},{"floor":12,"key":"Molten Egg 2"}],"event_choices":[{"event_name":"World of Goop","player_choice":"Gather Gold","floor":2,"damage_taken":0},{"event_name":"Golden Idol","player_choice":"Take Damage","floor":8,"damage_taken":0},{"event_name":"Mushrooms","player_choice":"Fought Mushrooms","floor":11,"damage_taken":0},{"event_name":"Dead Adventurer","player_choice":"Searched \u00272\u0027 times","floor":13,"damage_taken":0}],"boss_relics":[],"items_purged_floors":[],"is_endless":false,"potions_floor_spawned":[11],"killed_by":"Blue Slaver","ascension_level":0}