{"gold_per_floor":[116,134,39,56,71,84,84,114,114,125,125,150,150],"floor_reached":13,"playtime":528,"items_purged":[],"score":189,"play_id":"a26bcccf-ccd9-459b-83dd-ca4ed42d5b23","local_time":"20190305213035","is_ascension_mode":true,"campfire_choices":[{"data":"Zap","floor":7,"key":"SMITH"},{"floor":11,"key":"REST"}],"neow_cost":"NONE","seed_source_timestamp":1635089919196993,"circlet_count":0,"master_deck":["AscendersBane","Strike_B","Strike_B","Strike_B","Strike_B","Defend_B","Defend_B","Defend_B","Defend_B","Zap+1","Dualcast","Streamline","Steam","Cold Snap","Defragment","Conserve Battery","Leap","Multi-Cast","Compile Driver","Hyperbeam","Doom and Gloom"],"relics":["Cracked Core","Lantern","Sundial","Frozen Egg 2"],"potions_floor_usage":[8,12,12,13],"damage_taken":[{"damage":0,"enemies":"Cultist","floor":1,"turns":3},{"damage":8,"enemies":"2 Louse","floor":2,"turns":3},{"damage":0,"enemies":"Jaw Worm","floor":4,"turns":4},{"damage":16,"enemies":"Exordium Thugs","floor":5,"turns":5},{"damage":7,"enemies":"Large Slime","floor":6,"turns":8},{"damage":19,"enemies":"Lagavulin","floor":8,"turns":7},{"damage":3,"enemies":"3 Louse","floor":10,"turns":2},{"damage":27,"enemies":"Gremlin Nob","floor":12,"turns":4},{"damage":15,"enemies":"2 Fungi Beasts","floor":13,"turns":2}],"seed_played":"-7929474562815970592","potions_obtained":[{"floor":2,"key":"PowerPotion"},{"floor":5,"key":"Swift Potion"},{"floor":10,"key":"AttackPotion"},{"floor":12,"key":"Regen Potion"}],"is_trial":false,"path_per_floor":["M","M","$","M","M","M","R","E","T","M","R","E","M"],"character_chosen":"DEFECT","items_purchased":["Defragment","Conserve Battery"],"campfire_rested":1,"item_purchase_floors":[3,3],"current_hp_per_floor":[64,56,56,56,40,33,33,14,14,11,32,5,0],"gold":150,"neow_bonus":"THREE_CARDS","is_prod":false,"is_daily":false,"chose_seed":false,"campfire_upgraded":1,"win_rate":0,"timestamp":1551843035,"path_taken":["M","M","$","M","M","M","R","E","T","M","R","E","M"],"build_version":"2019-01-23","purchased_purges":0,"victory":false,"max_hp_per_floor":[71,71,71,71,71,71,71,71,71,71,71,71,71],"card_choices":[{"not_picked":["Barrage","Go for the Eyes"],"picked":"Streamline","floor":0},{"not_picked":["Streamline","Steam Power"],"picked":"Steam","floor":1},{"not_picked":["Streamline","Scrape"],"picked":"Cold Snap","floor":2},{"not_picked":["Streamline","Reprogram"],"picked":"Leap","floor":4},{"not_picked":["Go for the Eyes","Rebound"],"picked":"Multi-Cast","floor":5},{"not_picked":["Redo","Barrage"],"picked":"Compile Driver","floor":6},{"not_picked":["Rebound","Compile Driver"],"picked":"Hyperbeam","floor":8},{"not_picked":["Rip and Tear","Darkness"],"picked":"Doom and Gloom","floor":10},{"not_picked":["Redo","Heatsinks","Tempest"],"picked":"SKIP","floor":12}],"player_experience":571067,"relics_obtained":[{"floor":8,"key":"Lantern"},{"floor":9,"key":"Sundial"},{"floor":12,"key":"Frozen Egg 2"}],"event_choices":[],"is_beta":false,"boss_relics":[],"items_purged_floors":[],"is_endless":false,"potions_floor_spawned":[2,5,10,12],"killed_by":"2 Fungi Beasts","ascension_level":19}