{"path_per_floor":["M","M","?","M","M","E","R","$","T","E","M","?","$","M","R","B",null,"M","?","M","M","?","R","E","M","T","E","?","R","M","$","R","B",null,"M","?","M","?","M","E","M"],"character_chosen":"THE_SILENT","items_purchased":["Footwork","Omamori","Pantograph"],"gold_per_floor":[117,127,127,139,157,191,191,116,116,147,159,159,89,101,101,201,201,213,213,224,236,236,236,266,280,359,394,394,394,409,48,48,144,144,158,0,11,111,125,151,170,170],"floor_reached":42,"campfire_rested":2,"playtime":3746,"current_hp_per_floor":[63,63,63,63,48,32,32,32,32,7,7,7,7,7,28,27,59,58,58,58,53,37,37,14,8,8,4,4,25,16,16,16,17,57,48,48,48,48,48,44,25,0],"items_purged":["Strike_G"],"gold":170,"score":720,"play_id":"dfcc220d-1510-4ab9-a8db-927e015ab220","local_time":"20180415235008","is_prod":false,"is_daily":false,"chose_seed":false,"is_ascension_mode":true,"campfire_upgraded":3,"timestamp":1523829008,"path_taken":["M","M","?","M","M","E","R","$","T","E","M","?","?","?","R","BOSS","M","?","M","M","?","R","E","M","T","E","?","R","M","$","R","BOSS","M","?","M","?","M","E","M","E"],"build_version":"2018-04-12","seed_source_timestamp":313972858427230,"purchased_purges":1,"victory":false,"master_deck":["Defend_G+1","Defend_G","Defend_G","Defend_G","Defend_G","Strike_G","Strike_G","Strike_G","Strike_G","Survivor","Neutralize+1","AscendersBane","Dagger Throw","Backflip+1","Quick Slash+1","Backstab","Escape Plan","Adrenaline","PiercingWail","Footwork","Noxious Fumes+1","Wraith Form v2+1","Footwork","Skewer+1","Flying Knee","Outmaneuver+1","Leg Sweep","Blade Dance+1"],"max_hp_per_floor":[70,70,70,70,70,70,70,70,70,70,70,70,70,70,70,70,70,70,70,70,70,70,70,70,70,70,70,70,70,70,70,70,70,70,70,70,70,70,70,70,70,70],"relics":["Ring of the Snake","Bronze Scales","Centennial Puzzle","War Paint","Bag of Marbles","Velvet Choker","Enchiridion","Oddly Smooth Stone","Shuriken","The Courier","Omamori","Pantograph","Runic Pyramid","Red Mask","Regal Pillow"],"card_choices":[{"not_picked":["Outmaneuver","Dagger Spray"],"picked":"Dagger Throw","floor":1},{"not_picked":["Quick Slash","Cloak And Dagger"],"picked":"Backflip","floor":2},{"not_picked":["Deadly Poison","Blade Dance"],"picked":"Quick Slash","floor":4},{"not_picked":["Infinite Blades","Dagger Spray"],"picked":"Backstab","floor":5},{"not_picked":["Underhanded Strike","Slice"],"picked":"Escape Plan","floor":6},{"not_picked":["Blade Dance","Dagger Throw"],"picked":"Adrenaline","floor":10},{"not_picked":["Dagger Spray","Reflex"],"picked":"PiercingWail","floor":11},{"not_picked":["Dagger Throw","Bane"],"picked":"Noxious Fumes","floor":14},{"not_picked":["Unload","Envenom"],"picked":"Wraith Form v2","floor":16},{"not_picked":["Escape Plan","Outmaneuver"],"picked":"Footwork","floor":18},{"not_picked":["Outmaneuver","Deflect"],"picked":"Skewer","floor":20},{"not_picked":["Slice","Riddle With Holes"],"picked":"Flying Knee","floor":21},{"not_picked":["Poisoned Stab","Concentrate"],"picked":"Outmaneuver","floor":24},{"not_picked":["Deadly Poison","Deflect"],"picked":"Leg Sweep","floor":35},{"not_picked":["Quick Slash","All Out Attack"],"picked":"Blade Dance","floor":37}],"player_experience":322686,"potions_floor_usage":[6,16,24,24,24,33,40],"damage_taken":[{"damage":0,"enemies":"Small Slimes","floor":1,"turns":5},{"damage":0,"enemies":"Cultist","floor":2,"turns":3},{"damage":0,"enemies":"2 Louse","floor":4,"turns":4},{"damage":15,"enemies":"Large Slime","floor":5,"turns":10},{"damage":16,"enemies":"Gremlin Nob","floor":6,"turns":5},{"damage":25,"enemies":"Lagavulin","floor":10,"turns":5},{"damage":0,"enemies":"Blue Slaver","floor":11,"turns":3},{"damage":0,"enemies":"Red Slaver","floor":14,"turns":3},{"damage":1,"enemies":"Slime Boss","floor":16,"turns":8},{"damage":1,"enemies":"Chosen","floor":18,"turns":5},{"damage":0,"enemies":"2 Thieves","floor":20,"turns":5},{"damage":5,"enemies":"3 Cultists","floor":21,"turns":7},{"damage":38,"enemies":"Gremlin Leader","floor":24,"turns":8},{"damage":6,"enemies":"Snake Plant","floor":25,"turns":4},{"damage":4,"enemies":"Book of Stabbing","floor":27,"turns":6},{"damage":9,"enemies":"Slaver and Parasite","floor":30,"turns":5},{"damage":24,"enemies":"Automaton","floor":33,"turns":10},{"damage":9,"enemies":"3 Darklings","floor":35,"turns":5},{"damage":0,"enemies":"3 Shapes","floor":37,"turns":5},{"damage":0,"enemies":"Maw","floor":39,"turns":8},{"damage":4,"enemies":"Giant Head","floor":40,"turns":11},{"damage":19,"enemies":"Sphere and 2 Shapes","floor":41,"turns":5},{"damage":27,"enemies":"Nemesis","floor":42,"turns":10}],"event_choices":[{"event_name":"Accursed Blacksmith","player_choice":"Forge","floor":3,"damage_taken":0},{"event_name":"Dead Adventurer","player_choice":"Searched \u00271\u0027 times","floor":12,"damage_taken":0},{"event_name":"The Lab","player_choice":"Got Potions","floor":19,"damage_taken":0},{"event_name":"Cursed Tome","player_choice":"Obtained Book","floor":22,"damage_taken":0},{"event_name":"Drug Dealer","player_choice":"Ignored","floor":28,"damage_taken":0},{"event_name":"Tomb of Lord Red Mask","player_choice":"Paid","floor":36,"damage_taken":0},{"event_name":"Golden Shrine","player_choice":"Pray","floor":38,"damage_taken":0}],"boss_relics":[{"not_picked":["Sozu","Snecko Eye"],"picked":"Velvet Choker"},{"not_picked":["White Beast Statue","Black Star"],"picked":"Runic Pyramid"}],"potions_floor_spawned":[5,6,10,11,14,21,24,25,30,35,39,40],"seed_played":"-3039912001189163606","killed_by":"Nemesis","ascension_level":10,"is_trial":false}