{"path_per_floor":["M","?","$","M","?","R","E","M","T","M","R","M","M","E","R","B",null,"M","?","?","?","M"],"character_chosen":"IRONCLAD","items_purchased":["Shrug It Off"],"gold_per_floor":[113,113,62,76,176,176,211,226,226,247,247,262,283,326,326,449,449,473,473,473,473,492,492],"floor_reached":23,"campfire_rested":0,"playtime":835,"current_hp_per_floor":[80,60,60,66,66,66,60,64,64,48,48,45,47,42,42,32,87,87,87,87,87,68,0],"items_purged":[],"gold":492,"score":241,"play_id":"891597fb-5dd9-4ac6-8369-c5106b299a3e","local_time":"20180512191648","is_prod":false,"is_daily":false,"chose_seed":false,"is_ascension_mode":true,"campfire_upgraded":3,"timestamp":1526167008,"path_taken":["M","?","$","M","?","R","E","M","T","M","R","M","M","E","R","BOSS","M","?","?","?","M","E"],"build_version":"2018-05-12v2","seed_source_timestamp":309452019326807,"purchased_purges":0,"victory":false,"master_deck":["Strike_R","Strike_R","Defend_R","Defend_R","Defend_R","Defend_R","Bash+1","Cleave+1","Shrug It Off","Ghostly Armor","Demon Form+1","Bloodletting","Battle Trance","Heavy Blade+1","True Grit","Shrug It Off","Reaper","Whirlwind+1","Clash+1","Battle Trance+1","Shrug It Off"],"max_hp_per_floor":[80,80,80,80,80,80,80,80,80,80,80,80,80,87,87,87,87,87,87,87,87,87,87],"relics":["Burning Blood","Golden Idol","Ancient Tea Set","Question Card","Strawberry","Astrolabe"],"card_choices":[{"not_picked":["Body Slam","Havoc"],"picked":"Cleave","floor":1},{"not_picked":["Clash","Bloodletting"],"picked":"Ghostly Armor","floor":4},{"not_picked":["Shrug It Off","Clothesline"],"picked":"Demon Form","floor":7},{"not_picked":["Sword Boomerang","Headbutt"],"picked":"Bloodletting","floor":8},{"not_picked":["Wild Strike","Power Through","Thunderclap"],"picked":"Battle Trance","floor":10},{"not_picked":["Thunderclap","Sever Soul","Headbutt"],"picked":"Heavy Blade","floor":12},{"not_picked":["Body Slam","Sever Soul","Sword Boomerang"],"picked":"True Grit","floor":13},{"not_picked":["Second Wind","Perfected Strike","Clash"],"picked":"Shrug It Off","floor":14},{"not_picked":["Bludgeon","Demon Form","Barricade"],"picked":"Reaper","floor":16},{"not_picked":["Warcry","Perfected Strike+1","Armaments","Cleave"],"picked":"SKIP","floor":18},{"not_picked":["Intimidate","True Grit","Rupture","Body Slam"],"picked":"SKIP","floor":22}],"player_experience":122203,"potions_floor_usage":[7,13,14,16,23],"damage_taken":[{"damage":6,"enemies":"Cultist","floor":1,"turns":3},{"damage":0,"enemies":"Small Slimes","floor":4,"turns":2},{"damage":12,"enemies":"Gremlin Nob","floor":7,"turns":4},{"damage":2,"enemies":"2 Louse","floor":8,"turns":3},{"damage":22,"enemies":"Large Slime","floor":10,"turns":9},{"damage":9,"enemies":"Red Slaver","floor":12,"turns":2},{"damage":4,"enemies":"Blue Slaver","floor":13,"turns":4},{"damage":18,"enemies":"3 Sentries","floor":14,"turns":7},{"damage":16,"enemies":"Hexaghost","floor":16,"turns":6},{"damage":3,"enemies":"3 Byrds","floor":18,"turns":4},{"damage":25,"enemies":"2 Thieves","floor":22,"turns":4},{"damage":80,"enemies":"Slavers","floor":23,"turns":4}],"event_choices":[{"event_name":"Golden Idol","player_choice":"Take Damage","floor":2,"damage_taken":0},{"event_name":"Golden Shrine","player_choice":"Pray","floor":5,"damage_taken":0},{"event_name":"Wheel of Change","player_choice":"Full Heal","floor":19,"damage_taken":0},{"event_name":"The Library","player_choice":"Read","floor":20,"damage_taken":0},{"event_name":"The Mausoleum","player_choice":"No","floor":21,"damage_taken":0}],"boss_relics":[{"not_picked":["White Beast Statue","Runic Pyramid"],"picked":"Astrolabe"}],"potions_floor_spawned":[4,7,8,10,14,22],"seed_played":"-7215617068886516548","killed_by":"Slavers","ascension_level":4,"is_trial":false}