{"gold_per_floor":[17,17,17,92,103,103,24,51,74,74,74,93,93,111,111,207,207,226,226,210,210,83,83,16,16,16,36,36,36,68,78,78,78],"floor_reached":33,"playtime":2347,"items_purged":["Decay"],"score":312,"play_id":"3fb23f99-c0cb-4686-8806-e600c954aad7","local_time":"20190210172454","is_ascension_mode":true,"campfire_choices":[{"data":"Leap","floor":6,"key":"SMITH"},{"data":"Dualcast","floor":13,"key":"SMITH"},{"floor":15,"key":"REST"},{"data":"Undo","floor":23,"key":"SMITH"},{"data":"Zap","floor":25,"key":"SMITH"},{"data":"Consume","floor":29,"key":"SMITH"},{"floor":32,"key":"REST"}],"neow_cost":"NO_GOLD","seed_source_timestamp":593370204754847,"circlet_count":0,"master_deck":["Defend_B","Defend_B","Defend_B","Zap+1","Dualcast+1","Leap+1","Consume+1","Steam Power","Self Repair","Rebound+1","Beam Cell","Steam","Rainbow","Conserve Battery","Bite","Bite","Bite","Bite","Bite","Undo+1","Ball Lightning","Electrodynamics","Hologram+1","J.A.X.","Defragment","Turbo"],"relics":["Cracked Core","Bird Faced Urn","Sundial","Whetstone","Eternal Feather","Enchiridion","Pocketwatch","Dodecahedron"],"potions_floor_usage":[30,31],"damage_taken":[{"damage":4,"enemies":"Jaw Worm","floor":1,"turns":3},{"damage":0,"enemies":"Cultist","floor":5,"turns":3},{"damage":30,"enemies":"Lagavulin","floor":8,"turns":7},{"damage":6,"enemies":"Small Slimes","floor":12,"turns":3},{"damage":0,"enemies":"Looter","floor":14,"turns":2},{"damage":45,"enemies":"The Guardian","floor":16,"turns":13},{"damage":17,"enemies":"Chosen","floor":18,"turns":5},{"damage":24,"enemies":"2 Thieves","floor":20,"turns":4},{"damage":13,"enemies":"Cultist and Chosen","floor":27,"turns":5},{"damage":58,"enemies":"Book of Stabbing","floor":30,"turns":7},{"damage":15,"enemies":"3 Cultists","floor":31,"turns":4},{"damage":56,"enemies":"Champ","floor":33,"turns":7}],"seed_played":"-941146239745753803","potions_obtained":[{"floor":14,"key":"LiquidBronze"},{"floor":16,"key":"PowerPotion"},{"floor":18,"key":"Ancient Potion"}],"is_trial":false,"path_per_floor":["M","?","$","?","M","R","$","E","T","?","$","M","R","M","R","B",null,"M","?","M","?","$","R","$","R","T","M","?","R","E","M","R","B"],"character_chosen":"DEFECT","items_purchased":["Self Repair","Ball Lightning","Electrodynamics"],"campfire_rested":2,"item_purchase_floors":[7,22,24],"current_hp_per_floor":[71,71,71,60,60,60,60,39,39,39,39,42,42,42,64,28,75,67,52,34,18,18,30,30,42,42,52,52,52,11,4,34,0],"gold":78,"neow_bonus":"ONE_RARE_RELIC","is_prod":false,"is_daily":false,"chose_seed":false,"campfire_upgraded":5,"win_rate":0,"timestamp":1549815894,"path_taken":["M","?","?","?","M","R","$","E","T","?","$","M","R","?","R","BOSS","M","?","M","?","$","R","$","R","T","M","?","R","E","M","R","BOSS"],"build_version":"2019-01-23","purchased_purges":1,"victory":false,"max_hp_per_floor":[75,75,75,75,75,75,75,75,75,75,75,75,75,75,75,75,75,75,52,52,52,52,52,52,52,52,52,52,52,52,52,52,52],"card_choices":[{"not_picked":["Ball Lightning","Double Energy"],"picked":"Leap","floor":1},{"not_picked":["Fusion","Cold Snap"],"picked":"Steam Power","floor":5},{"not_picked":["Skim","Compile Driver"],"picked":"Rebound","floor":8},{"not_picked":["Glacier","Electrodynamics"],"picked":"Beam Cell","floor":12},{"not_picked":["Sweeping Beam","FTL"],"picked":"Steam","floor":14},{"not_picked":["Fission","Biased Cognition"],"picked":"Rainbow","floor":16},{"not_picked":["Storm","Glacier"],"picked":"Conserve Battery","floor":18},{"not_picked":["Go for the Eyes","Sweeping Beam"],"picked":"Undo","floor":20},{"not_picked":["Stack","Cold Snap"],"picked":"Hologram+1","floor":27},{"not_picked":["Multi-Cast","Compile Driver"],"picked":"Defragment","floor":30},{"not_picked":["Steam","Undo"],"picked":"Turbo","floor":31}],"player_experience":251817,"relics_obtained":[{"floor":8,"key":"Sundial"},{"floor":9,"key":"Whetstone"},{"floor":21,"key":"Enchiridion"},{"floor":26,"key":"Pocketwatch"},{"floor":30,"key":"Dodecahedron"}],"event_choices":[{"damage_healed":0,"gold_gain":0,"cards_transformed":["Defend_B"],"player_choice":"Transformed","damage_taken":0,"max_hp_gain":0,"max_hp_loss":0,"event_name":"Transmorgrifier","floor":2,"gold_loss":0,"cards_obtained":["Consume"]},{"damage_healed":0,"gold_gain":75,"player_choice":"Gather Gold","damage_taken":11,"max_hp_gain":0,"max_hp_loss":0,"event_name":"World of Goop","floor":4,"gold_loss":0},{"damage_healed":0,"gold_gain":0,"player_choice":"Cursed","damage_taken":0,"max_hp_gain":0,"max_hp_loss":0,"event_name":"Wheel of Change","floor":10,"gold_loss":0,"cards_obtained":["Decay"]},{"damage_healed":0,"gold_gain":0,"player_choice":"Became a vampire","damage_taken":0,"max_hp_gain":0,"max_hp_loss":23,"event_name":"Vampires","floor":19,"gold_loss":0,"cards_obtained":["Bite","Bite","Bite","Bite","Bite"]},{"damage_healed":0,"gold_gain":0,"player_choice":"Obtained Book","damage_taken":16,"max_hp_gain":0,"max_hp_loss":0,"event_name":"Cursed Tome","floor":21,"gold_loss":0},{"damage_healed":0,"gold_gain":0,"player_choice":"Obtain J.A.X.","damage_taken":0,"max_hp_gain":0,"max_hp_loss":0,"event_name":"Drug Dealer","floor":28,"gold_loss":0,"cards_obtained":["J.A.X."]}],"is_beta":false,"boss_relics":[{"not_picked":["Sozu","Black Star"],"picked":"Eternal Feather"}],"items_purged_floors":[22],"is_endless":false,"potions_floor_spawned":[14,16,18],"killed_by":"Champ","ascension_level":2}