{"path_per_floor":["M","M","M","?","M","E","M","E","T","E","?","R","M","M","R","B",null,"M","$","M","M","M","E","R","M","T","E","M","R","E","?","R","B",null,"M","?","?","$","?","E","M","E","T","M","M","T","E","$","R","B"],"character_chosen":"IRONCLAD","items_purchased":["Du-Vu Doll","Ice Cream","Kunai","Ancient Tea Set"],"gold_per_floor":[13,30,47,47,64,93,105,130,130,158,188,188,205,219,219,316,316,330,33,48,68,83,108,108,120,175,207,221,221,250,280,280,384,384,396,618,618,67,67,101,111,144,144,163,175,175,206,61,61,61],"floor_reached":51,"campfire_rested":0,"playtime":3206,"current_hp_per_floor":[73,78,79,79,67,43,34,38,38,24,24,24,56,56,56,44,71,80,80,79,61,53,48,48,80,80,50,53,53,80,80,80,56,74,80,80,80,80,70,80,80,65,65,47,53,53,80,80,80,55],"items_purged":[],"gold":61,"score":1266,"play_id":"22e59892-31e0-4db7-a308-151fdbf35618","local_time":"20180519012136","is_prod":false,"is_daily":false,"chose_seed":false,"is_ascension_mode":true,"campfire_upgraded":6,"timestamp":1526707296,"campfire_choices":[{"data":"Inflame","floor":12,"key":"SMITH"},{"data":"Heavy Blade","floor":15,"key":"SMITH"},{"data":"Sword Boomerang","floor":24,"key":"SMITH"},{"data":"Burning Pact","floor":29,"key":"SMITH"},{"data":"Shockwave","floor":32,"key":"SMITH"},{"data":"Demon Form","floor":49,"key":"SMITH"}],"path_taken":["M","M","M","?","M","E","M","E","T","E","?","R","?","M","R","BOSS","M","$","M","M","M","E","R","M","T","E","M","R","E","?","R","BOSS","M","?","?","$","?","E","M","E","T","M","M","?","E","?","R","BOSS"],"build_version":"2018-05-17","seed_source_timestamp":847374745300643,"purchased_purges":0,"victory":true,"master_deck":["Strike_R","Strike_R+1","Strike_R+1","Defend_R","Defend_R","Defend_R","Defend_R","Bash+1","AscendersBane","Burning Pact+1","Sword Boomerang+1","Inflame+1","Heavy Blade+1","Shockwave+1","Headbutt","Reaper","Thunderclap+1","Pommel Strike+1","Thunderclap+1","Limit Break+1","Shrug It Off+1","Iron Wave+1","Battle Trance+1","Warcry+1","Warcry+1","Whirlwind+1","Pommel Strike+1","Reaper+1","Demon Form+1","True Grit+1","Writhe","Panache","Warcry+1","Flame Barrier+1","Parasite","Shrug It Off+1","Shrug It Off+1","True Grit+1","Injury"],"max_hp_per_floor":[80,80,80,80,80,80,80,80,80,80,80,80,80,80,80,80,80,80,80,80,80,80,80,80,80,80,80,80,80,80,80,80,80,80,80,80,80,80,80,80,80,80,80,80,80,80,80,80,80,80],"relics":["Burning Blood","Centennial Puzzle","Unceasing Top","Toxic Egg 2","Molten Egg 2","Meat on the Bone","Velvet Choker","Du-Vu Doll","Art of War","Whetstone","Ginger","Pen Nib","Red Mask","Cursed Key","Ice Cream","Kunai","Prayer Wheel","Gremlin Horn","Shovel","Orichalcum","Champion Belt","Ancient Tea Set"],"card_choices":[{"not_picked":["Perfected Strike","Anger"],"picked":"Burning Pact","floor":1},{"not_picked":["Blood for Blood","Havoc"],"picked":"Sword Boomerang","floor":2},{"not_picked":["Perfected Strike","Evolve"],"picked":"Inflame","floor":3},{"not_picked":["Second Wind","Clothesline"],"picked":"Heavy Blade","floor":5},{"not_picked":["Anger","Intimidate"],"picked":"Shockwave","floor":6},{"not_picked":["Clash","Infernal Blade"],"picked":"Headbutt","floor":7},{"not_picked":["Clash","Combust"],"picked":"Reaper","floor":8},{"not_picked":["Flex+1","Rupture"],"picked":"Thunderclap","floor":10},{"not_picked":["Wild Strike+1","Rupture"],"picked":"Pommel Strike+1","floor":13},{"not_picked":["Cleave+1","Wild Strike+1"],"picked":"Thunderclap+1","floor":14},{"not_picked":["Feed+1","Bludgeon+1"],"picked":"Limit Break+1","floor":16},{"not_picked":["Evolve","Body Slam+1"],"picked":"Shrug It Off+1","floor":18},{"not_picked":["Sever Soul+1","Searing Blow+1"],"picked":"Iron Wave+1","floor":20},{"not_picked":["Clothesline+1","Corruption+1"],"picked":"Battle Trance+1","floor":21},{"not_picked":["Sword Boomerang+1","Wild Strike+1"],"picked":"Warcry+1","floor":22},{"not_picked":["Double Tap+1","Combust","Battle Trance+1"],"picked":"SKIP","floor":23},{"not_picked":["Clash+1","Sword Boomerang+1"],"picked":"Warcry+1","floor":25},{"not_picked":["Twin Strike+1","Intimidate+1"],"picked":"Whirlwind+1","floor":27},{"not_picked":["Wild Strike+1","Twin Strike+1","Clothesline+1"],"picked":"SKIP","floor":28},{"not_picked":["Iron Wave+1","Wild Strike+1"],"picked":"Pommel Strike+1","floor":30},{"not_picked":["Armaments+1","Fire Breathing"],"picked":"Reaper+1","floor":31},{"not_picked":["Immolate+1","Exhume+1"],"picked":"Demon Form","floor":33},{"not_picked":["Headbutt+1","Anger+1"],"picked":"True Grit+1","floor":35},{"not_picked":["Blind","Swift Strike"],"picked":"Panache","floor":39},{"not_picked":["True Grit+1","Sever Soul+1"],"picked":"Warcry+1","floor":40},{"not_picked":["Twin Strike+1","Flex+1","Rupture"],"picked":"SKIP","floor":41},{"not_picked":["Searing Blow+1","Flex+1","Havoc+1"],"picked":"SKIP","floor":41},{"not_picked":["Berserk","Spot Weakness+1"],"picked":"Flame Barrier+1","floor":42},{"not_picked":["Wild Strike+1","Twin Strike+1"],"picked":"Shrug It Off+1","floor":44},{"not_picked":["Uppercut+1","Pommel Strike+1"],"picked":"Shrug It Off+1","floor":44},{"not_picked":["Dual Wield+1","Sever Soul+1"],"picked":"True Grit+1","floor":45},{"not_picked":["True Grit+1","Clothesline+1","Flex+1"],"picked":"SKIP","floor":45},{"not_picked":["Inflame+1","Searing Blow+1","Clash+1"],"picked":"SKIP","floor":47}],"player_experience":199742,"potions_floor_usage":[8,16,16,23,23,27,50,50],"damage_taken":[{"damage":5,"enemies":"Jaw Worm","floor":1,"turns":5},{"damage":1,"enemies":"Cultist","floor":2,"turns":4},{"damage":5,"enemies":"2 Louse","floor":3,"turns":3},{"damage":18,"enemies":"Exordium Wildlife","floor":5,"turns":5},{"damage":30,"enemies":"3 Sentries","floor":6,"turns":9},{"damage":15,"enemies":"Red Slaver","floor":7,"turns":5},{"damage":2,"enemies":"Gremlin Nob","floor":8,"turns":3},{"damage":20,"enemies":"Lagavulin","floor":10,"turns":7},{"damage":0,"enemies":"Large Slime","floor":13,"turns":4},{"damage":6,"enemies":"Looter","floor":14,"turns":2},{"damage":40,"enemies":"Hexaghost","floor":16,"turns":9},{"damage":22,"enemies":"2 Thieves","floor":18,"turns":2},{"damage":7,"enemies":"Chosen","floor":20,"turns":2},{"damage":24,"enemies":"Slaver and Parasite","floor":21,"turns":5},{"damage":54,"enemies":"Snake Plant","floor":22,"turns":7},{"damage":29,"enemies":"Gremlin Leader","floor":23,"turns":4},{"damage":23,"enemies":"Centurion and Healer","floor":25,"turns":9},{"damage":77,"enemies":"Slavers","floor":27,"turns":14},{"damage":15,"enemies":"Snecko","floor":28,"turns":5},{"damage":11,"enemies":"Gremlin Leader","floor":30,"turns":4},{"damage":0,"enemies":"Masked Bandits","floor":31,"turns":2},{"damage":30,"enemies":"Automaton","floor":33,"turns":5},{"damage":31,"enemies":"Orb Walker","floor":35,"turns":3},{"damage":9,"enemies":"Giant Head","floor":40,"turns":5},{"damage":0,"enemies":"3 Darklings","floor":41,"turns":1},{"damage":49,"enemies":"2 Orb Walkers","floor":42,"turns":3},{"damage":24,"enemies":"Maw","floor":44,"turns":3},{"damage":0,"enemies":"Sphere and 2 Shapes","floor":45,"turns":3},{"damage":9,"enemies":"Nemesis","floor":47,"turns":5},{"damage":63,"enemies":"Time Eater","floor":50,"turns":8}],"relics_obtained":[{"floor":6,"key":"Centennial Puzzle"},{"floor":8,"key":"Unceasing Top"},{"floor":9,"key":"Toxic Egg 2"},{"floor":10,"key":"Molten Egg 2"},{"floor":23,"key":"Art of War"},{"floor":26,"key":"Whetstone"},{"floor":27,"key":"Ginger"},{"floor":30,"key":"Pen Nib"},{"floor":31,"key":"Red Mask"},{"floor":40,"key":"Prayer Wheel"},{"floor":42,"key":"Gremlin Horn"},{"floor":43,"key":"Shovel"},{"floor":46,"key":"Orichalcum"},{"floor":47,"key":"Champion Belt"}],"event_choices":[{"event_name":"Accursed Blacksmith","player_choice":"Forge","floor":4,"damage_taken":0},{"event_name":"Dead Adventurer","player_choice":"Searched \u00272\u0027 times","floor":11,"damage_taken":0},{"event_name":"Masked Bandits","player_choice":"Fought over 250 gold","floor":31,"damage_taken":0},{"event_name":"Tomb of Lord Red Mask","player_choice":"Wore Mask","floor":36,"damage_taken":0},{"event_name":"Winding Halls","player_choice":"Writhe","floor":37,"damage_taken":0},{"event_name":"SensoryStone","player_choice":"Memory 3","floor":39,"damage_taken":0}],"boss_relics":[{"not_picked":["Runic Pyramid","Orrery"],"picked":"Velvet Choker"},{"not_picked":["Astrolabe","Mark of Pain"],"picked":"Cursed Key"}],"potions_floor_spawned":[1,6,7,8,14,20,21,22,27,31,40,44,45],"seed_played":"1035084171725310073","ascension_level":10,"potions_obtained":[{"floor":1,"key":"FairyPotion"},{"floor":6,"key":"EssenceOfSteel"},{"floor":7,"key":"EssenceOfSteel"},{"floor":8,"key":"Block Potion"},{"floor":20,"key":"Ancient Potion"},{"floor":21,"key":"PowerPotion"},{"floor":22,"key":"FearPotion"},{"floor":27,"key":"Dexterity Potion"},{"floor":31,"key":"Strength Potion"},{"floor":40,"key":"PowerPotion"},{"floor":44,"key":"SteroidPotion"}],"is_trial":false}