{"path_per_floor":["M","M","M","M","$","R","M","R","T","M","$","M","E","M","R","B",null,"M","M","M","$","?","R","E","$","T","R","M","R","?","M","R","B",null,"M","$","?","M","M","E","?","E","T","E","M","$","R","?","R","B"],"character_chosen":"THE_SILENT","items_purchased":["Noxious Fumes","Footwork","War Paint","Well Laid Plans","Backflip"],"gold_per_floor":[116,136,147,158,4,4,20,20,71,88,14,28,58,71,71,174,174,187,205,221,10,10,10,39,39,39,39,49,49,49,63,63,167,197,215,65,65,82,96,124,174,200,200,231,248,123,123,123,123,123],"floor_reached":51,"campfire_rested":1,"playtime":5512,"current_hp_per_floor":[70,70,70,70,70,70,63,63,63,63,63,63,63,62,62,62,70,70,70,69,69,69,69,61,61,61,61,60,60,60,60,60,54,75,75,75,75,75,75,75,71,87,87,58,55,55,82,82,82,73],"items_purged":["Strike_G","Strike_G","Strike_G"],"gold":123,"play_id":"cf9fb7ba-4b9b-477a-a2e2-02c5adb09acb","is_prod":false,"is_daily":false,"is_ascension_mode":false,"campfire_upgraded":8,"path_taken":["M","M","M","M","?","R","M","R","T","M","$","?","E","M","R","BOSS","M","?","M","$","?","R","E","$","T","R","M","R","?","?","R","BOSS","M","$","?","M","M","E","?","E","T","E","M","$","R","?","R","BOSS"],"build_version":"2018-01-25-PROD3","purchased_purges":3,"victory":true,"master_deck":["Defend_G","Defend_G","Defend_G","Defend_G","Defend_G","Strike_G","Neutralize+1","Leg Sweep+1","Footwork+1","Catalyst+1","Noxious Fumes+1","Escape Plan","Footwork+1","Quick Slash","Calculated Gamble+1","Adrenaline+1","Predator+1","Deadly Poison+1","Well Laid Plans+1","Writhe","Blur","Bullet Time+1","Escape Plan","Dodge and Roll+1","Backflip","Choke+1","Backflip+1"],"max_hp_per_floor":[70,70,70,70,70,70,70,70,70,70,70,70,70,70,70,70,70,70,70,70,70,70,70,70,70,70,70,70,70,70,70,70,70,75,75,75,75,75,75,75,75,87,87,89,91,91,91,91,91,91],"relics":["Ring of the Snake","Snake Skull","Shuriken","Black Star","War Paint","Bag of Marbles","Paper Crane","Calipers","Tiny House","Singing Bowl","Molten Egg","Sundial","Ninja Scroll","Pear","Thread and Needle","Pen Nib","Prayer Wheel"],"card_choices":[{"not_picked":["Underhanded Strike","PiercingWail"],"picked":"Leg Sweep"},{"not_picked":["Backflip","Endless Agony"],"picked":"Footwork"},{"not_picked":["Deflect","Finisher"],"picked":"Catalyst"},{"not_picked":["Bane","Cloak And Dagger"],"picked":"Escape Plan"},{"not_picked":["Terror","A Thousand Cuts"],"picked":"Quick Slash"},{"not_picked":["Underhanded Strike","Concentrate"],"picked":"Calculated Gamble"},{"not_picked":["Bullet Time","Venomology"],"picked":"Adrenaline"},{"not_picked":["Riddle With Holes","Bane"],"picked":"Predator"},{"not_picked":["Dodge and Roll","Quick Slash"],"picked":"Deadly Poison"},{"not_picked":["Poisoned Stab","Noxious Fumes"],"picked":"Blur"},{"not_picked":["Venomology","A Thousand Cuts"],"picked":"Bullet Time"},{"not_picked":["Blur","Calculated Gamble"],"picked":"Escape Plan"},{"not_picked":["Sucker Punch","PiercingWail"],"picked":"Dodge and Roll"},{"not_picked":["Poisoned Stab","A Thousand Cuts"],"picked":"Choke"},{"not_picked":["Riddle With Holes","Sucker Punch"],"picked":"Backflip"}],"player_experience":260480,"potions_floor_usage":[16,18,18,20,33,38,42,44,44,50],"damage_taken":[{"damage":0,"enemies":"Blue Slaver","floor":1,"turns":5},{"damage":0,"enemies":"Jaw Worm","floor":2,"turns":10},{"damage":0,"enemies":"Small Slimes","floor":3,"turns":6},{"damage":0,"enemies":"Red Slaver","floor":4,"turns":7},{"damage":7,"enemies":"Looter","floor":7,"turns":5},{"damage":0,"enemies":"Large Slime","floor":10,"turns":7},{"damage":0,"enemies":"Red Slaver","floor":12,"turns":4},{"damage":0,"enemies":"Lagavulin","floor":13,"turns":8},{"damage":1,"enemies":"Exordium Wildlife","floor":14,"turns":4},{"damage":0,"enemies":"Hexaghost","floor":16,"turns":10},{"damage":0,"enemies":"Chosen","floor":18,"turns":6},{"damage":0,"enemies":"Spheric Guardian","floor":19,"turns":6},{"damage":1,"enemies":"Snake Plant","floor":20,"turns":5},{"damage":8,"enemies":"Book of Stabbing","floor":24,"turns":6},{"damage":1,"enemies":"Snecko","floor":28,"turns":6},{"damage":0,"enemies":"Slaver and Parasite","floor":31,"turns":5},{"damage":6,"enemies":"Automaton","floor":33,"turns":12},{"damage":0,"enemies":"Orb Walker","floor":35,"turns":5},{"damage":0,"enemies":"3 Darklings","floor":38,"turns":6},{"damage":0,"enemies":"Sphere and 2 Shapes","floor":39,"turns":7},{"damage":0,"enemies":"Nemesis","floor":40,"turns":7},{"damage":4,"enemies":"Mysterious Sphere","floor":41,"turns":6},{"damage":0,"enemies":"Giant Head","floor":42,"turns":11},{"damage":31,"enemies":"2 Orb Walkers","floor":44,"turns":9},{"damage":5,"enemies":"4 Shapes","floor":45,"turns":6},{"damage":9,"enemies":"Donu and Deca","floor":50,"turns":12}],"event_choices":[{"event_name":"The Mausoleum","player_choice":"Yes","floor":22,"damage_taken":0},{"event_name":"Beggar","player_choice":"Ignored","floor":30,"damage_taken":0},{"event_name":"The Woman in Blue","player_choice":"Bought 0 Potions","floor":37,"damage_taken":0},{"event_name":"Mysterious Sphere","player_choice":"Fight","floor":41,"damage_taken":0}],"boss_relics":[{"not_picked":["Eternal Feather","Calling Bell"],"picked":"Black Star"},{"not_picked":["Question Card","Runic Pyramid"],"picked":"Tiny House"}],"potions_floor_spawned":[2,7,10,13,18,20,31,33,35,38,41,45],"seed_played":"2080338601574534673","ascension_level":0,"is_trial":false}