{"gold_per_floor":[118,118,131,56,0,0,33,53,53,84,84,101,101,119,119,215,215,233,246,54,67,67,67,87,87,168,179,214,214,21,34,34,139,139,150,150,161,181,201,231,246,265,265,265,0,0,11,111,111,111],"floor_reached":51,"playtime":5668,"items_purged":["Pain","Doubt"],"score":883,"play_id":"931a78bb-73ee-4828-a2d5-ca797adc887d","local_time":"20190219180033","is_ascension_mode":true,"campfire_choices":[{"data":"Zap","floor":6,"key":"SMITH"},{"data":"Reinforced Body","floor":11,"key":"SMITH"},{"data":"Dualcast","floor":13,"key":"SMITH"},{"data":"Scrape","floor":15,"key":"SMITH"},{"data":"Hologram","floor":23,"key":"SMITH"},{"data":"Violence","floor":25,"key":"SMITH"},{"floor":32,"key":"REST"},{"data":"Capacitor","floor":44,"key":"SMITH"},{"data":"Leap","floor":46,"key":"SMITH"},{"data":"Stack","floor":49,"key":"SMITH"}],"neow_cost":"NONE","seed_source_timestamp":209519344756400,"circlet_count":0,"master_deck":["Strike_B","Strike_B","Strike_B","Strike_B","Defend_B","Defend_B","Defend_B","Defend_B","Zap+1","Dualcast+1","Gash","Scrape+1","Electrodynamics","Leap+1","Reinforced Body+1","Chill","Beam Cell","All For One+1","Hologram+1","Cold Snap+1","Violence+1","Beam Cell","Beam Cell+1","Gash","Redo+1","Forethought","Buffer+1","Go for the Eyes+1","Compile Driver+1","Sweeping Beam+1","Capacitor+1","Undo+1","Pain","Stack+1","Static Discharge+1"],"relics":["Cracked Core","NeowsBlessing","WarpedTongs","Darkstone Periapt","Lantern","Anchor","Shuriken","Cursed Key","Kunai","Cables","Eternal Feather","Potion Belt","The Courier","Red Mask","Emotion Chip"],"potions_floor_usage":[16,19,28,33,33,50,50,50],"damage_taken":[{"damage":0,"enemies":"2 Louse","floor":1,"turns":1},{"damage":1,"enemies":"Cultist","floor":3,"turns":1},{"damage":0,"enemies":"Gremlin Nob","floor":7,"turns":1},{"damage":0,"enemies":"Small Slimes","floor":8,"turns":2},{"damage":15,"enemies":"Lagavulin","floor":10,"turns":6},{"damage":5,"enemies":"Gremlin Gang","floor":12,"turns":4},{"damage":0,"enemies":"Lots of Slimes","floor":14,"turns":1},{"damage":9,"enemies":"Slime Boss","floor":16,"turns":6},{"damage":4,"enemies":"Spheric Guardian","floor":18,"turns":3},{"damage":0,"enemies":"3 Byrds","floor":19,"turns":2},{"damage":16,"enemies":"Snecko","floor":21,"turns":5},{"damage":0,"enemies":"Cultist and Chosen","floor":24,"turns":3},{"damage":0,"enemies":"Centurion and Healer","floor":27,"turns":2},{"damage":30,"enemies":"Gremlin Leader","floor":28,"turns":5},{"damage":2,"enemies":"3 Cultists","floor":31,"turns":4},{"damage":23,"enemies":"Automaton","floor":33,"turns":10},{"damage":0,"enemies":"3 Shapes","floor":35,"turns":3},{"damage":12,"enemies":"Orb Walker","floor":37,"turns":3},{"damage":1,"enemies":"Writhing Mass","floor":38,"turns":5},{"damage":3,"enemies":"Spire Growth","floor":39,"turns":4},{"damage":21,"enemies":"Reptomancer","floor":40,"turns":4},{"damage":7,"enemies":"3 Darklings","floor":41,"turns":4},{"damage":0,"enemies":"Maw","floor":42,"turns":5},{"damage":4,"enemies":"Sphere and 2 Shapes","floor":47,"turns":3},{"damage":7,"enemies":"Mind Bloom Boss Battle","floor":48,"turns":6},{"damage":18,"enemies":"Awakened One","floor":50,"turns":14}],"seed_played":"-5218649741651399216","potions_obtained":[{"floor":7,"key":"FearPotion"},{"floor":8,"key":"Dexterity Potion"},{"floor":10,"key":"FearPotion"},{"floor":16,"key":"Regen Potion"},{"floor":18,"key":"PowerPotion"},{"floor":19,"key":"Poison Potion"},{"floor":22,"key":"Swift Potion"},{"floor":33,"key":"PowerPotion"},{"floor":37,"key":"Explosive Potion"},{"floor":40,"key":"Explosive Potion"},{"floor":41,"key":"Strength Potion"},{"floor":42,"key":"SkillPotion"}],"is_trial":false,"path_per_floor":["M","?","M","$","?","R","E","M","T","E","R","M","R","M","R","B",null,"M","M","$","M","?","R","M","R","T","M","E","?","$","M","R","B",null,"M","?","M","M","M","E","M","M","T","R","?","R","M","?","R","B",null],"character_chosen":"DEFECT","items_purchased":["Violence","Forethought"],"campfire_rested":1,"item_purchase_floors":[20,30],"current_hp_per_floor":[75,75,74,74,74,74,74,74,74,59,59,54,54,54,54,45,68,64,64,64,48,48,48,48,48,54,54,24,24,24,22,46,38,70,70,70,58,57,54,33,26,26,32,50,50,68,64,57,78,60],"gold":111,"neow_bonus":"THREE_ENEMY_KILL","is_prod":false,"is_daily":false,"chose_seed":false,"campfire_upgraded":9,"win_rate":0,"timestamp":1550595633,"path_taken":["M","?","?","$","?","R","E","?","T","E","R","M","R","M","R","BOSS","M","?","$","M","?","R","M","R","T","?","E","?","$","?","R","BOSS","M","?","M","M","M","E","M","?","T","R","?","R","M","?","R","BOSS"],"build_version":"2019-01-23","purchased_purges":2,"victory":true,"max_hp_per_floor":[75,75,75,75,75,75,75,75,75,75,75,75,75,75,75,75,75,75,75,75,75,75,75,75,75,81,81,81,81,81,81,81,81,81,81,81,81,81,81,81,81,81,87,87,87,87,87,87,87,87],"card_choices":[{"not_picked":["Coolheaded","Loop"],"picked":"Gash","floor":1},{"not_picked":["Lockon","Sunder"],"picked":"Scrape","floor":3},{"not_picked":["Stack","Glacier"],"picked":"Electrodynamics","floor":7},{"not_picked":["Lockon","Tempest"],"picked":"Leap","floor":8},{"not_picked":["Skim","Compile Driver"],"picked":"Reinforced Body","floor":10},{"not_picked":["Barrage","Rip and Tear"],"picked":"Chill","floor":12},{"not_picked":["Conserve Battery","Steam"],"picked":"Beam Cell","floor":14},{"not_picked":["Fission","Core Surge"],"picked":"All For One","floor":16},{"not_picked":["Genetic Algorithm","Turbo"],"picked":"Hologram","floor":18},{"not_picked":["Leap","Streamline"],"picked":"Cold Snap+1","floor":19},{"not_picked":["Skim","Coolheaded"],"picked":"Beam Cell","floor":21},{"not_picked":["Force Field+1","Coolheaded"],"picked":"Beam Cell+1","floor":24},{"not_picked":["Steam","Coolheaded"],"picked":"Gash","floor":27},{"not_picked":["Darkness","Fusion"],"picked":"Redo+1","floor":28},{"not_picked":["Streamline","Electrodynamics","Heatsinks"],"picked":"SKIP","floor":31},{"not_picked":["Amplify","Hyperbeam"],"picked":"Buffer","floor":33},{"not_picked":["Reinforced Body","Cold Snap","Streamline"],"picked":"SKIP","floor":35},{"not_picked":["Glacier","Compile Driver"],"picked":"Go for the Eyes+1","floor":37},{"not_picked":["Conserve Battery","Fusion"],"picked":"Compile Driver+1","floor":38},{"not_picked":["Double Energy+1","Creative AI"],"picked":"Sweeping Beam+1","floor":39},{"not_picked":["Turbo","Barrage","Scrape"],"picked":"SKIP","floor":40},{"not_picked":["Reinforced Body","Beam Cell+1"],"picked":"Capacitor","floor":41},{"not_picked":["Rebound+1","Leap"],"picked":"Undo+1","floor":42},{"not_picked":["Ball Lightning+1","Conserve Battery"],"picked":"Stack","floor":47},{"not_picked":["Recycle+1","Reprogram+1"],"picked":"Static Discharge+1","floor":48}],"player_experience":323913,"relics_obtained":[{"floor":7,"key":"Lantern"},{"floor":9,"key":"Anchor"},{"floor":10,"key":"Shuriken"},{"floor":26,"key":"Kunai"},{"floor":28,"key":"Cables"},{"floor":40,"key":"Potion Belt"},{"floor":43,"key":"The Courier"},{"floor":48,"key":"Emotion Chip"}],"event_choices":[{"damage_healed":0,"gold_gain":0,"player_choice":"Rummage","damage_taken":0,"relics_obtained":["WarpedTongs"],"max_hp_gain":0,"max_hp_loss":0,"event_name":"Accursed Blacksmith","floor":2,"gold_loss":0,"cards_obtained":["Pain"]},{"damage_healed":0,"gold_gain":0,"player_choice":"Paid Gold","damage_taken":0,"relics_obtained":["Darkstone Periapt"],"max_hp_gain":0,"max_hp_loss":0,"event_name":"WeMeetAgain","floor":5,"gold_loss":56},{"damage_healed":0,"gold_gain":0,"player_choice":"Got Potions","damage_taken":0,"max_hp_gain":0,"max_hp_loss":0,"event_name":"Lab","floor":22,"gold_loss":0},{"damage_healed":0,"gold_gain":0,"player_choice":"Upgraded","damage_taken":0,"max_hp_gain":0,"max_hp_loss":0,"event_name":"Upgrade Shrine","floor":29,"gold_loss":0,"cards_upgraded":["All For One"]},{"damage_healed":0,"gold_gain":0,"player_choice":"Upgraded","damage_taken":0,"max_hp_gain":0,"max_hp_loss":0,"event_name":"Upgrade Shrine","floor":36,"gold_loss":0,"cards_upgraded":["Buffer"]},{"damage_healed":0,"gold_gain":0,"player_choice":"Paid","damage_taken":0,"relics_obtained":["Red Mask"],"max_hp_gain":0,"max_hp_loss":0,"event_name":"Tomb of Lord Red Mask","floor":45,"gold_loss":265},{"damage_healed":0,"gold_gain":0,"player_choice":"Fight","damage_taken":0,"max_hp_gain":0,"max_hp_loss":0,"event_name":"MindBloom","floor":48,"gold_loss":0}],"is_beta":false,"boss_relics":[{"not_picked":["Fusion Hammer","Busted Crown"],"picked":"Cursed Key"},{"not_picked":["White Beast Statue","Pandora\u0027s Box"],"picked":"Eternal Feather"}],"items_purged_floors":[4,30],"is_endless":false,"potions_floor_spawned":[7,8,10,16,18,19,27,33,37,40,41,42],"ascension_level":5}