{"gold_per_floor":[114,114,114,131,143,176,176,176],"floor_reached":8,"playtime":461,"items_purged":[],"score":81,"play_id":"16ff4930-4e80-4c2f-979f-954aa5235b31","local_time":"20190225193312","is_ascension_mode":true,"campfire_choices":[{"floor":7,"key":"REST"}],"neow_cost":"NONE","seed_source_timestamp":889970046695644,"circlet_count":0,"master_deck":["Strike_R","Strike_R","Strike_R","Strike_R","Strike_R","Defend_R","Defend_R","Defend_R","Defend_R","Bash","Demon Form","Rampage","Havoc","Disarm"],"relics":["Burning Blood","Smiling Mask","Prayer Wheel"],"potions_floor_usage":[6,6,8],"damage_taken":[{"damage":11,"enemies":"Cultist","floor":1,"turns":4},{"damage":14,"enemies":"2 Louse","floor":4,"turns":3},{"damage":4,"enemies":"Jaw Worm","floor":5,"turns":5},{"damage":31,"enemies":"Gremlin Nob","floor":6,"turns":4},{"damage":43,"enemies":"3 Sentries","floor":8,"turns":8}],"seed_played":"-5403863555404121130","potions_obtained":[{"floor":1,"key":"AttackPotion"},{"floor":3,"key":"Explosive Potion"},{"floor":3,"key":"EssenceOfSteel"},{"floor":5,"key":"FearPotion"}],"is_trial":false,"path_per_floor":["M","?","?","M","M","E","R","E"],"character_chosen":"IRONCLAD","items_purchased":[],"campfire_rested":1,"item_purchase_floors":[],"current_hp_per_floor":[67,49,49,41,43,18,42,0],"gold":176,"neow_bonus":"ONE_RANDOM_RARE_CARD","is_prod":false,"is_daily":false,"chose_seed":false,"campfire_upgraded":0,"win_rate":0,"timestamp":1551141192,"path_taken":["M","?","?","M","M","E","R","E"],"build_version":"2019-01-23","purchased_purges":0,"victory":false,"max_hp_per_floor":[80,80,80,80,80,80,80,80],"card_choices":[{"not_picked":["Feel No Pain","Corruption"],"picked":"Rampage","floor":1},{"not_picked":["Perfected Strike","Heavy Blade"],"picked":"Havoc","floor":4},{"not_picked":["Burning Pact","Havoc","Pummel"],"picked":"SKIP","floor":5},{"not_picked":["Blood for Blood","Whirlwind"],"picked":"Disarm","floor":6}],"player_experience":1675737,"relics_obtained":[{"floor":6,"key":"Prayer Wheel"}],"event_choices":[{"damage_healed":0,"gold_gain":0,"player_choice":"Success","damage_taken":18,"relics_obtained":["Smiling Mask"],"max_hp_gain":0,"max_hp_loss":0,"event_name":"Scrap Ooze","floor":2,"gold_loss":0},{"damage_healed":0,"gold_gain":0,"player_choice":"Got Potions","damage_taken":0,"max_hp_gain":0,"max_hp_loss":0,"event_name":"Lab","floor":3,"gold_loss":0}],"is_beta":false,"boss_relics":[],"items_purged_floors":[],"is_endless":false,"potions_floor_spawned":[1,5],"killed_by":"3 Sentries","ascension_level":9}