{"path_per_floor":["M","M","M","M","M","R","M","R","T","?","?","R","$","E","R","B",null,"M","?","$","M","?","R","M","?","T","E","M","M","R","M","R"],"character_chosen":"IRONCLAD","items_purchased":["Apotheosis"],"gold_per_floor":[212,228,245,263,280,280,290,290,313,313,263,263,0,34,34,138,138,148,148,148,163,163,163,183,153,178,242,252,268,268,284,284],"floor_reached":33,"campfire_rested":1,"playtime":1839,"current_hp_per_floor":[75,78,80,69,70,70,66,66,66,66,66,66,66,38,38,9,80,80,65,65,69,69,69,63,63,63,30,33,27,27,24,53],"items_purged":["Defend_R"],"gold":284,"play_id":"6c7c2108-cabf-48fd-a125-86be3be13a22","is_prod":false,"is_daily":false,"campfire_rituals":0,"campfire_upgraded":6,"is_hardmode":false,"path_taken":["M","M","M","M","?","R","M","R","T","?","?","R","$","E","R","BOSS","M","?","$","M","?","R","?","?","T","E","M","M","R","M","R","BOSS"],"build_version":"2018-01-18-PROD4","purchased_purges":1,"victory":false,"master_deck":["Strike_R","Strike_R","Strike_R","Strike_R","Strike_R","Defend_R","Defend_R","Bash","Clothesline","Perfected Strike","Armaments","Pommel Strike","Headbutt","Bludgeon","Apotheosis","Demon Form","Feed","Spot Weakness","Perfected Strike","Whirlwind","Shrug It Off","Heavy Blade","Pommel Strike","Shrug It Off"],"max_hp_per_floor":[80,80,80,80,80,80,80,80,80,80,80,80,80,80,80,80,80,84,89,89,93,93,93,97,97,97,97,97,97,97,97,97],"relics":["Burning Blood","Lantern","Oddly Smooth Stone","Bag of Preparation","Orrery","Omamori","Tiny Chest"],"campfire_meditates":0,"card_choices":[{"not_picked":["Entrench","Havoc"],"picked":"Clothesline"},{"not_picked":["Ghostly Armor","Carnage"],"picked":"Perfected Strike"},{"not_picked":["Sword Boomerang","True Grit"],"picked":"Armaments"},{"not_picked":["Sword Boomerang","Clash"],"picked":"Pommel Strike"},{"not_picked":["Flame Barrier","Body Slam"],"picked":"Headbutt"},{"not_picked":["Pommel Strike","Iron Wave"],"picked":"Bludgeon"},{"not_picked":["Wild Strike","Dropkick"],"picked":"Demon Form"},{"not_picked":["Demon Form","Reaper"],"picked":"Feed"},{"not_picked":["Body Slam","True Grit"],"picked":"Spot Weakness"},{"not_picked":["Bloodletting","Disarm"],"picked":"Perfected Strike"},{"not_picked":["Clash","Infernal Blade"],"picked":"Whirlwind"},{"not_picked":["Evolve","Body Slam"],"picked":"Shrug It Off"},{"not_picked":["Pommel Strike","Wild Strike"],"picked":"Heavy Blade"},{"not_picked":["Combust","Ghostly Armor"],"picked":"Pommel Strike"},{"not_picked":["Power Through","Feel No Pain"],"picked":"Shrug It Off"}],"player_experience":178192,"potions_floor_usage":[14,24,28,29,29,33],"damage_taken":[{"damage":11,"enemies":"Blue Slaver","floor":1,"turns":4},{"damage":3,"enemies":"Jaw Worm","floor":2,"turns":4},{"damage":0,"enemies":"Cultist","floor":3,"turns":3},{"damage":17,"enemies":"Exordium Wildlife","floor":4,"turns":4},{"damage":5,"enemies":"Looter","floor":5,"turns":3},{"damage":10,"enemies":"Large Slime","floor":7,"turns":5},{"damage":34,"enemies":"3 Sentries","floor":14,"turns":4},{"damage":35,"enemies":"Slime Boss","floor":16,"turns":6},{"damage":10,"enemies":"2 Thieves","floor":18,"turns":4},{"damage":6,"enemies":"3 Byrds","floor":21,"turns":4},{"damage":16,"enemies":"Centurion and Healer","floor":24,"turns":6},{"damage":39,"enemies":"Slavers","floor":27,"turns":6},{"damage":3,"enemies":"Snecko","floor":28,"turns":3},{"damage":12,"enemies":"3 Cultists","floor":29,"turns":3},{"damage":9,"enemies":"Snake Plant","floor":31,"turns":3},{"damage":54,"enemies":"Automaton","floor":33,"turns":6}],"event_choices":[{"event_name":"Dead Adventurer","player_choice":"Searched \u00271\u0027 times","floor":10,"damage_taken":0},{"event_name":"The Cleric","player_choice":"Card Removal","floor":11,"damage_taken":0},{"event_name":"Forgotten Altar","player_choice":"Shed Blood","floor":19,"damage_taken":0},{"event_name":"Vampires","player_choice":"Ignored","floor":22,"damage_taken":0},{"event_name":"The Woman in Blue","player_choice":"Bought 2 Potions","floor":25,"damage_taken":0}],"boss_relics":[{"not_picked":["Runic Cube","Lizard Tail"],"picked":"Orrery"}],"potions_floor_spawned":[2,3,5,28,31],"seed_played":"-1831029315974842278","killed_by":"Automaton","is_trial":false}