{"gold_per_floor":[113,113,113,113,123,150,169,179,205,217,217,60,79,90,90,187,187,197,215,63,74,92,106,106,121,121,132,132,160,160,180,180,284,284,297,207,218,234,234],"floor_reached":39,"playtime":6894,"items_purged":["Defend_R"],"score":413,"play_id":"6c387bc1-d3f5-43c4-b072-e66d1600221d","local_time":"20181116205613","is_ascension_mode":false,"campfire_choices":[{"data":"Rampage","floor":11.0,"key":"SMITH"},{"data":"Iron Wave","floor":15.0,"key":"SMITH"},{"floor":24,"key":"REST"},{"floor":28,"key":"REST"},{"floor":32,"key":"REST"}],"neow_cost":"NONE","seed_source_timestamp":0,"circlet_count":0,"master_deck":["Strike_R","Strike_R","Strike_R+1","Strike_R+1","Strike_R","Defend_R+1","Defend_R","Twin Strike","Anger","Rampage+1","Infernal Blade","Clash","Clash","Dark Shackles","Iron Wave+1","True Grit","Feed","Clash+1","Carnage","Cleave","Uppercut+1","Dark Embrace","True Grit","Whirlwind+1","Clothesline","Combust","Flex","Flex+1"],"special_seed":0,"relics":["Burning Blood","NeowsBlessing","Bottled Flame","Whetstone","Fusion Hammer","Orichalcum","Blood Vial","Smiling Mask","Orrery"],"potions_floor_usage":[27,27,33,33,38],"damage_taken":[{"damage":0.0,"enemies":"Small Slimes","floor":1.0,"turns":1.0},{"damage":0.0,"enemies":"Cultist","floor":3.0,"turns":1.0},{"damage":0.0,"enemies":"Jaw Worm","floor":5.0,"turns":1.0},{"damage":34.0,"enemies":"3 Sentries","floor":6.0,"turns":10.0},{"damage":4.0,"enemies":"Red Slaver","floor":7.0,"turns":3.0},{"damage":3.0,"enemies":"Lots of Slimes","floor":8.0,"turns":4.0},{"damage":11.0,"enemies":"3 Louse","floor":10.0,"turns":3.0},{"damage":0.0,"enemies":"Gremlin Gang","floor":13.0,"turns":3.0},{"damage":1.0,"enemies":"Exordium Wildlife","floor":14.0,"turns":3.0},{"damage":61.0,"enemies":"The Guardian","floor":16.0,"turns":11.0},{"damage":6,"enemies":"Spheric Guardian","floor":18,"turns":3},{"damage":16,"enemies":"Shell Parasite","floor":19,"turns":4},{"damage":16,"enemies":"Snake Plant","floor":21,"turns":3},{"damage":1,"enemies":"Centurion and Healer","floor":22,"turns":7},{"damage":8,"enemies":"Snecko","floor":23,"turns":5},{"damage":15,"enemies":"Shelled Parasite and Fungi","floor":25,"turns":3},{"damage":16,"enemies":"Snake Plant","floor":27,"turns":2},{"damage":22,"enemies":"Gremlin Leader","floor":29,"turns":8},{"damage":12,"enemies":"Chosen and Byrds","floor":31,"turns":5},{"damage":55,"enemies":"Champ","floor":33,"turns":11},{"damage":7,"enemies":"3 Shapes","floor":35,"turns":7},{"damage":13,"enemies":"Orb Walker","floor":37,"turns":3},{"damage":24,"enemies":"3 Darklings","floor":38,"turns":3},{"damage":62,"enemies":"Writhing Mass","floor":39,"turns":3}],"seed_played":"-1155185521477363618","potions_obtained":[{"floor":5.0,"key":"FairyPotion"},{"floor":6.0,"key":"Dexterity Potion"},{"floor":10.0,"key":"FearPotion"},{"floor":13.0,"key":"AttackPotion"},{"floor":14.0,"key":"Dexterity Potion"},{"floor":16.0,"key":"Weak Potion"},{"floor":19,"key":"AttackPotion"},{"floor":25,"key":"Regen Potion"},{"floor":29,"key":"Explosive Potion"},{"floor":30,"key":"Regen Potion"},{"floor":38,"key":"EssenceOfSteel"}],"is_trial":false,"path_per_floor":["M","?","M","?","M","E","M","M","T","M","R","$","M","M","R","B",null,"M","M","$","M","M","M","R","M","T","M","R","E","?","M","R","B",null,"M","?","M","M","M"],"character_chosen":"IRONCLAD","items_purchased":["Dark Shackles","Orichalcum"],"campfire_rested":3,"item_purchase_floors":[12,20],"current_hp_per_floor":[80,80,80,80,80,52,54,57,57,52,52,52,58,63,63,8,80,80,70,70,60,65,63,80,71,71,68,80,64,64,63,83,48,83,82,82,76,60,0],"gold":234,"neow_bonus":"THREE_ENEMY_KILL","is_prod":false,"is_daily":false,"chose_seed":false,"campfire_upgraded":2,"win_rate":0,"timestamp":1542419773,"path_taken":["M","?","M","?","?","E","M","M","T","M","R","$","M","M","R","BOSS","M","M","$","M","M","M","R","M","T","M","R","E","?","M","R","BOSS","M","?","?","M","M"],"build_version":"2018-11-15","purchased_purges":1,"victory":false,"max_hp_per_floor":[80,80,80,80,80,80,80,80,80,80,80,80,80,80,80,80,80,80,80,80,80,80,80,80,80,80,80,80,80,80,83,83,83,83,83,83,83,83,83],"card_choices":[{"not_picked":["Perfected Strike","Sword Boomerang"],"picked":"Twin Strike","floor":1.0},{"not_picked":["Pommel Strike","Anger","Body Slam"],"picked":"SKIP","floor":3.0},{"not_picked":["Dropkick","Perfected Strike"],"picked":"Rampage","floor":5.0},{"not_picked":["Offering","Power Through"],"picked":"Infernal Blade","floor":6.0},{"not_picked":["Shockwave","Wild Strike"],"picked":"Clash","floor":7.0},{"not_picked":["Twin Strike","Wild Strike"],"picked":"Clash","floor":8.0},{"not_picked":["Entrench","Flex","Perfected Strike"],"picked":"SKIP","floor":10.0},{"not_picked":["Pummel","Wild Strike"],"picked":"Iron Wave","floor":13.0},{"not_picked":["Barricade","Perfected Strike"],"picked":"True Grit","floor":14.0},{"not_picked":["Berserk","Reaper"],"picked":"Feed","floor":16.0},{"not_picked":["Cleave","Perfected Strike"],"picked":"Clash+1","floor":18},{"not_picked":["Heavy Blade+1","Perfected Strike+1"],"picked":"Carnage","floor":19},{"not_picked":["Havoc+1","Flex","Wild Strike"],"picked":"SKIP","floor":21},{"not_picked":["Double Tap","Body Slam+1"],"picked":"Cleave","floor":22},{"not_picked":["Clash","Sever Soul"],"picked":"Uppercut+1","floor":23},{"not_picked":["Dropkick+1","Thunderclap","Warcry"],"picked":"SKIP","floor":25},{"not_picked":["Sword Boomerang+1","Power Through","Thunderclap+1"],"picked":"SKIP","floor":27},{"not_picked":["Sword Boomerang","True Grit","Shrug It Off"],"picked":"SKIP","floor":29},{"not_picked":["Perfected Strike+1","Flex","Body Slam"],"picked":"SKIP","floor":31},{"not_picked":["Limit Break","Fiend Fire"],"picked":"Dark Embrace","floor":33},{"not_picked":["Headbutt","Heavy Blade"],"picked":"True Grit","floor":34},{"not_picked":["Pommel Strike","Blood for Blood"],"picked":"Whirlwind+1","floor":34},{"not_picked":["Fire Breathing","Wild Strike"],"picked":"Clothesline","floor":34},{"not_picked":["Thunderclap","Reckless Charge+1"],"picked":"Combust","floor":34},{"not_picked":["Perfected Strike","Iron Wave"],"picked":"Flex","floor":34},{"not_picked":["Anger+1","Wild Strike+1","Sword Boomerang+1"],"picked":"SKIP","floor":35},{"not_picked":["Bloodletting+1","Power Through+1"],"picked":"Flex+1","floor":37},{"not_picked":["Armaments","Clothesline","Warcry"],"picked":"SKIP","floor":38}],"player_experience":1132548,"relics_obtained":[{"floor":6.0,"key":"Bottled Flame"},{"floor":9.0,"key":"Whetstone"},{"floor":26,"key":"Blood Vial"},{"floor":29,"key":"Smiling Mask"}],"event_choices":[{"damage_healed":0.0,"max_hp_gain":0.0,"max_hp_loss":0.0,"gold_gain":0.0,"cards_transformed":["Bash"],"event_name":"Living Wall","player_choice":"Change","floor":2.0,"gold_loss":0.0,"damage_taken":0.0,"cards_obtained":["Anger"]},{"damage_healed":0.0,"max_hp_gain":0.0,"max_hp_loss":0.0,"gold_gain":0.0,"event_name":"The Woman in Blue","player_choice":"Bought 0 Potions","floor":4.0,"gold_loss":0.0,"damage_taken":0.0},{"damage_healed":0,"gold_gain":0,"player_choice":"Got Potions","damage_taken":0,"max_hp_gain":0,"max_hp_loss":0,"event_name":"Lab","floor":30,"gold_loss":0},{"cards_removed":["Defend_R"],"damage_healed":0,"gold_gain":0,"player_choice":"Upgrade and Remove","damage_taken":0,"max_hp_gain":0,"max_hp_loss":0,"event_name":"Designer","floor":36,"gold_loss":90,"cards_upgraded":["Defend_R"]}],"is_beta":false,"boss_relics":[{"not_picked":["Empty Cage","White Beast Statue"],"picked":"Fusion Hammer"},{"not_picked":["Black Star","Busted Crown"],"picked":"Orrery"}],"items_purged_floors":[12],"is_endless":false,"potions_floor_spawned":[5,6,10,13,14,16,19,25,29,31,38],"killed_by":"Writhing Mass","ascension_level":0}