{"gold_per_floor":[118,118,133,150,82,109,129,129,129,129,129,141,167,65,65,163,163,173,192,192,203,218,218,218],"floor_reached":24,"playtime":2180,"items_purged":[],"score":208,"play_id":"aa79bdf1-cd1e-4a89-b740-de07b83b9a4a","local_time":"20190202122624","is_ascension_mode":false,"campfire_choices":[{"data":"Doom and Gloom","floor":8,"key":"SMITH"},{"data":"Steam","floor":10,"key":"SMITH"},{"floor":15,"key":"REST"},{"floor":23,"key":"REST"}],"neow_cost":"NONE","seed_source_timestamp":1734017038426604,"circlet_count":0,"master_deck":["Strike_B","Strike_B","Strike_B","Strike_B","Defend_B","Defend_B","Defend_B","Defend_B","Zap+1","Dualcast","Machine Learning","FTL","Steam+1","Ball Lightning","Doom and Gloom+1","White Noise","Chaos","Conserve Battery","BootSequence","Stack","Auto Shields","Thunder Strike","Aggregate","Compile Driver","Recycle+1","Reinforced Body"],"relics":["Cracked Core","The Courier","Ice Cream","Eternal Feather","Nloth\u0027s Gift"],"potions_floor_usage":[6,12,16,18,19,24,24],"damage_taken":[{"damage":0,"enemies":"2 Louse","floor":1,"turns":3},{"damage":0,"enemies":"Cultist","floor":3,"turns":2},{"damage":0,"enemies":"Jaw Worm","floor":4,"turns":4},{"damage":16,"enemies":"3 Sentries","floor":6,"turns":4},{"damage":21,"enemies":"Exordium Thugs","floor":7,"turns":5},{"damage":12,"enemies":"Exordium Wildlife","floor":12,"turns":3},{"damage":6,"enemies":"Lagavulin","floor":13,"turns":6},{"damage":1,"enemies":"Slime Boss","floor":16,"turns":8},{"damage":9,"enemies":"Shell Parasite","floor":18,"turns":5},{"damage":15,"enemies":"2 Thieves","floor":19,"turns":4},{"damage":24,"enemies":"Snecko","floor":21,"turns":5},{"damage":24,"enemies":"Snake Plant","floor":22,"turns":4},{"damage":42,"enemies":"Slavers","floor":24,"turns":3}],"seed_played":"3707949774860636283","potions_obtained":[{"floor":1,"key":"Dexterity Potion"},{"floor":11,"key":"LiquidBronze"},{"floor":11,"key":"LiquidBronze"},{"floor":11,"key":"SteroidPotion"},{"floor":13,"key":"Dexterity Potion"},{"floor":16,"key":"Energy Potion"},{"floor":21,"key":"Poison Potion"}],"is_trial":false,"path_per_floor":["M","?","M","M","$","E","M","R","T","R","?","M","E","$","R","B",null,"M","M","?","M","M","R","E"],"character_chosen":"DEFECT","items_purchased":["Doom and Gloom","Stack","Auto Shields"],"campfire_rested":2,"item_purchase_floors":[5,14,14],"current_hp_per_floor":[75,75,75,75,75,59,38,38,38,38,38,26,20,20,42,41,75,66,51,51,27,3,40,0],"gold":218,"neow_bonus":"ONE_RANDOM_RARE_CARD","is_prod":false,"is_daily":false,"chose_seed":false,"campfire_upgraded":2,"win_rate":0,"timestamp":1549106784,"path_taken":["M","?","M","M","$","E","?","R","T","R","?","M","E","?","R","BOSS","M","M","?","M","M","R","E"],"build_version":"2019-01-23","purchased_purges":0,"victory":false,"max_hp_per_floor":[75,75,75,75,75,75,75,75,75,75,75,75,75,75,75,75,75,75,75,75,75,75,75,75],"card_choices":[{"not_picked":["Conserve Battery","Rebound"],"picked":"FTL","floor":1},{"not_picked":["Sunder","Turbo"],"picked":"Steam","floor":3},{"not_picked":["Steam","Amplify"],"picked":"Ball Lightning","floor":4},{"not_picked":["Conserve Battery","Aggregate"],"picked":"White Noise","floor":6},{"not_picked":["Steam","Sweeping Beam"],"picked":"Chaos","floor":7},{"not_picked":["Barrage","Rebound"],"picked":"Conserve Battery","floor":12},{"not_picked":["All For One","Go for the Eyes"],"picked":"BootSequence","floor":13},{"not_picked":["Creative AI","Buffer"],"picked":"Thunder Strike","floor":16},{"not_picked":["Streamline+1","Gash"],"picked":"Aggregate","floor":18},{"not_picked":["Ball Lightning","Aggregate"],"picked":"Compile Driver","floor":19},{"not_picked":["Sunder","Streamline"],"picked":"Recycle+1","floor":21},{"not_picked":["Genetic Algorithm","Lockon"],"picked":"Reinforced Body","floor":22}],"player_experience":136941,"relics_obtained":[{"floor":6,"key":"The Courier"},{"floor":9,"key":"Pocketwatch"},{"floor":13,"key":"Ice Cream"}],"event_choices":[{"damage_healed":0,"gold_gain":0,"player_choice":"Upgraded","damage_taken":0,"max_hp_gain":0,"max_hp_loss":0,"event_name":"Upgrade Shrine","floor":2,"gold_loss":0,"cards_upgraded":["Zap"]},{"damage_healed":0,"gold_gain":0,"player_choice":"Got Potions","damage_taken":0,"max_hp_gain":0,"max_hp_loss":0,"event_name":"Lab","floor":11,"gold_loss":0},{"damage_healed":0,"gold_gain":0,"player_choice":"Traded Relic","damage_taken":0,"relics_obtained":["Nloth\u0027s Gift"],"max_hp_gain":0,"max_hp_loss":0,"event_name":"N\u0027loth","floor":20,"relics_lost":["Pocketwatch"],"gold_loss":0}],"is_beta":false,"boss_relics":[{"not_picked":["Busted Crown","Astrolabe"],"picked":"Eternal Feather"}],"items_purged_floors":[],"is_endless":false,"potions_floor_spawned":[1,13,16,21],"killed_by":"Slavers","ascension_level":0}