{"gold_per_floor":[218,79,79,99,119,119,149,149,149,161,1,18,51,65,65,139,139,159,159,179,24,34,34,61,61,61,80,80],"floor_reached":28,"playtime":1296,"items_purged":[],"score":468,"play_id":"209add9f-f4de-4d45-844a-453392f88d4a","local_time":"20190304194441","is_ascension_mode":true,"campfire_choices":[{"data":"Zap","floor":6.0,"key":"SMITH"},{"data":"Streamline","floor":8.0,"key":"SMITH"},{"data":"Ball Lightning","floor":15.0,"key":"SMITH"},{"floor":23,"key":"REST"}],"neow_cost":"NONE","seed_source_timestamp":0,"circlet_count":0,"master_deck":["AscendersBane","Strike_B+1","Strike_B","Strike_B","Strike_B","Defend_B","Defend_B+1","Defend_B","Defend_B","Zap+1","Dualcast","Coolheaded","BootSequence","Streamline+1","Ball Lightning+1","Hologram","Genetic Algorithm","Compile Driver","Seek","Conserve Battery","Cold Snap","Capacitor","Doom and Gloom","Ball Lightning","Go for the Eyes","Writhe","Creative AI"],"special_seed":0,"relics":["Cracked Core","WingedGreaves","Potion Belt","Bronze Scales","Pantograph","Velvet Choker","Centennial Puzzle","Thread and Needle","Oddly Smooth Stone"],"potions_floor_usage":[24,24,27,27],"damage_taken":[{"damage":2.0,"enemies":"Cultist","floor":1.0,"turns":4.0},{"damage":0.0,"enemies":"2 Louse","floor":4.0,"turns":3.0},{"damage":0.0,"enemies":"Small Slimes","floor":5.0,"turns":2.0},{"damage":3.0,"enemies":"Exordium Thugs","floor":10.0,"turns":4.0},{"damage":4.0,"enemies":"Looter","floor":12.0,"turns":3.0},{"damage":17.0,"enemies":"Lagavulin","floor":13.0,"turns":5.0},{"damage":0.0,"enemies":"2 Fungi Beasts","floor":14.0,"turns":2.0},{"damage":31.0,"enemies":"The Guardian","floor":16.0,"turns":9.0},{"damage":1,"enemies":"3 Byrds","floor":18,"turns":2},{"damage":1,"enemies":"Spheric Guardian","floor":20,"turns":3},{"damage":45,"enemies":"3 Cultists","floor":22,"turns":6},{"damage":17,"enemies":"Gremlin Leader","floor":24,"turns":6},{"damage":8,"enemies":"Shelled Parasite and Fungi","floor":27,"turns":3},{"damage":6,"enemies":"Snake Plant","floor":28,"turns":3}],"seed_played":"-828776681213234255","potions_obtained":[{"floor":5.0,"key":"LiquidBronze"},{"floor":10.0,"key":"Swift Potion"},{"floor":12.0,"key":"Weak Potion"},{"floor":16.0,"key":"AttackPotion"},{"floor":20,"key":"SkillPotion"},{"floor":22,"key":"FocusPotion"},{"floor":24,"key":"Poison Potion"}],"is_trial":false,"path_per_floor":["M","$","?","M","M","R","?","R","T","M","$","M","E","M","R","B",null,"M","?","M","$","M","R","E","?","T","M","M"],"character_chosen":"DEFECT","items_purchased":["BootSequence","Streamline","Bronze Scales","Capacitor","Doom and Gloom"],"campfire_rested":1,"item_purchase_floors":[2,2,11,21,21],"current_hp_per_floor":[62,62,41,41,41,41,41,41,41,38,38,34,17,17,17,11,56,55,55,54,54,9,30,13,13,13,5,0],"gold":80,"neow_bonus":"HUNDRED_GOLD","is_prod":false,"is_daily":false,"chose_seed":false,"campfire_upgraded":3,"win_rate":0,"timestamp":1551750281,"path_taken":["M","$","?","M","M","R","?","R","T","M","$","M","E","M","R","BOSS","M","?","M","$","M","R","E","?","T","M","M"],"build_version":"2019-01-23","purchased_purges":0,"victory":false,"max_hp_per_floor":[71,71,71,71,71,71,71,71,71,71,71,71,71,71,71,71,71,71,71,71,71,71,71,71,71,71,71,71],"card_choices":[{"not_picked":["Static Discharge","Turbo"],"picked":"Coolheaded","floor":1.0},{"not_picked":["Go for the Eyes","Compile Driver"],"picked":"Ball Lightning","floor":4.0},{"not_picked":["BootSequence","Storm"],"picked":"Hologram","floor":5.0},{"not_picked":["White Noise","Gash"],"picked":"Genetic Algorithm","floor":10.0},{"not_picked":["Lockon","Force Field","Reboot"],"picked":"SKIP","floor":12.0},{"not_picked":["Redo","Leap"],"picked":"Compile Driver","floor":13.0},{"not_picked":["Undo","Gash","Heatsinks"],"picked":"SKIP","floor":14.0},{"not_picked":["Creative AI","Reboot"],"picked":"Seek","floor":16.0},{"not_picked":["Stack+1","Streamline"],"picked":"Conserve Battery","floor":18},{"not_picked":["Coolheaded","Gash"],"picked":"Cold Snap","floor":20},{"not_picked":["Gash","Steam+1"],"picked":"Ball Lightning","floor":22},{"not_picked":["Stack","Melter"],"picked":"Go for the Eyes","floor":24},{"not_picked":["Heatsinks","Sweeping Beam+1"],"picked":"Creative AI","floor":27}],"player_experience":565921,"relics_obtained":[{"floor":9.0,"key":"Potion Belt"},{"floor":13.0,"key":"Pantograph"},{"floor":24,"key":"Centennial Puzzle"},{"floor":26,"key":"Oddly Smooth Stone"}],"event_choices":[{"damage_healed":0.0,"max_hp_gain":0.0,"max_hp_loss":0.0,"gold_gain":0.0,"event_name":"Shining Light","player_choice":"Entered Light","floor":3.0,"gold_loss":0.0,"damage_taken":21.0,"cards_upgraded":["Strike_B","Defend_B"]},{"damage_healed":0.0,"max_hp_gain":0.0,"max_hp_loss":0.0,"gold_gain":30.0,"event_name":"Dead Adventurer","player_choice":"Searched \u00272\u0027 times","floor":7.0,"gold_loss":0.0,"damage_taken":0.0,"relics_obtained":["WingedGreaves"]},{"damage_healed":0,"gold_gain":0,"player_choice":"Ignored","damage_taken":0,"max_hp_gain":0,"max_hp_loss":0,"event_name":"Ghosts","floor":19,"gold_loss":0},{"damage_healed":0,"gold_gain":0,"player_choice":"Opened","damage_taken":0,"relics_obtained":["Thread and Needle"],"max_hp_gain":0,"max_hp_loss":0,"event_name":"The Mausoleum","floor":25,"gold_loss":0,"cards_obtained":["Writhe"]}],"is_beta":false,"boss_relics":[{"not_picked":["White Beast Statue","Cursed Key"],"picked":"Velvet Choker"}],"items_purged_floors":[],"is_endless":false,"potions_floor_spawned":[5,10,12,16,20,22,24],"killed_by":"Snake Plant","ascension_level":19}