{"gold_per_floor":[116,127,10,10,10,35,35,69,69,100,100,116,116,128,128,202,202,222,222,241,241,80,111,111,141,165,181,191,216,228,52,52,129,129,147,1146,1146,1159,1159,1159,851,904,904,918,948,51,71,83,83,83],"floor_reached":51,"playtime":3676,"items_purged":["Strike_G","Normality"],"score":1628,"play_id":"ee5c62c5-180d-442f-83b6-178261950e68","local_time":"20190309180250","is_ascension_mode":true,"campfire_choices":[{"floor":11,"key":"REST"},{"data":"Noxious Fumes","floor":13,"key":"SMITH"},{"data":"Blade Dance","floor":15,"key":"SMITH"},{"floor":24,"key":"REST"},{"floor":32,"key":"REST"},{"floor":40,"key":"REST"},{"floor":49,"key":"REST"}],"neow_cost":"NONE","seed_source_timestamp":549071913013353,"circlet_count":0,"master_deck":["AscendersBane","Defend_G","Defend_G","Defend_G","Defend_G","Defend_G","Strike_G","Strike_G","Strike_G","Strike_G","Survivor","Neutralize","Dagger Spray","Noxious Fumes+1","Dodge and Roll","Neutralize","Die Die Die+1","Blade Dance+1","Poisoned Stab+1","Escape Plan","Tools of the Trade","Acrobatics","RitualDagger+1","Cloak And Dagger","A Thousand Cuts","Blade Dance+1","Dagger Throw+1","After Image","Glass Knife+1","Adrenaline","Calculated Gamble","Endless Agony+1","Tactician+1","Parasite","Dodge and Roll","Infinite Blades","Predator+1","Acrobatics","Apotheosis","Finisher+1"],"relics":["Ring of the Snake","NeowsBlessing","Molten Egg 2","Ornamental Fan","Kunai","Tough Bandages","Cursed Key","Omamori","Oddly Smooth Stone","Orichalcum","Snake Skull","Fusion Hammer","Lantern","Unceasing Top","Peace Pipe","Pear","Happy Flower"],"potions_floor_usage":[10,16,23,23,29,42],"damage_taken":[{"damage":0,"enemies":"2 Louse","floor":1,"turns":1},{"damage":0,"enemies":"Cultist","floor":2,"turns":1},{"damage":0,"enemies":"3 Sentries","floor":6,"turns":1},{"damage":22,"enemies":"Gremlin Nob","floor":8,"turns":5},{"damage":23,"enemies":"Lagavulin","floor":10,"turns":8},{"damage":5,"enemies":"Small Slimes","floor":12,"turns":4},{"damage":8,"enemies":"Gremlin Gang","floor":14,"turns":2},{"damage":0,"enemies":"The Guardian","floor":16,"turns":11},{"damage":0,"enemies":"3 Byrds","floor":18,"turns":5},{"damage":2,"enemies":"Shell Parasite","floor":20,"turns":6},{"damage":24,"enemies":"Slavers","floor":23,"turns":6},{"damage":4,"enemies":"Gremlin Leader","floor":25,"turns":8},{"damage":10,"enemies":"Centurion and Healer","floor":27,"turns":8},{"damage":0,"enemies":"3 Cultists","floor":28,"turns":4},{"damage":9,"enemies":"Slavers","floor":29,"turns":8},{"damage":2,"enemies":"Snake Plant","floor":30,"turns":3},{"damage":5,"enemies":"Champ","floor":33,"turns":15},{"damage":2,"enemies":"Orb Walker","floor":35,"turns":4},{"damage":0,"enemies":"3 Shapes","floor":38,"turns":5},{"damage":19,"enemies":"2 Orb Walkers","floor":42,"turns":4},{"damage":11,"enemies":"Writhing Mass","floor":44,"turns":8},{"damage":4,"enemies":"Giant Head","floor":45,"turns":7},{"damage":7,"enemies":"Transient","floor":47,"turns":6},{"damage":0,"enemies":"4 Shapes","floor":48,"turns":4},{"damage":0,"enemies":"Awakened One","floor":50,"turns":11}],"seed_played":"-3357709082995534229","potions_obtained":[{"floor":6,"key":"GamblersBrew"},{"floor":8,"key":"EssenceOfSteel"},{"floor":10,"key":"SteroidPotion"},{"floor":12,"key":"PowerPotion"},{"floor":20,"key":"PowerPotion"},{"floor":21,"key":"Regen Potion"},{"floor":28,"key":"SpeedPotion"},{"floor":30,"key":"PowerPotion"},{"floor":38,"key":"EssenceOfSteel"},{"floor":47,"key":"Regen Potion"}],"is_trial":false,"path_per_floor":["M","M","$","?","$","E","?","E","T","E","R","M","R","M","R","B",null,"M","?","M","?","$","E","R","E","T","M","M","E","M","$","R","B",null,"M","?","?","M","?","R","$","?","T","M","E","$","M","M","R","B",null],"character_chosen":"THE_SILENT","items_purchased":["Noxious Fumes","Dodge and Roll","A Thousand Cuts","Glass Knife+1","Endless Agony+1","Lantern","Predator+1","Acrobatics","GamblersBrew","SkillPotion","Pear","Happy Flower","Apotheosis"],"campfire_rested":5,"item_purchase_floors":[3,3,22,31,41,41,46,46,46,46,46,46,46],"current_hp_per_floor":[59,59,59,59,59,59,59,37,37,14,33,28,28,20,20,20,55,55,49,47,47,47,38,57,53,53,43,43,34,32,32,51,46,61,59,59,59,59,59,66,66,47,47,36,32,42,35,35,57,57],"gold":83,"neow_bonus":"THREE_ENEMY_KILL","is_prod":false,"is_daily":false,"chose_seed":false,"campfire_upgraded":2,"win_rate":0,"timestamp":1552150970,"path_taken":["M","M","$","?","?","E","?","E","T","E","R","M","R","M","R","BOSS","M","?","M","?","$","E","R","E","T","M","M","E","?","$","R","BOSS","M","?","?","M","?","R","$","?","T","M","E","$","M","M","R","BOSS"],"build_version":"2019-01-23","purchased_purges":2,"victory":true,"max_hp_per_floor":[66,66,66,66,66,66,66,66,66,66,66,66,66,66,66,66,66,66,66,66,66,66,66,66,66,66,66,66,66,66,66,66,66,66,66,66,66,66,66,66,66,66,66,66,66,76,76,76,76,76],"card_choices":[{"not_picked":["PiercingWail","Prepared"],"picked":"Dagger Spray","floor":1},{"not_picked":["All Out Attack","Deflect","Catalyst"],"picked":"SKIP","floor":2},{"not_picked":["Distraction","Poisoned Stab"],"picked":"Die Die Die","floor":6},{"not_picked":["All Out Attack+1","Deflect"],"picked":"Blade Dance","floor":8},{"not_picked":["Deadly Poison","Distraction"],"picked":"Poisoned Stab+1","floor":10},{"not_picked":["Noxious Fumes","Expertise"],"picked":"Escape Plan","floor":12},{"not_picked":["Masterful Stab+1","Poisoned Stab+1","Reflex"],"picked":"SKIP","floor":14},{"not_picked":["Malaise","A Thousand Cuts"],"picked":"Tools of the Trade","floor":16},{"not_picked":["Riddle With Holes+1","Dagger Throw+1"],"picked":"Acrobatics","floor":18},{"not_picked":["Sucker Punch+1","Backstab+1"],"picked":"Cloak And Dagger","floor":20},{"not_picked":["Outmaneuver","All Out Attack+1","Crippling Poison"],"picked":"SKIP","floor":23},{"not_picked":["Bane+1","Dagger Spray+1","Deadly Poison+1"],"picked":"SKIP","floor":25},{"not_picked":["Quick Slash+1","Reflex+1"],"picked":"Blade Dance+1","floor":27},{"not_picked":["Caltrops","Blade Dance"],"picked":"Dagger Throw+1","floor":28},{"not_picked":["Underhanded Strike+1","Outmaneuver"],"picked":"After Image","floor":29},{"not_picked":["Dagger Spray+1","Choke+1","Bane+1"],"picked":"SKIP","floor":30},{"not_picked":["Wraith Form v2","Unload+1"],"picked":"Adrenaline","floor":33},{"not_picked":["Underhanded Strike+1","Flechettes+1","Quick Slash+1"],"picked":"SKIP","floor":35},{"not_picked":["Bandage Up","Transmutation"],"picked":"Metamorphosis","floor":37},{"not_picked":["Dagger Spray+1","Poisoned Stab+1"],"picked":"Calculated Gamble","floor":38},{"not_picked":["Riddle With Holes+1","Dagger Spray+1"],"picked":"Tactician+1","floor":42},{"not_picked":["Flechettes+1","Quick Slash+1"],"picked":"Dodge and Roll","floor":44},{"not_picked":["Dagger Spray+1","Choke+1"],"picked":"Infinite Blades","floor":45},{"not_picked":["Underhanded Strike+1","Doppelganger"],"picked":"Finisher+1","floor":47},{"not_picked":["Deflect","Poisoned Stab+1","Flying Knee+1"],"picked":"SKIP","floor":48}],"player_experience":1100694,"relics_obtained":[{"floor":6,"key":"Molten Egg 2"},{"floor":8,"key":"Ornamental Fan"},{"floor":9,"key":"Kunai"},{"floor":10,"key":"Tough Bandages"},{"floor":23,"key":"Omamori"},{"floor":25,"key":"Oddly Smooth Stone"},{"floor":26,"key":"Orichalcum"},{"floor":29,"key":"Snake Skull"},{"floor":42,"key":"Unceasing Top"},{"floor":45,"key":"Peace Pipe"}],"event_choices":[{"damage_healed":0,"gold_gain":0,"player_choice":"1 cards matched","damage_taken":0,"max_hp_gain":0,"max_hp_loss":0,"event_name":"Match and Keep!","floor":4,"gold_loss":0,"cards_obtained":["Neutralize"]},{"damage_healed":0,"gold_gain":0,"player_choice":"Ignored","damage_taken":0,"max_hp_gain":0,"max_hp_loss":0,"event_name":"Liars Game","floor":7,"gold_loss":0},{"damage_healed":0,"gold_gain":0,"player_choice":"Joined the Cult","damage_taken":6,"max_hp_gain":0,"max_hp_loss":0,"event_name":"Nest","floor":19,"gold_loss":0,"cards_obtained":["RitualDagger"]},{"damage_healed":0,"gold_gain":0,"player_choice":"Got Potions","damage_taken":0,"max_hp_gain":0,"max_hp_loss":0,"event_name":"Lab","floor":21,"gold_loss":0},{"damage_healed":0,"gold_gain":999,"player_choice":"Gold","damage_taken":0,"max_hp_gain":0,"max_hp_loss":0,"event_name":"MindBloom","floor":36,"gold_loss":0,"cards_obtained":["Normality","Normality"]},{"damage_healed":0,"gold_gain":0,"player_choice":"Memory 1","damage_taken":0,"max_hp_gain":0,"max_hp_loss":0,"event_name":"SensoryStone","floor":37,"gold_loss":0},{"cards_removed":["Metamorphosis"],"damage_healed":0,"gold_gain":0,"player_choice":"Removed Skill","damage_taken":0,"max_hp_gain":0,"max_hp_loss":0,"event_name":"Falling","floor":39,"gold_loss":0},{"damage_healed":0,"gold_gain":0,"player_choice":"Fight","damage_taken":0,"max_hp_gain":0,"max_hp_loss":0,"event_name":"Mysterious Sphere","floor":42,"gold_loss":0}],"is_beta":false,"boss_relics":[{"not_picked":["Ring of the Serpent","Eternal Feather"],"picked":"Cursed Key"},{"not_picked":["Black Star","Velvet Choker"],"picked":"Fusion Hammer"}],"items_purged_floors":[22,41],"is_endless":false,"potions_floor_spawned":[6,8,10,12,20,28,30,38,47,48],"ascension_level":17}