{"path_per_floor":["M","?","?","M","M","R","?","R","T","$","R","E","R","M","R","B",null,"M","M","?","M","?"],"character_chosen":"IRONCLAD","items_purchased":["Apotheosis"],"gold_per_floor":[110,110,110,128,142,142,242,242,242,59,59,93,93,106,106,234,234,248,269,269,287,287],"floor_reached":23,"campfire_rested":2,"playtime":1308,"current_hp_per_floor":[75,74,74,59,59,59,59,59,59,59,74,47,69,69,69,16,74,64,64,71,43,43],"items_purged":[],"gold":287,"play_id":"342044b2-2c28-46d3-a0bc-c3e86ae7711d","is_prod":false,"is_daily":false,"campfire_rituals":0,"campfire_upgraded":3,"is_hardmode":false,"path_taken":["M","?","?","M","?","R","?","R","T","$","R","E","R","M","R","BOSS","M","M","?","M","?","E"],"build_version":"2018-01-18-PROD4","purchased_purges":0,"victory":false,"master_deck":["Strike_R","Strike_R","Strike_R","Strike_R","Defend_R","Defend_R","Defend_R","Defend_R","Bash","Pummel","Armaments","Carnage","Apotheosis","Shrug It Off","Anger","Double Tap","Battle Trance","Writhe"],"max_hp_per_floor":[80,74,74,74,74,74,74,74,74,74,74,74,74,74,74,74,74,74,74,81,81,81],"relics":["Question Card","Bloody Idol","Unceasing Top","Anchor","Black Star","Strawberry"],"campfire_meditates":0,"card_choices":[{"not_picked":["Wild Strike","Iron Wave","Body Slam"],"picked":"Pummel"},{"not_picked":["Sword Boomerang","Twin Strike","Uppercut"],"picked":"Armaments"},{"not_picked":["Juggernaut","Headbutt","Clothesline"],"picked":"Carnage"},{"not_picked":["Rage","Ghostly Armor","Anger"],"picked":"Shrug It Off"},{"not_picked":["Evolve","Flex","Pommel Strike"],"picked":"Anger"},{"not_picked":["Offering","Dark Embrace","Barricade"],"picked":"Double Tap"},{"not_picked":["Thunderclap","Perfected Strike","Body Slam"],"picked":"Battle Trance"}],"player_experience":302982,"potions_floor_usage":[14,16,23],"damage_taken":[{"damage":5,"enemies":"2 Louse","floor":1,"turns":3},{"damage":15,"enemies":"Small Slimes","floor":4,"turns":3},{"damage":0,"enemies":"Cultist","floor":5,"turns":4},{"damage":27,"enemies":"Gremlin Nob","floor":12,"turns":4},{"damage":0,"enemies":"2 Fungi Beasts","floor":14,"turns":3},{"damage":53,"enemies":"The Guardian","floor":16,"turns":10},{"damage":10,"enemies":"Shell Parasite","floor":18,"turns":4},{"damage":0,"enemies":"3 Byrds","floor":19,"turns":6},{"damage":28,"enemies":"Snake Plant","floor":21,"turns":5},{"damage":59,"enemies":"Gremlin Leader","floor":23,"turns":5}],"event_choices":[{"event_name":"Golden Idol","player_choice":"Lose Max HP","floor":2,"damage_taken":0},{"event_name":"Bonfire Elementals","player_choice":"BASIC","floor":3,"damage_taken":0},{"event_name":"Golden Shrine","player_choice":"Pray","floor":7,"damage_taken":0},{"event_name":"The Mausoleum","player_choice":"Yes","floor":20,"damage_taken":0},{"event_name":"Forgotten Altar","player_choice":"Gave Idol","floor":22,"damage_taken":0}],"boss_relics":[{"not_picked":["Orrery","White Beast Statue"],"picked":"Black Star"}],"potions_floor_spawned":[12,14,16,21],"seed_played":"7116635693020529433","killed_by":"Gremlin Leader","is_trial":false}