{"gold_per_floor":[118,135,135,135,148,148,148,175,202,19,19,19,19,0,0,76,76,91,91,0,0,0,0,20,20,91,123,11,24,41,59,59,59],"floor_reached":33,"playtime":1713,"items_purged":["Strike_B"],"score":509,"play_id":"e59fe9a3-2c95-4b63-9945-67640e7da9b1","local_time":"20190308230841","is_ascension_mode":true,"campfire_choices":[{"data":"Zap","floor":6.0,"key":"SMITH"},{"floor":15.0,"key":"REST"},{"data":"Echo Form","floor":23,"key":"SMITH"},{"data":"Reinforced Body","floor":25,"key":"SMITH"},{"floor":32,"key":"REST"}],"neow_cost":"NONE","seed_source_timestamp":89040581022100,"circlet_count":0,"master_deck":["AscendersBane","Strike_B","Strike_B","Defend_B","Defend_B","Defend_B","Defend_B","Zap+1","Dualcast+1","Seek","Coolheaded","Gash","Gash+1","All For One+1","FTL","Sweeping Beam","Echo Form+1","Leap+1","All For One+1","Reinforced Body+1","Go for the Eyes","Gash","Coolheaded","BootSequence","Glacier+1","Beam Cell+1"],"special_seed":0,"relics":["Cracked Core","Oddly Smooth Stone","Happy Flower","Whetstone","Inserter","Cables","Ancient Tea Set"],"potions_floor_usage":[18,27,27,30],"damage_taken":[{"damage":7.0,"enemies":"Small Slimes","floor":1.0,"turns":3.0},{"damage":0.0,"enemies":"Jaw Worm","floor":2.0,"turns":4.0},{"damage":0.0,"enemies":"2 Louse","floor":5.0,"turns":3.0},{"damage":26.0,"enemies":"Lagavulin","floor":8.0,"turns":8.0},{"damage":16.0,"enemies":"Hexaghost","floor":16.0,"turns":7.0},{"damage":10,"enemies":"Shell Parasite","floor":18,"turns":4},{"damage":18,"enemies":"3 Byrds","floor":24,"turns":4},{"damage":37,"enemies":"Gremlin Leader","floor":27,"turns":7},{"damage":0,"enemies":"Snecko","floor":29,"turns":6},{"damage":0,"enemies":"Snake Plant","floor":30,"turns":4},{"damage":0,"enemies":"Centurion and Healer","floor":31,"turns":4},{"damage":35,"enemies":"Collector","floor":33,"turns":6}],"seed_played":"3282912055781441159","potions_obtained":[{"floor":5.0,"key":"FairyPotion"},{"floor":8.0,"key":"EssenceOfSteel"},{"floor":16.0,"key":"Block Potion"},{"floor":18,"key":"EssenceOfSteel"},{"floor":24,"key":"Swift Potion"},{"floor":29,"key":"FocusPotion"}],"is_trial":false,"path_per_floor":["M","M","?","?","M","R","?","E","T","$","?","$","$","?","R","B",null,"M","?","?","?","?","R","M","R","T","E","$","M","M","M","R","B"],"character_chosen":"DEFECT","items_purchased":["FTL","Sweeping Beam","Gash","Coolheaded"],"campfire_rested":2,"item_purchase_floors":[10,10,28,28],"current_hp_per_floor":[57,57,39,39,39,39,39,13,13,13,13,13,13,13,34,18,58,48,62,62,62,62,62,44,44,44,7,7,7,7,7,28,0],"gold":59,"neow_bonus":"TRANSFORM_CARD","is_prod":false,"is_daily":false,"chose_seed":false,"campfire_upgraded":3,"win_rate":0,"timestamp":1552104521,"path_taken":["M","M","?","?","M","R","?","E","T","?","?","?","$","?","R","BOSS","M","?","?","?","?","R","M","R","T","E","$","M","M","?","R","BOSS"],"build_version":"2019-01-23","purchased_purges":1,"victory":false,"max_hp_per_floor":[71,71,71,71,71,71,71,71,71,71,71,71,71,71,71,71,71,71,71,71,71,71,71,71,71,71,71,71,71,71,71,71,71],"card_choices":[{"not_picked":["Heatsinks","Chaos"],"picked":"Coolheaded","floor":1.0},{"not_picked":["Go for the Eyes","Static Discharge"],"picked":"Gash","floor":2.0},{"not_picked":["Steam Power","Reprogram"],"picked":"Gash","floor":5.0},{"not_picked":["Consume","Capacitor"],"picked":"All For One","floor":8.0},{"not_picked":["Fission","Thunder Strike"],"picked":"Echo Form","floor":16.0},{"not_picked":["Streamline","Conserve Battery"],"picked":"Leap+1","floor":18},{"not_picked":["Sunder","Loop"],"picked":"Reinforced Body","floor":24},{"not_picked":["Chaos","Sunder"],"picked":"Go for the Eyes","floor":27},{"not_picked":["Hologram","Chill"],"picked":"BootSequence","floor":29},{"not_picked":["Redo","Go for the Eyes"],"picked":"Glacier+1","floor":30},{"not_picked":["Darkness","Compile Driver"],"picked":"Beam Cell+1","floor":31}],"player_experience":1300619,"relics_obtained":[{"floor":8.0,"key":"Happy Flower"},{"floor":9.0,"key":"Whetstone"},{"floor":26,"key":"Cables"},{"floor":27,"key":"Ancient Tea Set"}],"event_choices":[{"damage_healed":0.0,"max_hp_gain":0.0,"max_hp_loss":0.0,"gold_gain":0.0,"event_name":"Scrap Ooze","player_choice":"Success","floor":3.0,"gold_loss":0.0,"damage_taken":18.0,"relics_obtained":["Oddly Smooth Stone"]},{"damage_healed":0.0,"max_hp_gain":0.0,"max_hp_loss":0.0,"gold_gain":0.0,"event_name":"Liars Game","player_choice":"Ignored","floor":4.0,"gold_loss":0.0,"damage_taken":0.0},{"damage_healed":0.0,"max_hp_gain":0.0,"max_hp_loss":0.0,"gold_gain":0.0,"event_name":"Living Wall","player_choice":"Grow","floor":7.0,"gold_loss":0.0,"damage_taken":0.0,"cards_upgraded":["Dualcast"]},{"damage_healed":0.0,"max_hp_gain":0.0,"max_hp_loss":0.0,"gold_gain":0.0,"event_name":"Golden Idol","player_choice":"Ignored","floor":11.0,"gold_loss":0.0,"damage_taken":0.0},{"damage_healed":0.0,"max_hp_gain":0.0,"max_hp_loss":0.0,"gold_gain":0.0,"event_name":"World of Goop","player_choice":"Left Gold","floor":14.0,"gold_loss":19.0,"damage_taken":0.0},{"damage_healed":14,"gold_gain":0,"player_choice":"Heal","damage_taken":0,"max_hp_gain":0,"max_hp_loss":0,"event_name":"The Library","floor":19,"gold_loss":0},{"damage_healed":0,"gold_gain":0,"player_choice":"Paid Fearfully","damage_taken":0,"max_hp_gain":0,"max_hp_loss":0,"event_name":"Masked Bandits","floor":20,"gold_loss":91},{"damage_healed":0,"gold_gain":0,"player_choice":"Copied","damage_taken":0,"max_hp_gain":0,"max_hp_loss":0,"event_name":"Duplicator","floor":22,"gold_loss":0,"cards_obtained":["All For One"]}],"is_beta":false,"boss_relics":[{"not_picked":["Tiny House","Pandora\u0027s Box"],"picked":"Inserter"}],"items_purged_floors":[10],"is_endless":false,"potions_floor_spawned":[5,8,16,18,24,29],"killed_by":"Collector","ascension_level":19}