{"gold_per_floor":[112,59,59,59,59,102,102,138,216,254,254,267,267,300,300,393,393,411,426,551,225,225,225,140,40,40,40,65,142,142,162,162,252,252,275,275,275,295,170,170,194,194,244,244,258,291,291,58,58,58],"floor_reached":51,"playtime":1683,"items_purged":["Strike_B","Strike_B","Gash","Parasite"],"score":1577,"play_id":"5970c110-43c1-4848-bee7-e7040bc8d01e","local_time":"20190306212843","is_ascension_mode":true,"campfire_choices":[{"data":"Zap","floor":7.0,"key":"SMITH"},{"floor":11.0,"key":"REST"},{"data":"Ball Lightning","floor":13.0,"key":"SMITH"},{"data":"Defragment","floor":15.0,"key":"SMITH"},{"data":"Skim","floor":23,"key":"SMITH"},{"data":"Coolheaded","floor":27,"key":"SMITH"},{"floor":32,"key":"REST"},{"data":"Dualcast","floor":40,"key":"SMITH"},{"floor":42,"key":"REST"},{"data":"1","floor":47,"key":"LIFT"},{"floor":49,"key":"REST"}],"neow_cost":"NONE","seed_source_timestamp":86104805738881,"circlet_count":0,"master_deck":["AscendersBane","Defend_B","Defend_B","Defend_B","Zap+1","Dualcast+1","Glacier","Ball Lightning+1","Ball Lightning+1","Skim+1","Reboot","Defragment+1","Electrodynamics","Glacier+1","Coolheaded+1","Defragment+1","Echo Form+1","Ball Lightning+1","Ball Lightning+1","Go for the Eyes+1","Amplify+1","Impatience+1","Purity+1","Defragment+1","Loop+1"],"special_seed":0,"relics":["Cracked Core","NeowsBlessing","Golden Idol","Kunai","Dodecahedron","Anchor","Question Card","Girya","Letter Opener","Busted Crown","StoneCalendar","Frozen Egg 2","DataDisk","Molten Egg 2","Cables","Toxic Egg 2","Inserter","Whetstone","Darkstone Periapt","Mercury Hourglass"],"potions_floor_usage":[20,50],"damage_taken":[{"damage":0.0,"enemies":"Jaw Worm","floor":1.0,"turns":1.0},{"damage":0.0,"enemies":"3 Sentries","floor":6.0,"turns":1.0},{"damage":0.0,"enemies":"Lagavulin","floor":8.0,"turns":1.0},{"damage":18.0,"enemies":"3 Sentries","floor":10.0,"turns":7.0},{"damage":0.0,"enemies":"Small Slimes","floor":12.0,"turns":3.0},{"damage":22.0,"enemies":"Lagavulin","floor":14.0,"turns":7.0},{"damage":0.0,"enemies":"Hexaghost","floor":16.0,"turns":9.0},{"damage":1.0,"enemies":"Chosen","floor":18.0,"turns":3.0},{"damage":5.0,"enemies":"2 Thieves","floor":19.0,"turns":3.0},{"damage":2,"enemies":"Colosseum Slavers","floor":20,"turns":4},{"damage":0,"enemies":"Colosseum Nobs","floor":20,"turns":4},{"damage":18,"enemies":"Snecko","floor":28,"turns":3},{"damage":0,"enemies":"Centurion and Healer","floor":31,"turns":5},{"damage":18,"enemies":"Automaton","floor":33,"turns":7},{"damage":0,"enemies":"3 Shapes","floor":35,"turns":1},{"damage":9,"enemies":"3 Darklings","floor":38,"turns":3},{"damage":0,"enemies":"Sphere and 2 Shapes","floor":41,"turns":3},{"damage":0,"enemies":"Writhing Mass","floor":45,"turns":4},{"damage":0,"enemies":"Nemesis","floor":46,"turns":7},{"damage":16,"enemies":"Time Eater","floor":50,"turns":16}],"seed_played":"-172612508237405333","potions_obtained":[{"floor":1.0,"key":"LiquidBronze"},{"floor":6.0,"key":"EssenceOfSteel"},{"floor":20,"key":"Fire Potion"},{"floor":28,"key":"Ancient Potion"}],"is_trial":false,"path_per_floor":["M","$","?","?","?","E","R","E","T","E","R","M","R","E","R","B",null,"M","M","?","$","?","R","?","$","T","R","M","T","?","M","R","B",null,"M","?","?","M","$","R","M","R","T","T","M","E","R","$","R","B",null],"character_chosen":"DEFECT","items_purchased":["Ball Lightning","Defragment+1","DataDisk","Loop+1"],"campfire_rested":4,"item_purchase_floors":[2,21,21,48],"current_hp_per_floor":[64,64,40,35,40,40,40,40,40,22,44,44,44,22,22,22,63,62,57,55,55,55,55,55,55,55,55,37,37,37,37,59,41,67,67,67,57,48,48,48,48,70,70,70,76,76,76,76,79,63],"gold":58,"neow_bonus":"THREE_ENEMY_KILL","is_prod":false,"is_daily":false,"chose_seed":false,"campfire_upgraded":6,"win_rate":0,"timestamp":1551875323,"path_taken":["M","$","?","?","?","E","R","E","T","E","R","M","R","E","R","BOSS","M","M","?","$","?","R","?","$","T","R","M","?","?","M","R","BOSS","M","?","?","M","$","R","M","R","T","?","M","E","R","?","R","BOSS"],"build_version":"2019-01-23","purchased_purges":4,"victory":true,"max_hp_per_floor":[71,71,71,71,76,76,76,76,76,76,76,76,76,76,76,76,76,76,76,76,76,76,76,76,76,76,76,76,76,76,76,76,76,76,76,76,76,76,76,76,76,76,76,76,82,82,82,79,79,79],"card_choices":[{"not_picked":["Loop","Steam Power"],"picked":"Glacier","floor":1.0},{"not_picked":["Compile Driver","Barrage"],"picked":"Ball Lightning","floor":6.0},{"not_picked":["Steam Power","Hologram"],"picked":"Gash","floor":8.0},{"not_picked":["Darkness","Heatsinks","Ball Lightning"],"picked":"Skim","floor":10.0},{"not_picked":["Streamline","Ball Lightning","Sweeping Beam"],"picked":"Reboot","floor":12.0},{"not_picked":["Hyperbeam","All For One","Go for the Eyes"],"picked":"Defragment","floor":14.0},{"not_picked":["Buffer","Multi-Cast","Amplify"],"picked":"Electrodynamics","floor":16.0},{"not_picked":["Beam Cell","Turbo"],"picked":"SKIP","floor":18.0},{"not_picked":["Beam Cell+1"],"picked":"Glacier+1","floor":19.0},{"not_picked":["Double Energy"],"picked":"Coolheaded","floor":20},{"not_picked":["Sweeping Beam+1"],"picked":"Ball Lightning+1","floor":28},{"not_picked":["Hello World+1"],"picked":"Go for the Eyes+1","floor":31},{"not_picked":["Machine Learning+1"],"picked":"Amplify+1","floor":33},{"not_picked":["Sweeping Beam+1","Steam+1"],"picked":"SKIP","floor":35},{"not_picked":["Bandage Up+1"],"picked":"Impatience+1","floor":37},{"not_picked":["Panache+1"],"picked":"Purity+1","floor":37},{"not_picked":["Stack+1","Heatsinks+1"],"picked":"SKIP","floor":38},{"not_picked":["Rebound+1","Doom and Gloom+1"],"picked":"SKIP","floor":41},{"not_picked":["Turbo+1","Gash+1"],"picked":"SKIP","floor":45},{"not_picked":["Beam Cell+1"],"picked":"Defragment+1","floor":46}],"player_experience":823445,"relics_obtained":[{"floor":6.0,"key":"Dodecahedron"},{"floor":8.0,"key":"Anchor"},{"floor":9.0,"key":"Question Card"},{"floor":10.0,"key":"Girya"},{"floor":14.0,"key":"Letter Opener"},{"floor":20,"key":"StoneCalendar"},{"floor":20,"key":"Frozen Egg 2"},{"floor":26,"key":"Cables"},{"floor":29,"key":"Toxic Egg 2"},{"floor":43,"key":"Whetstone"},{"floor":44,"key":"Darkstone Periapt"},{"floor":46,"key":"Mercury Hourglass"}],"event_choices":[{"damage_healed":0.0,"max_hp_gain":0.0,"max_hp_loss":0.0,"gold_gain":0.0,"event_name":"Golden Idol","player_choice":"Take Damage","floor":3.0,"gold_loss":0.0,"damage_taken":24.0,"relics_obtained":["Golden Idol"]},{"damage_healed":0.0,"max_hp_gain":0.0,"max_hp_loss":0.0,"gold_gain":0.0,"event_name":"Scrap Ooze","player_choice":"Success","floor":4.0,"gold_loss":0.0,"damage_taken":5.0,"relics_obtained":["Kunai"]},{"damage_healed":0.0,"max_hp_gain":5.0,"max_hp_loss":0.0,"gold_gain":0.0,"event_name":"Big Fish","player_choice":"Donut","floor":5.0,"gold_loss":0.0,"damage_taken":0.0},{"damage_healed":0,"gold_gain":0,"player_choice":"Fight","damage_taken":0,"max_hp_gain":0,"max_hp_loss":0,"event_name":"Colosseum","floor":20,"gold_loss":0},{"damage_healed":0,"gold_gain":0,"player_choice":"Fought Nobs","damage_taken":0,"max_hp_gain":0,"max_hp_loss":0,"event_name":"Colosseum","floor":20,"gold_loss":0},{"damage_healed":0,"gold_gain":0,"cards_transformed":["Strike_B","Strike_B"],"player_choice":"Became Test Subject","damage_taken":0,"max_hp_gain":0,"max_hp_loss":0,"event_name":"Drug Dealer","floor":22,"gold_loss":0,"cards_obtained":["Echo Form","Ball Lightning"]},{"damage_healed":0,"gold_gain":0,"player_choice":"Obtained Relic","damage_taken":0,"relics_obtained":["Molten Egg 2"],"max_hp_gain":0,"max_hp_loss":0,"event_name":"Addict","floor":24,"gold_loss":85},{"damage_healed":0,"gold_gain":0,"player_choice":"Ignored","damage_taken":0,"max_hp_gain":0,"max_hp_loss":0,"event_name":"The Mausoleum","floor":30,"gold_loss":0},{"cards_removed":["Defend_B"],"damage_healed":0,"gold_gain":0,"player_choice":"Removed Skill","damage_taken":0,"max_hp_gain":0,"max_hp_loss":0,"event_name":"Falling","floor":36,"gold_loss":0},{"damage_healed":0,"gold_gain":0,"player_choice":"Memory 3","damage_taken":10,"max_hp_gain":0,"max_hp_loss":0,"event_name":"SensoryStone","floor":37,"gold_loss":0}],"is_beta":false,"boss_relics":[{"not_picked":["Fusion Hammer","Coffee Dripper"],"picked":"Busted Crown"},{"not_picked":["Runic Pyramid","Philosopher\u0027s Stone"],"picked":"Inserter"}],"items_purged_floors":[21,25,39,48],"is_endless":false,"potions_floor_spawned":[1,6,12,20,28,38,41],"ascension_level":19}