{"path_per_floor":["M","M","?","?","M","?","E","M","T","M","R","E","R","M","R","B",null,"M","?","?","?","M","R","E","R","T","M","R","M","M","$","R","B",null,"M","M","M","?","M","R","M","R","T","R","?","M","$","?","R","B"],"character_chosen":"IRONCLAD","items_purchased":["Ice Cream","Oddly Smooth Stone","Clash"],"gold_per_floor":[110,123,123,123,138,138,167,187,187,204,204,239,239,259,259,357,357,372,372,372,372,392,392,419,419,445,462,462,473,493,132,132,230,230,240,256,269,269,284,284,302,302,327,327,327,345,36,36,36,36],"floor_reached":51,"campfire_rested":2,"playtime":3495,"current_hp_per_floor":[80,80,80,80,80,80,80,80,80,80,80,72,72,78,78,30,80,80,64,64,64,66,66,54,54,54,56,56,61,67,67,67,49,80,72,61,54,44,10,44,34,68,68,78,78,80,80,80,80,59],"items_purged":["Writhe","Strike_R"],"gold":36,"play_id":"7b0578d4-9b3a-44f3-aeef-5aaa5214c025","is_prod":false,"is_daily":false,"campfire_rituals":0,"campfire_upgraded":9,"is_hardmode":false,"path_taken":["M","M","?","?","?","?","E","M","T","?","R","E","R","M","R","BOSS","M","?","?","?","M","R","E","R","T","?","R","M","M","$","R","BOSS","M","M","M","?","M","R","?","R","T","R","?","M","$","?","R","BOSS"],"build_version":"2018-01-18-PROD4","purchased_purges":2,"victory":true,"master_deck":["Strike_R","Defend_R","Defend_R","Defend_R","Defend_R","Bash","Clash","Bludgeon","Thunderclap","Pommel Strike","Seeing Red","Headbutt","Spot Weakness","Offering","Battle Trance","Clash","Clash","Clash","Clash","Fiend Fire","Metallicize","True Grit","Madness","Madness","Shrug It Off","Necronomicurse","Whirlwind","Clash"],"max_hp_per_floor":[80,80,80,80,80,80,80,80,80,80,80,80,80,80,80,80,80,80,80,80,80,80,80,80,80,80,80,80,80,80,80,80,80,80,80,80,80,80,80,80,80,80,80,80,80,80,80,80,80,80],"relics":["Burning Blood","NeowsBlessing","Lantern","Frozen Eye","Orichalcum","Velvet Choker","Necronomicon","Bag of Preparation","Sundial","Vajra","Ice Cream","Eternal Feather","Toxic Egg","Oddly Smooth Stone"],"campfire_meditates":0,"card_choices":[{"not_picked":["Rage","Evolve"],"picked":"Clash"},{"not_picked":["Armaments","Sword Boomerang"],"picked":"Bludgeon"},{"not_picked":["Clothesline","Perfected Strike"],"picked":"Pommel Strike"},{"not_picked":["Perfected Strike","Iron Wave"],"picked":"Seeing Red"},{"not_picked":["Havoc","Iron Wave"],"picked":"Headbutt"},{"not_picked":["Flame Barrier","Second Wind"],"picked":"Spot Weakness"},{"not_picked":["Brutality","Reaper"],"picked":"Offering"},{"not_picked":["Uppercut","Rampage"],"picked":"Battle Trance"},{"not_picked":["Corruption","Armaments"],"picked":"Clash"},{"not_picked":["Body Slam","Thunderclap"],"picked":"Clash"},{"not_picked":["Uppercut","Bludgeon"],"picked":"Clash"},{"not_picked":["Berserk","Barricade"],"picked":"Fiend Fire"},{"not_picked":["Body Slam","Wild Strike"],"picked":"Metallicize"},{"not_picked":["Armaments","Uppercut"],"picked":"True Grit"},{"not_picked":["Clothesline","Thunderclap"],"picked":"Shrug It Off"},{"not_picked":["Sword Boomerang","Offering"],"picked":"Whirlwind"}],"player_experience":200109,"potions_floor_usage":[7,41,50,50],"damage_taken":[{"damage":0,"enemies":"Jaw Worm","floor":1,"turns":1},{"damage":0,"enemies":"Blue Slaver","floor":2,"turns":1},{"damage":0,"enemies":"2 Louse","floor":5,"turns":1},{"damage":6,"enemies":"3 Sentries","floor":7,"turns":7},{"damage":0,"enemies":"Exordium Wildlife","floor":8,"turns":3},{"damage":0,"enemies":"Large Slime","floor":10,"turns":3},{"damage":14,"enemies":"Gremlin Nob","floor":12,"turns":3},{"damage":0,"enemies":"3 Louse","floor":14,"turns":3},{"damage":54,"enemies":"Hexaghost","floor":16,"turns":9},{"damage":0,"enemies":"Spheric Guardian","floor":18,"turns":2},{"damage":4,"enemies":"2 Thieves","floor":22,"turns":2},{"damage":18,"enemies":"Slavers","floor":24,"turns":4},{"damage":4,"enemies":"Centurion and Healer","floor":27,"turns":2},{"damage":1,"enemies":"3 Cultists","floor":29,"turns":3},{"damage":0,"enemies":"Snecko","floor":30,"turns":2},{"damage":24,"enemies":"Collector","floor":33,"turns":6},{"damage":14,"enemies":"3 Darklings","floor":35,"turns":4},{"damage":17,"enemies":"3 Shapes","floor":36,"turns":4},{"damage":13,"enemies":"Sphere and 2 Shapes","floor":37,"turns":4},{"damage":40,"enemies":"4 Shapes","floor":39,"turns":7},{"damage":16,"enemies":"Maw","floor":41,"turns":5},{"damage":3,"enemies":"3 Darklings","floor":46,"turns":3},{"damage":36,"enemies":"Awakened One","floor":50,"turns":6}],"event_choices":[{"event_name":"Transmorgrifier","player_choice":"Transform","floor":3,"damage_taken":0},{"event_name":"Living Wall","player_choice":"Forget","floor":4,"damage_taken":0},{"event_name":"Bonfire Elementals","player_choice":"BASIC","floor":6,"damage_taken":0},{"event_name":"Cursed Tome","player_choice":"Obtained Book","floor":19,"damage_taken":0},{"event_name":"The Library","player_choice":"Read","floor":20,"damage_taken":0},{"event_name":"The Mausoleum","player_choice":"Yes","floor":21,"damage_taken":0},{"event_name":"Winding Halls","player_choice":"Embrace Madness","floor":38,"damage_taken":0},{"event_name":"Fountain of Cleansing","player_choice":"Removed Curse","floor":45,"damage_taken":0},{"event_name":"Accursed Blacksmith","player_choice":"Ignore","floor":48,"damage_taken":0}],"boss_relics":[{"not_picked":["Orrery","Runic Cube"],"picked":"Velvet Choker"},{"not_picked":["Snecko Eye","White Beast Statue"],"picked":"Eternal Feather"}],"potions_floor_spawned":[1,5,7,16,22,24,33,41,46],"seed_played":"-6697029982961445385","is_trial":false}