{"gold_per_floor":[109,109,109,109,122,154,154,164,164,199,217,232,232,263,263,263],"floor_reached":16,"playtime":1098,"items_purged":[],"score":160,"play_id":"607960e8-7c5c-4657-b959-d42ffca4bde7","local_time":"20190303000924","is_ascension_mode":true,"campfire_choices":[{"data":"Searing Blow","floor":7,"key":"SMITH"},{"data":"Searing Blow+1","floor":13,"key":"SMITH"},{"data":"Searing Blow+2","floor":15,"key":"SMITH"}],"neow_cost":"NONE","seed_source_timestamp":23035048106386,"circlet_count":0,"master_deck":["Strike_R","Strike_R","Strike_R","Strike_R","Strike_R","Defend_R","Defend_R+1","Defend_R","Defend_R+1","Bash","Armaments+1","Searing Blow+3","Impervious","Armaments","Pommel Strike","Armaments","Brutality+1"],"relics":["Burning Blood","NeowsBlessing","Question Card","Frozen Egg 2","Bottled Lightning","Singing Bowl","Smiling Mask"],"potions_floor_usage":[],"damage_taken":[{"damage":0,"enemies":"2 Louse","floor":1,"turns":1},{"damage":0,"enemies":"Jaw Worm","floor":5,"turns":1},{"damage":0,"enemies":"3 Sentries","floor":6,"turns":1},{"damage":0,"enemies":"Cultist","floor":8,"turns":2},{"damage":35,"enemies":"Lagavulin","floor":10,"turns":10},{"damage":10,"enemies":"Lots of Slimes","floor":11,"turns":5},{"damage":5,"enemies":"3 Louse","floor":12,"turns":5},{"damage":22,"enemies":"3 Sentries","floor":14,"turns":10},{"damage":35,"enemies":"Hexaghost","floor":16,"turns":9}],"seed_played":"4979925079937548282","potions_obtained":[{"floor":6,"key":"FearPotion"},{"floor":10,"key":"FearPotion"},{"floor":12,"key":"Ancient Potion"},{"floor":14,"key":"Energy Potion"}],"is_trial":false,"path_per_floor":["M","?","T","?","M","E","R","M","T","E","M","M","R","E","R","B"],"character_chosen":"IRONCLAD","items_purchased":[],"campfire_rested":0,"item_purchase_floors":[],"current_hp_per_floor":[80,80,80,64,70,76,76,80,80,51,47,48,48,34,34,0],"gold":263,"neow_bonus":"THREE_ENEMY_KILL","is_prod":false,"is_daily":false,"chose_seed":false,"campfire_upgraded":3,"win_rate":0,"timestamp":1551564564,"path_taken":["M","?","?","?","M","E","R","M","T","E","M","M","R","E","R","BOSS"],"build_version":"2019-01-23","purchased_purges":0,"victory":false,"max_hp_per_floor":[80,80,80,80,80,80,80,80,80,80,80,80,80,82,82,82],"card_choices":[{"not_picked":["Clash","Warcry"],"picked":"Armaments","floor":1},{"not_picked":["Clash","Spot Weakness","Dropkick"],"picked":"Searing Blow","floor":5},{"not_picked":["Clash","Anger","Sword Boomerang"],"picked":"Impervious","floor":6},{"not_picked":["Sword Boomerang","Twin Strike","Clothesline"],"picked":"Armaments","floor":8},{"not_picked":["Iron Wave","Thunderclap","Rage"],"picked":"Pommel Strike","floor":10},{"not_picked":["Thunderclap","Intimidate","Seeing Red"],"picked":"Armaments","floor":11},{"not_picked":["Heavy Blade","Wild Strike","Body Slam"],"picked":"Brutality+1","floor":12},{"not_picked":["Ghostly Armor","Iron Wave","Clash","Sword Boomerang"],"picked":"Singing Bowl","floor":14}],"player_experience":590417,"relics_obtained":[{"floor":3,"key":"Question Card"},{"floor":6,"key":"Frozen Egg 2"},{"floor":9,"key":"Bottled Lightning"},{"floor":10,"key":"Singing Bowl"},{"floor":14,"key":"Smiling Mask"}],"event_choices":[{"damage_healed":0,"gold_gain":0,"player_choice":"Grow","damage_taken":0,"max_hp_gain":0,"max_hp_loss":0,"event_name":"Living Wall","floor":2,"gold_loss":0,"cards_upgraded":["Armaments"]},{"damage_healed":0,"gold_gain":0,"player_choice":"Entered Light","damage_taken":16,"max_hp_gain":0,"max_hp_loss":0,"event_name":"Shining Light","floor":4,"gold_loss":0,"cards_upgraded":["Defend_R","Defend_R"]}],"is_beta":false,"boss_relics":[],"items_purged_floors":[],"is_endless":false,"potions_floor_spawned":[6,10,12,14],"killed_by":"Hexaghost","ascension_level":2}