{"gold_per_floor":[112,124,124,48,48,48,58,85,85,120,120,120,42,61,61,158,158,175,42,54,67,78,78,88,119,143,156,181,199,199,218,218,319,319,332,347,347,347,365,398,416,449,449,89,104,114,114,128,128,128,128,128,91,125,125],"floor_reached":55,"playtime":7558,"items_purged":["Shame"],"score":871,"play_id":"a020247d-5342-4247-a376-b0a1862008a0","local_time":"20190204224229","is_ascension_mode":true,"campfire_choices":[{"data":"Dualcast","floor":6,"key":"SMITH"},{"floor":12,"key":"REST"},{"floor":15,"key":"REST"},{"data":"Sunder","floor":23,"key":"SMITH"},{"data":"Gash","floor":30,"key":"SMITH"},{"data":"Buffer","floor":32,"key":"SMITH"},{"floor":47,"key":"RECALL"},{"data":"Hologram","floor":49,"key":"SMITH"},{"data":"Auto Shields","floor":52,"key":"SMITH"}],"neow_cost":"NONE","seed_source_timestamp":88787009642336,"circlet_count":0,"master_deck":["Strike_B","Strike_B","Strike_B","Defend_B","Defend_B","Defend_B","Defend_B","Zap+1","Dualcast+1","Gash+1","Rebound","Scrape+1","Sunder+1","Biased Cognition","Buffer+1","Hello World","Cold Snap+1","Self Repair","Seek","Auto Shields+1","Flash of Steel","Gash","All For One","Redo+1","Coolheaded+1","Leap+1","Steam","Glacier+1","Core Surge","Undo","Doom and Gloom+1","Blizzard+1","Go for the Eyes+1","Machine Learning+1","Defragment+1","Reinforced Body+1","Finesse","Flash of Steel","FTL","Hologram+1","Hologram+1","Parasite","Gash+1","FTL+1","Defragment"],"relics":["Cracked Core","GremlinMask","Mummified Hand","Shuriken","Singing Bowl","Prayer Wheel","Philosopher\u0027s Stone","Whetstone","Blood Vial","Ancient Tea Set","Cursed Key","Vajra","Mercury Hourglass","Torii","Dodecahedron"],"potions_floor_usage":[16,20,22,27,28,28,33,40,54,55,55],"damage_taken":[{"damage":1,"enemies":"Cultist","floor":1,"turns":3},{"damage":0,"enemies":"2 Louse","floor":2,"turns":2},{"damage":1,"enemies":"Jaw Worm","floor":7,"turns":2},{"damage":6,"enemies":"Gremlin Nob","floor":8,"turns":3},{"damage":26,"enemies":"3 Sentries","floor":10,"turns":5},{"damage":11,"enemies":"Large Slime","floor":14,"turns":3},{"damage":33,"enemies":"Hexaghost","floor":16,"turns":10},{"damage":17,"enemies":"Shell Parasite","floor":18,"turns":6},{"damage":20,"enemies":"2 Thieves","floor":20,"turns":4},{"damage":6,"enemies":"3 Cultists","floor":21,"turns":5},{"damage":4,"enemies":"Centurion and Healer","floor":22,"turns":3},{"damage":7,"enemies":"Sentry and Sphere","floor":24,"turns":5},{"damage":0,"enemies":"Book of Stabbing","floor":25,"turns":5},{"damage":0,"enemies":"Snecko","floor":27,"turns":4},{"damage":9,"enemies":"Gremlin Leader","floor":28,"turns":6},{"damage":14,"enemies":"3 Cultists","floor":29,"turns":5},{"damage":7,"enemies":"Cultist and Chosen","floor":31,"turns":4},{"damage":25,"enemies":"Champ","floor":33,"turns":7},{"damage":3,"enemies":"3 Darklings","floor":35,"turns":3},{"damage":14,"enemies":"3 Shapes","floor":36,"turns":2},{"damage":0,"enemies":"Spire Growth","floor":39,"turns":4},{"damage":14,"enemies":"Giant Head","floor":40,"turns":8},{"damage":0,"enemies":"Sphere and 2 Shapes","floor":41,"turns":4},{"damage":19,"enemies":"Nemesis","floor":42,"turns":5},{"damage":0,"enemies":"Writhing Mass","floor":45,"turns":5},{"damage":9,"enemies":"Maw","floor":46,"turns":5},{"damage":0,"enemies":"Jaw Worm Horde","floor":48,"turns":4},{"damage":31,"enemies":"Awakened One","floor":50,"turns":7},{"damage":40,"enemies":"Shield and Spear","floor":54,"turns":6},{"damage":91,"enemies":"The Heart","floor":55,"turns":6}],"seed_played":"1112426957008919907","potions_obtained":[{"floor":1,"key":"GamblersBrew"},{"floor":7,"key":"Ancient Potion"},{"floor":10,"key":"Block Potion"},{"floor":18,"key":"Poison Potion"},{"floor":21,"key":"Energy Potion"},{"floor":25,"key":"GamblersBrew"},{"floor":27,"key":"LiquidBronze"},{"floor":29,"key":"Regen Potion"},{"floor":31,"key":"GamblersBrew"},{"floor":35,"key":"EssenceOfSteel"},{"floor":45,"key":"SpeedPotion"}],"is_trial":false,"path_per_floor":["M","M","?","$","?","R","M","E","T","E","?","R","$","M","R","B",null,"M","$","M","M","M","R","M","E","T","M","E","M","R","M","R","B",null,"M","M","?","?","M","E","M","E","T","$","M","M","R","M","R","B",null,"R","$","E","B"],"character_chosen":"DEFECT","items_purchased":["Scrape","Hello World","Flash of Steel","Gash","Torii","Defragment"],"campfire_rested":2,"item_purchase_floors":[4,13,19,19,44,53],"current_hp_per_floor":[74,74,74,74,67,67,66,60,60,34,27,49,49,38,60,27,75,67,67,54,55,58,58,60,67,67,80,75,72,72,67,67,51,87,86,76,71,71,80,77,81,73,73,73,84,81,81,92,92,63,105,105,105,74,0],"gold":125,"neow_bonus":"UPGRADE_CARD","is_prod":false,"is_daily":false,"chose_seed":false,"campfire_upgraded":6,"win_rate":0,"timestamp":1549316549,"path_taken":["M","?","?","?","?","R","M","E","T","E","?","R","?","M","R","BOSS","M","$","?","M","M","R","M","E","T","M","E","M","R","M","R","BOSS","M","M","?","?","M","E","M","E","T","$","M","M","R","M","R","BOSS","R","$","E","BOSS"],"build_version":"2019-01-23","purchased_purges":1,"victory":false,"max_hp_per_floor":[75,75,75,75,75,75,75,75,75,75,75,75,75,75,75,75,75,77,77,77,77,77,77,79,79,79,83,85,87,87,87,87,87,87,89,91,91,91,91,93,95,97,97,97,99,103,103,105,105,105,105,105,105,107,107],"card_choices":[{"not_picked":["Lockon","Redo"],"picked":"Gash","floor":1},{"not_picked":["Compile Driver","Gash"],"picked":"Rebound","floor":2},{"not_picked":["Barrage","Loop"],"picked":"Sunder","floor":7},{"not_picked":["BootSequence","Rebound"],"picked":"Biased Cognition","floor":8},{"not_picked":["White Noise","Go for the Eyes"],"picked":"Buffer","floor":10},{"not_picked":["Sweeping Beam","Turbo"],"picked":"Cold Snap","floor":14},{"not_picked":["Skim","Recycle"],"picked":"Self Repair","floor":14},{"not_picked":["Reboot","Buffer"],"picked":"Seek","floor":16},{"not_picked":["Streamline+1","Chill"],"picked":"Auto Shields","floor":18},{"not_picked":["Redo","Glacier","Compile Driver"],"picked":"Singing Bowl","floor":18},{"not_picked":["Leap","Glacier"],"picked":"All For One","floor":20},{"not_picked":["Sweeping Beam","Glacier"],"picked":"Redo+1","floor":20},{"not_picked":["Redo","Ball Lightning"],"picked":"Coolheaded+1","floor":21},{"not_picked":["Compile Driver","Glacier"],"picked":"Leap+1","floor":21},{"not_picked":["Redo","Cold Snap+1"],"picked":"Steam","floor":22},{"not_picked":["Double Energy","Streamline"],"picked":"Glacier+1","floor":22},{"not_picked":["Barrage","Tempest","Conserve Battery"],"picked":"Singing Bowl","floor":24},{"not_picked":["Go for the Eyes+1","Rebound+1"],"picked":"Core Surge","floor":24},{"not_picked":["Stack+1","Barrage"],"picked":"Undo","floor":25},{"not_picked":["Turbo","Cold Snap","Hello World"],"picked":"Singing Bowl","floor":27},{"not_picked":["Sweeping Beam+1","Steam","Electrodynamics"],"picked":"Singing Bowl","floor":27},{"not_picked":["Beam Cell+1","Sweeping Beam","Storm"],"picked":"Singing Bowl","floor":28},{"not_picked":["Coolheaded","Go for the Eyes+1"],"picked":"Doom and Gloom+1","floor":29},{"not_picked":["Compile Driver+1","Double Energy","Tempest"],"picked":"Singing Bowl","floor":29},{"not_picked":["Undo","Chill"],"picked":"Blizzard+1","floor":31},{"not_picked":["Melter+1","Leap+1"],"picked":"Go for the Eyes+1","floor":31},{"not_picked":["Echo Form","Fission"],"picked":"Machine Learning","floor":33},{"not_picked":["Steam","Leap","Doom and Gloom+1"],"picked":"Singing Bowl","floor":35},{"not_picked":["Recycle","Stack"],"picked":"Defragment+1","floor":35},{"not_picked":["Recycle","Static Discharge","Reprogram"],"picked":"Singing Bowl","floor":36},{"not_picked":["Auto Shields+1","Rebound"],"picked":"Reinforced Body+1","floor":36},{"not_picked":["Mayhem","Jack Of All Trades"],"picked":"Finesse","floor":37},{"not_picked":["HandOfGreed","Swift Strike"],"picked":"Flash of Steel","floor":37},{"not_picked":["Go for the Eyes+1","Redo+1"],"picked":"FTL","floor":39},{"not_picked":["Darkness+1","Coolheaded+1"],"picked":"Hologram+1","floor":39},{"not_picked":["Sweeping Beam","Fusion+1","Storm+1"],"picked":"Singing Bowl","floor":40},{"not_picked":["Hello World+1","Auto Shields","Turbo"],"picked":"Singing Bowl","floor":41},{"not_picked":["Steam Power","Rebound+1"],"picked":"Hologram","floor":41},{"not_picked":["Electrodynamics","Machine Learning","Redo"],"picked":"Singing Bowl","floor":42},{"not_picked":["Stack","Sweeping Beam+1","Scrape+1"],"picked":"Singing Bowl","floor":45},{"not_picked":["Beam Cell+1","Turbo"],"picked":"Gash+1","floor":45},{"not_picked":["Gash","Go for the Eyes+1","Compile Driver+1"],"picked":"Singing Bowl","floor":46},{"not_picked":["Storm+1","Turbo+1","Redo+1"],"picked":"Singing Bowl","floor":46},{"not_picked":["Genetic Algorithm+1","Ball Lightning","Chill"],"picked":"Singing Bowl","floor":48},{"not_picked":["Ball Lightning","Rebound"],"picked":"FTL+1","floor":48},{"not_picked":["Capacitor+1","Force Field","Stack"],"picked":"Singing Bowl","floor":54}],"player_experience":212978,"relics_obtained":[{"floor":8,"key":"Mummified Hand"},{"floor":9,"key":"Shuriken"},{"floor":10,"key":"Singing Bowl"},{"floor":25,"key":"Whetstone"},{"floor":26,"key":"Blood Vial"},{"floor":28,"key":"Ancient Tea Set"},{"floor":40,"key":"Vajra"},{"floor":42,"key":"Mercury Hourglass"},{"floor":54,"key":"Dodecahedron"}],"event_choices":[{"damage_healed":0,"gold_gain":0,"player_choice":"Trade","damage_taken":0,"relics_obtained":["GremlinMask"],"max_hp_gain":0,"max_hp_loss":0,"event_name":"FaceTrader","floor":3,"gold_loss":0},{"cards_removed":["Strike_B"],"damage_healed":0,"gold_gain":0,"player_choice":"Card Removal","damage_taken":7,"max_hp_gain":0,"max_hp_loss":0,"event_name":"Golden Wing","floor":5,"gold_loss":0},{"damage_healed":0,"gold_gain":0,"player_choice":"Success","damage_taken":7,"relics_obtained":["Prayer Wheel"],"max_hp_gain":0,"max_hp_loss":0,"event_name":"Scrap Ooze","floor":11,"gold_loss":0},{"damage_healed":0,"gold_gain":0,"player_choice":"Memory 2","damage_taken":5,"max_hp_gain":0,"max_hp_loss":0,"event_name":"SensoryStone","floor":37,"gold_loss":0},{"damage_healed":0,"gold_gain":0,"player_choice":"Forge","damage_taken":0,"max_hp_gain":0,"max_hp_loss":0,"event_name":"Accursed Blacksmith","floor":38,"gold_loss":0,"cards_upgraded":["Machine Learning"]}],"is_beta":false,"boss_relics":[{"not_picked":["Ectoplasm","Snecko Eye"],"picked":"Philosopher\u0027s Stone"},{"not_picked":["Eternal Feather","Velvet Choker"],"picked":"Cursed Key"}],"items_purged_floors":[44],"is_endless":false,"potions_floor_spawned":[1,7,10,18,21,25,27,29,31,35,45,46,48],"killed_by":"The Heart","ascension_level":1}