{"path_per_floor":["M","M","?","M","$","E","R","E","T","M","M","M","R","M","R","B",null,"M","M","?","$","M","R","E","?","T","R","M","?"],"character_chosen":"IRONCLAD","items_purchased":["True Grit","Molten Egg 2"],"gold_per_floor":[14,29,29,43,20,48,48,79,152,172,189,205,205,216,216,320,320,307,323,323,3,13,13,48,48,48,48,65,65,65],"floor_reached":30,"campfire_rested":2,"playtime":1687,"current_hp_per_floor":[74,78,71,77,77,57,57,44,44,41,31,36,36,42,42,38,70,43,26,52,52,47,71,19,11,11,35,24,24,0],"items_purged":["Strike_R"],"gold":65,"score":456,"play_id":"1a67b2ec-b3e6-442d-9932-3d8eb7e30cd3","local_time":"20180507155540","is_prod":false,"is_daily":false,"chose_seed":false,"is_ascension_mode":true,"campfire_upgraded":3,"timestamp":1525722940,"path_taken":["M","M","?","?","$","E","R","E","T","M","M","M","R","?","R","BOSS","M","M","?","$","M","R","E","?","T","R","?","?","E"],"build_version":"2018-05-03","seed_source_timestamp":494094245824686,"purchased_purges":1,"victory":false,"master_deck":["Defend_R","Defend_R","Defend_R","Defend_R","Bash","AscendersBane","Flex+1","Cleave","Twin Strike","True Grit+1","Shrug It Off","Pommel Strike","Double Tap","Shrug It Off","Spot Weakness+1","Evolve","Reaper","Shrug It Off","Shockwave+1","Shrug It Off+1","Inflame","Bite+1","Bite+1","Bite+1","Bite+1","Bite+1"],"max_hp_per_floor":[80,80,80,80,80,80,80,80,80,80,80,80,80,80,80,80,80,80,80,80,80,80,80,80,80,80,80,80,56,56],"relics":["Burning Blood","Champion Belt","Ginger","Bag of Preparation","Black Star","Molten Egg 2","Paper Frog","Toxic Egg 2","Toolbox"],"card_choices":[{"not_picked":["Twin Strike","Iron Wave"],"picked":"Flex","floor":1},{"not_picked":["Twin Strike","Bloodletting"],"picked":"Cleave","floor":2},{"not_picked":["Warcry","Combust"],"picked":"Twin Strike","floor":4},{"not_picked":["Corruption","Ghostly Armor"],"picked":"Shrug It Off","floor":6},{"not_picked":["Wild Strike","Sword Boomerang"],"picked":"Pommel Strike","floor":8},{"not_picked":["Body Slam","Flex"],"picked":"Double Tap","floor":10},{"not_picked":["Burning Pact","Havoc"],"picked":"Shrug It Off","floor":11},{"not_picked":["Searing Blow","True Grit"],"picked":"Spot Weakness","floor":12},{"not_picked":["Shrug It Off","Infernal Blade"],"picked":"Evolve","floor":14},{"not_picked":["Offering","Bludgeon"],"picked":"Reaper","floor":16},{"not_picked":["Combust","Havoc"],"picked":"Shrug It Off","floor":18},{"not_picked":["Cleave","Sentinel"],"picked":"Shockwave","floor":19},{"not_picked":["Thunderclap","Wild Strike"],"picked":"Shrug It Off","floor":24},{"not_picked":["Disarm","True Grit"],"picked":"Inflame","floor":28}],"player_experience":544584,"potions_floor_usage":[16,16,16,24],"damage_taken":[{"damage":4,"enemies":"2 Louse","floor":1,"turns":4},{"damage":2,"enemies":"Jaw Worm","floor":2,"turns":4},{"damage":0,"enemies":"Cultist","floor":4,"turns":3},{"damage":26,"enemies":"Gremlin Nob","floor":6,"turns":5},{"damage":19,"enemies":"3 Sentries","floor":8,"turns":7},{"damage":9,"enemies":"Red Slaver","floor":10,"turns":3},{"damage":16,"enemies":"Lots of Slimes","floor":11,"turns":3},{"damage":1,"enemies":"Gremlin Gang","floor":12,"turns":4},{"damage":0,"enemies":"3 Louse","floor":14,"turns":3},{"damage":22,"enemies":"The Guardian","floor":16,"turns":14},{"damage":33,"enemies":"2 Thieves","floor":18,"turns":4},{"damage":23,"enemies":"Spheric Guardian","floor":19,"turns":6},{"damage":35,"enemies":"Slaver and Parasite","floor":22,"turns":5},{"damage":86,"enemies":"Slavers","floor":24,"turns":8},{"damage":22,"enemies":"Snake Plant","floor":28,"turns":7},{"damage":30,"enemies":"Book of Stabbing","floor":30,"turns":4}],"event_choices":[{"event_name":"Golden Wing","player_choice":"Card Removal","floor":3,"damage_taken":0},{"event_name":"The Library","player_choice":"Heal","floor":20,"damage_taken":0},{"event_name":"Wheel of Change","player_choice":"Damage","floor":25,"damage_taken":0},{"event_name":"Vampires","player_choice":"Became a vampire","floor":29,"damage_taken":0}],"boss_relics":[{"not_picked":["Eternal Feather","Runic Cube"],"picked":"Black Star"}],"potions_floor_spawned":[6,8,10,12,22,28],"seed_played":"-6990672929811106143","killed_by":"Book of Stabbing","ascension_level":11,"is_trial":false}