{"path_per_floor":["M","M","?","M","$","R","?","T","T","R","?","M","R","?","R","B",null,"M","M","$","M","?","R","?","?","T","R","T","M","R","M","R","B",null,"M","?","M","?","?","R","M","M","T","M","R","M","R","M","R","B"],"character_chosen":"DEFECT","items_purchased":["Turbo","Hologram","Blue Candle"],"gold_per_floor":[212,227,227,238,88,88,88,88,88,88,88,98,98,173,173,271,271,271,271,10,10,10,10,10,10,10,10,10,10,10,10,10,10,10,10,10,10,0,0,0,0,0,0,0,0,0,0,0,0,0],"floor_reached":51,"campfire_rested":2,"playtime":2552,"current_hp_per_floor":[70,70,70,70,70,70,70,70,70,70,70,70,70,59,59,59,75,61,61,61,48,48,48,48,48,48,48,48,46,46,44,75,61,75,38,28,38,38,38,38,28,36,36,47,47,40,40,44,75,26],"items_purged":["Strike_B"],"gold":0,"score":712,"play_id":"078b651b-8d5b-4e22-aad8-66b1dbaf337d","local_time":"20180509035425","is_prod":false,"is_daily":false,"chose_seed":false,"is_ascension_mode":false,"campfire_upgraded":10,"timestamp":1525852465,"path_taken":["M","M","?","M","$","R","?","?","T","R","?","?","R","?","R","BOSS","M","M","$","M","?","R","?","?","T","R","?","M","R","M","R","BOSS","M","?","M","?","?","R","M","M","T","M","R","?","R","M","R","BOSS"],"build_version":"2018-05-08","seed_source_timestamp":622745735300032,"purchased_purges":1,"victory":true,"master_deck":["Strike_B","Strike_B","Defend_B","Defend_B","Defend_B","Defend_B","Zap+1","Dualcast+1","Ball Lightning","Leap","Turbo+1","Hologram+1","Streamline+1","All For One","Skim+1","Beam Cell+1","Leap+1","Zap+1","Gash+1","All For One","All For One","Capacitor+1","Mind Blast","Secret Technique+1","Bandage Up","Skim","Go for the Eyes+1","Glacier","Machine Learning+1","White Noise"],"max_hp_per_floor":[75,75,75,75,75,75,75,75,75,75,75,75,75,75,75,75,75,75,75,75,75,75,75,75,75,75,75,75,75,75,75,75,75,75,75,75,75,75,75,75,75,75,75,75,75,75,75,75,75,75],"relics":["Cracked Core","Bottled Lightning","Cables","Ectoplasm","Blue Candle","Mercury Hourglass","Regal Pillow","Meat on the Bone","Sozu","Red Mask","Bag of Marbles"],"card_choices":[{"not_picked":["Stack","Skim"],"picked":"Ball Lightning","floor":1},{"not_picked":["Storm","Axe Kick"],"picked":"Leap","floor":2},{"not_picked":["Axe Kick","Capacitor"],"picked":"Streamline","floor":12},{"not_picked":["Reboot","Creative AI"],"picked":"All For One","floor":16},{"not_picked":["Capacitor","FTL"],"picked":"Skim","floor":18},{"not_picked":["Coolheaded","Stack"],"picked":"Beam Cell","floor":19},{"not_picked":["Lockon","Streamline"],"picked":"Leap","floor":21},{"not_picked":["Axe Kick","Turbo"],"picked":"Gash","floor":29},{"not_picked":["Coolheaded","Cold Snap"],"picked":"All For One","floor":31},{"not_picked":["Thunder Strike","Rainbow"],"picked":"All For One","floor":33},{"not_picked":["Streamline","Ball Lightning"],"picked":"Capacitor","floor":35},{"not_picked":["Bandage Up","Good Instincts"],"picked":"Mind Blast","floor":36},{"not_picked":["Swift Strike","Finesse"],"picked":"Secret Technique","floor":36},{"not_picked":["Finesse","Master of Strategy"],"picked":"Bandage Up","floor":36},{"not_picked":["Beam Cell","Self Repair"],"picked":"Skim","floor":41},{"not_picked":["Stack","Beam Cell"],"picked":"Go for the Eyes","floor":42},{"not_picked":["Barrage","Darkness"],"picked":"Glacier","floor":44},{"not_picked":["Rebound","Capacitor"],"picked":"Machine Learning","floor":46},{"not_picked":["Capacitor","Rebound"],"picked":"White Noise","floor":48}],"player_experience":54826,"potions_floor_usage":[33,50],"damage_taken":[{"damage":5,"enemies":"2 Louse","floor":1,"turns":2},{"damage":0,"enemies":"Cultist","floor":2,"turns":2},{"damage":0,"enemies":"Jaw Worm","floor":4,"turns":2},{"damage":0,"enemies":"Large Slime","floor":12,"turns":4},{"damage":0,"enemies":"Slime Boss","floor":16,"turns":8},{"damage":14,"enemies":"Shell Parasite","floor":18,"turns":4},{"damage":0,"enemies":"Chosen","floor":19,"turns":3},{"damage":13,"enemies":"Snake Plant","floor":21,"turns":2},{"damage":14,"enemies":"Chosen and Byrds","floor":29,"turns":3},{"damage":14,"enemies":"Snecko","floor":31,"turns":5},{"damage":14,"enemies":"Automaton","floor":33,"turns":6},{"damage":49,"enemies":"3 Darklings","floor":35,"turns":4},{"damage":2,"enemies":"Flame Bruiser 1 Orb","floor":37,"turns":4},{"damage":26,"enemies":"Spire Growth","floor":41,"turns":3},{"damage":8,"enemies":"Sphere and 2 Shapes","floor":42,"turns":4},{"damage":5,"enemies":"Flame Bruiser 2 Orb","floor":44,"turns":3},{"damage":11,"enemies":"Maw","floor":46,"turns":5},{"damage":12,"enemies":"Spire Growth","floor":48,"turns":3},{"damage":80,"enemies":"Time Eater","floor":50,"turns":10}],"event_choices":[{"event_name":"Accursed Blacksmith","player_choice":"Forge","floor":3,"damage_taken":0},{"event_name":"The Lab","player_choice":"Got Potions","floor":7,"damage_taken":0},{"event_name":"Living Wall","player_choice":"Forget","floor":11,"damage_taken":0},{"event_name":"World of Goop","player_choice":"Gather Gold","floor":14,"damage_taken":0},{"event_name":"Duplicator","player_choice":"One dupe","floor":22,"damage_taken":0},{"event_name":"The Mausoleum","player_choice":"Yes","floor":24,"damage_taken":0},{"event_name":"Drug Dealer","player_choice":"Ignored","floor":25,"damage_taken":0},{"event_name":"SensoryStone","player_choice":"Memory 3","floor":36,"damage_taken":0},{"event_name":"Tomb of Lord Red Mask","player_choice":"Paid","floor":38,"damage_taken":0},{"event_name":"Fountain of Cleansing","player_choice":"Removed Curse","floor":39,"damage_taken":0}],"boss_relics":[{"not_picked":["Runic Pyramid","Astrolabe"],"picked":"Ectoplasm"},{"not_picked":["Calling Bell","Eternal Feather"],"picked":"Sozu"}],"potions_floor_spawned":[4,12,29,33,35,44,48],"seed_played":"-712540493471309446","ascension_level":0,"is_trial":false}