{"gold_per_floor":[112,125,125,50,66,92,103,103,103,121,141,151,176,192,192,293,293,304,168,168,182,195,223,323,323,375,375],"floor_reached":27,"playtime":1851,"items_purged":["Defend_G","Strike_G"],"score":299,"play_id":"3f48d702-917b-4211-8a70-1ca5a4a18bb6","local_time":"20181103092156","is_ascension_mode":true,"campfire_choices":[{"floor":8,"key":"REST"},{"floor":15,"key":"REST"}],"neow_cost":"NONE","seed_source_timestamp":1285032855198339,"circlet_count":0,"master_deck":["Defend_G","Defend_G","Defend_G","Defend_G","Strike_G+1","Strike_G","Strike_G+1","Survivor","Neutralize","Bouncing Flask","Bane","Adrenaline","Leg Sweep","Backstab","Cloak And Dagger","Deadly Poison","Poisoned Stab","Poisoned Stab","After Image","Footwork","Well Laid Plans","Crippling Poison","Backstab+1","Dash+1"],"relics":["Ring of the Snake","NeowsBlessing","Bottled Flame","Ornamental Fan","Letter Opener","Coffee Dripper","Darkstone Periapt","Ginger","Shuriken","Whetstone"],"potions_floor_usage":[6,13,13,25],"damage_taken":[{"damage":0,"enemies":"Cultist","floor":1,"turns":1},{"damage":0,"enemies":"Small Slimes","floor":2,"turns":1},{"damage":0,"enemies":"2 Louse","floor":5,"turns":1},{"damage":52,"enemies":"Lagavulin","floor":6,"turns":7},{"damage":15,"enemies":"Exordium Wildlife","floor":7,"turns":6},{"damage":0,"enemies":"3 Louse","floor":10,"turns":3},{"damage":0,"enemies":"Looter","floor":11,"turns":3},{"damage":1,"enemies":"Exordium Thugs","floor":12,"turns":4},{"damage":25,"enemies":"Gremlin Nob","floor":13,"turns":4},{"damage":0,"enemies":"Gremlin Gang","floor":14,"turns":2},{"damage":2,"enemies":"The Guardian","floor":16,"turns":10},{"damage":9,"enemies":"3 Byrds","floor":18,"turns":6},{"damage":0,"enemies":"Chosen","floor":21,"turns":4},{"damage":8,"enemies":"Snecko","floor":22,"turns":5},{"damage":12,"enemies":"Slavers","floor":23,"turns":7},{"damage":1,"enemies":"Colosseum Slavers","floor":24,"turns":5},{"damage":37,"enemies":"Colosseum Nobs","floor":24,"turns":6},{"damage":0,"enemies":"Shelled Parasite and Fungi","floor":25,"turns":2},{"damage":11,"enemies":"Snake Plant","floor":27,"turns":2}],"seed_played":"293510142591627723","potions_obtained":[{"floor":1,"key":"PowerPotion"},{"floor":5,"key":"Fruit Juice"},{"floor":10,"key":"Ancient Potion"},{"floor":12,"key":"SteroidPotion"},{"floor":14,"key":"SmokeBomb"},{"floor":16,"key":"Energy Potion"}],"is_trial":false,"path_per_floor":["M","M","?","$","M","E","M","R","T","M","M","M","E","M","R","B",null,"M","$","?","M","M","E","?","M","T","M"],"character_chosen":"THE_SILENT","items_purchased":["Well Laid Plans"],"campfire_rested":2,"item_purchase_floors":[19],"current_hp_per_floor":[70,70,70,70,70,23,8,30,30,30,30,29,4,4,26,24,75,66,66,66,66,58,46,8,8,8,0],"gold":375,"neow_bonus":"THREE_ENEMY_KILL","is_prod":false,"is_daily":false,"chose_seed":false,"campfire_upgraded":0,"win_rate":0,"timestamp":1541254916,"path_taken":["M","?","?","$","M","E","M","R","T","M","M","M","E","M","R","BOSS","M","$","?","M","M","E","?","M","T","?"],"build_version":"2018-11-01","purchased_purges":2,"victory":false,"max_hp_per_floor":[70,70,70,70,70,75,75,75,75,75,75,75,75,75,75,75,75,75,75,75,75,75,75,75,75,75,75],"card_choices":[{"not_picked":["Prepared","Dagger Throw"],"picked":"Bouncing Flask","floor":1},{"not_picked":["Accuracy","Underhanded Strike"],"picked":"Bane","floor":2},{"not_picked":["Dodge and Roll","PiercingWail"],"picked":"Adrenaline","floor":5},{"not_picked":["Riddle With Holes","Endless Agony"],"picked":"Leg Sweep","floor":6},{"not_picked":["Backflip","Flying Knee"],"picked":"Backstab","floor":7},{"not_picked":["Underhanded Strike","Slice"],"picked":"Cloak And Dagger","floor":10},{"not_picked":["Prepared","Underhanded Strike"],"picked":"Deadly Poison","floor":11},{"not_picked":["Acrobatics","Reflex"],"picked":"Poisoned Stab","floor":12},{"not_picked":["Infinite Blades","Skewer","Sucker Punch"],"picked":"SKIP","floor":13},{"not_picked":["Cloak And Dagger","Blade Dance"],"picked":"Poisoned Stab","floor":14},{"not_picked":["Doppelganger","Adrenaline"],"picked":"After Image","floor":16},{"not_picked":["Reflex","Prepared"],"picked":"Footwork","floor":18},{"not_picked":["Backflip+1","Bane"],"picked":"Crippling Poison","floor":21},{"not_picked":["Underhanded Strike+1","Cloak And Dagger"],"picked":"Backstab+1","floor":22},{"not_picked":["Predator","Leg Sweep"],"picked":"Dash+1","floor":23}],"player_experience":164248,"relics_obtained":[{"floor":6,"key":"Bottled Flame"},{"floor":9,"key":"Ornamental Fan"},{"floor":13,"key":"Letter Opener"},{"floor":23,"key":"Darkstone Periapt"},{"floor":24,"key":"Ginger"},{"floor":24,"key":"Shuriken"},{"floor":26,"key":"Whetstone"}],"event_choices":[{"cards_removed":["Strike_G"],"damage_healed":0,"gold_gain":0,"player_choice":"Forget","damage_taken":0,"max_hp_gain":0,"max_hp_loss":0,"event_name":"Living Wall","floor":3,"gold_loss":0},{"damage_healed":0,"gold_gain":0,"player_choice":"Ignored","damage_taken":0,"max_hp_gain":0,"max_hp_loss":0,"event_name":"Ghosts","floor":20,"gold_loss":0},{"damage_healed":0,"gold_gain":0,"player_choice":"Fight","damage_taken":0,"max_hp_gain":0,"max_hp_loss":0,"event_name":"Colosseum","floor":24,"gold_loss":0},{"damage_healed":0,"gold_gain":0,"player_choice":"Fought Nobs","damage_taken":0,"max_hp_gain":0,"max_hp_loss":0,"event_name":"Colosseum","floor":24,"gold_loss":0}],"is_beta":false,"boss_relics":[{"not_picked":["Eternal Feather","Philosopher\u0027s Stone"],"picked":"Coffee Dripper"}],"items_purged_floors":[4,19],"is_endless":false,"potions_floor_spawned":[1,5,10,12,14,16,18,22,24],"killed_by":"Snake Plant","ascension_level":4}