{"gold_per_floor":[111,127,127,146,160,160,203,116,139,139,153,153,178,32,32,163,163,178,194,194],"floor_reached":20,"playtime":1046,"items_purged":["Strike_B"],"score":264,"play_id":"1638f198-5818-4d45-a0f2-23a0471c72d4","local_time":"20181117164053","is_ascension_mode":true,"campfire_choices":[{"data":"Zap","floor":6,"key":"SMITH"},{"floor":10,"key":"REST"},{"data":"Streamline","floor":12,"key":"SMITH"},{"floor":15,"key":"REST"}],"neow_cost":"NONE","seed_source_timestamp":321234169130373,"circlet_count":0,"master_deck":["AscendersBane","Zap+1","Dualcast","Cold Snap","Steam","Cold Snap","Streamline+1","Beam Cell","Creative AI","Electrodynamics","Leap","Redo","Sweeping Beam","Darkness","Scrape","Beam Cell","Heatsinks","BootSequence+1","Steam+1"],"relics":["Cracked Core","Golden Idol","Art of War","PreservedInsect","Potion Belt","Pandora\u0027s Box"],"potions_floor_usage":[16],"damage_taken":[{"damage":5,"enemies":"2 Louse","floor":1,"turns":2},{"damage":8,"enemies":"Small Slimes","floor":2,"turns":3},{"damage":0,"enemies":"Cultist","floor":4,"turns":3},{"damage":4,"enemies":"2 Fungi Beasts","floor":5,"turns":4},{"damage":31,"enemies":"3 Sentries","floor":7,"turns":7},{"damage":15,"enemies":"Exordium Wildlife","floor":11,"turns":6},{"damage":0,"enemies":"Large Slime","floor":13,"turns":5},{"damage":38,"enemies":"The Guardian","floor":16,"turns":10},{"damage":38,"enemies":"2 Thieves","floor":18,"turns":4},{"damage":21,"enemies":"Chosen","floor":19,"turns":7},{"damage":6,"enemies":"Masked Bandits","floor":20,"turns":2}],"seed_played":"-898733861856370804","potions_obtained":[{"floor":11,"key":"Swift Potion"},{"floor":19,"key":"Explosive Potion"}],"is_trial":false,"path_per_floor":["M","M","?","M","M","R","E","?","T","R","M","R","M","$","R","B",null,"M","M","?"],"character_chosen":"DEFECT","items_purchased":["Creative AI"],"campfire_rested":2,"item_purchase_floors":[14],"current_hp_per_floor":[70,62,62,62,58,58,27,27,27,49,34,34,34,34,56,18,62,24,3,0],"gold":194,"neow_bonus":"TEN_PERCENT_HP_BONUS","is_prod":false,"is_daily":false,"chose_seed":false,"campfire_upgraded":2,"win_rate":0,"timestamp":1542494453,"path_taken":["M","M","?","M","M","R","E","?","T","R","M","R","M","$","R","BOSS","M","M","?"],"build_version":"2018-11-15","purchased_purges":1,"victory":false,"max_hp_per_floor":[82,82,76,76,76,76,76,76,76,76,76,76,76,76,76,76,76,76,76,76],"card_choices":[{"not_picked":["Coolheaded","Compile Driver"],"picked":"Cold Snap","floor":1},{"not_picked":["Compile Driver","Skim"],"picked":"Steam","floor":2},{"not_picked":["Force Field","Turbo","Capacitor"],"picked":"SKIP","floor":4},{"not_picked":["Hologram","Beam Cell"],"picked":"Cold Snap","floor":5},{"not_picked":["Rebound","Thunder Strike","Heatsinks"],"picked":"SKIP","floor":7},{"not_picked":["Coolheaded","Steam"],"picked":"Streamline","floor":11},{"not_picked":["White Noise","Undo"],"picked":"Beam Cell","floor":13},{"not_picked":["Biased Cognition","Fission"],"picked":"Electrodynamics","floor":16},{"not_picked":["Scrape","Double Energy"],"picked":"BootSequence+1","floor":18},{"not_picked":["Turbo+1","Rebound+1"],"picked":"Steam+1","floor":19}],"player_experience":203462,"relics_obtained":[{"floor":7,"key":"Art of War"},{"floor":9,"key":"Potion Belt"}],"event_choices":[{"damage_healed":0,"gold_gain":0,"player_choice":"Lose Max HP","damage_taken":0,"relics_obtained":["Golden Idol"],"max_hp_gain":0,"max_hp_loss":6,"event_name":"Golden Idol","floor":3,"gold_loss":0},{"damage_healed":0,"gold_gain":0,"player_choice":"Paid Gold","damage_taken":0,"relics_obtained":["PreservedInsect"],"max_hp_gain":0,"max_hp_loss":0,"event_name":"WeMeetAgain","floor":8,"gold_loss":87},{"damage_healed":0,"gold_gain":0,"player_choice":"Fought Bandits","damage_taken":0,"max_hp_gain":0,"max_hp_loss":0,"event_name":"Masked Bandits","floor":20,"gold_loss":0}],"is_beta":false,"boss_relics":[{"not_picked":["Orrery","Inserter"],"picked":"Pandora\u0027s Box"}],"items_purged_floors":[14],"is_endless":false,"potions_floor_spawned":[11,19],"killed_by":"Masked Bandits","ascension_level":10}