{"gold_per_floor":[117,117,142,242,265,309,309,339],"floor_reached":8,"playtime":557,"items_purged":[],"score":56,"play_id":"54a24599-cc67-4912-b2c0-e01474cd4d72","local_time":"20180717053336","is_ascension_mode":false,"campfire_choices":[{"floor":7,"key":"REST"}],"neow_cost":"NONE","seed_source_timestamp":381824591072114,"circlet_count":0,"master_deck":["Defend_G","Defend_G","Defend_G","Defend_G","Defend_G","Strike_G","Strike_G","Strike_G","Strike_G","Strike_G","Survivor","Neutralize","Cloak And Dagger","Leg Sweep","Finisher","Expertise","Choke"],"relics":["Ring of the Snake","Golden Idol","Juzu Bracelet"],"potions_floor_usage":[6,8],"damage_taken":[{"damage":7,"enemies":"2 Louse","floor":1,"turns":2},{"damage":0,"enemies":"Small Slimes","floor":3,"turns":4},{"damage":0,"enemies":"Cultist","floor":5,"turns":4},{"damage":18,"enemies":"Lagavulin","floor":6,"turns":11},{"damage":52,"enemies":"Lagavulin Event","floor":8,"turns":11}],"seed_played":"1594300751148872823","potions_obtained":[{"floor":3,"key":"GamblersBrew"},{"floor":5,"key":"AttackPotion"}],"is_trial":false,"path_per_floor":["M","?","M","?","M","E","R"],"character_chosen":"THE_SILENT","items_purchased":[],"campfire_rested":1,"item_purchase_floors":[],"current_hp_per_floor":[63,46,46,46,46,28,49,0],"gold":339,"neow_bonus":"THREE_CARDS","is_prod":false,"is_daily":false,"chose_seed":false,"campfire_upgraded":0,"win_rate":0,"timestamp":1531794816,"path_taken":["M","?","M","?","M","E","R","?"],"build_version":"2018-07-12","purchased_purges":0,"victory":false,"max_hp_per_floor":[70,70,70,70,70,70,70,70],"card_choices":[{"not_picked":["Underhanded Strike","Backflip"],"picked":"Cloak And Dagger","floor":0},{"not_picked":["Dodge and Roll","Bane"],"picked":"Leg Sweep","floor":1},{"not_picked":["Underhanded Strike","Escape Plan"],"picked":"Finisher","floor":3},{"not_picked":["Dagger Throw","Catalyst"],"picked":"Expertise","floor":5},{"not_picked":["Eviscerate","Calculated Gamble"],"picked":"Choke","floor":6}],"player_experience":115725,"relics_obtained":[{"floor":6,"key":"Juzu Bracelet"}],"event_choices":[{"event_name":"Golden Idol","player_choice":"Take Damage","floor":2,"damage_taken":0},{"event_name":"Golden Shrine","player_choice":"Pray","floor":4,"damage_taken":0},{"event_name":"Dead Adventurer","player_choice":"Searched \u00272\u0027 times","floor":8,"damage_taken":0}],"boss_relics":[],"items_purged_floors":[],"is_endless":false,"potions_floor_spawned":[3,5,8],"killed_by":"Lagavulin Event","ascension_level":0}