{"gold_per_floor":[109,128,128,1,20,20,45,58,58,85,85,36,46,64,64,161,161,177,177,196,196,8,42,42,62,62,62,62,62,62,72,72,175,175,188,188,188,207,52,52,81,181,181,198,198,198,211,62,62,62],"floor_reached":51,"playtime":4025,"items_purged":["Regret","Strike_R"],"score":809,"play_id":"e369e495-8be7-4519-9ba0-f52997cc95e1","local_time":"20190216094921","is_ascension_mode":true,"campfire_choices":[{"data":"Armaments","floor":6,"key":"SMITH"},{"floor":15,"key":"REST"},{"data":"True Grit","floor":24,"key":"SMITH"},{"data":"1","floor":28,"key":"LIFT"},{"data":"2","floor":30,"key":"LIFT"},{"data":"3","floor":32,"key":"LIFT"},{"data":"Jack Of All Trades","floor":40,"key":"SMITH"},{"data":"Offering","floor":46,"key":"SMITH"},{"data":"Feel No Pain","floor":49,"key":"SMITH"}],"neow_cost":"NONE","seed_source_timestamp":1082727448211479,"circlet_count":0,"master_deck":["Strike_R","Strike_R","Strike_R","Strike_R","Defend_R","Defend_R","Defend_R","Bash","Body Slam","Rage","Armaments+1","Shrug It Off","Bloodletting","Clash","Wild Strike+1","Clash+1","Thunderclap+1","True Grit+1","Impervious","Flex+1","Iron Wave+1","Flex+1","Feel No Pain+1","Offering+1","Headbutt+1","Exhume","Metallicize+1","Exhume","Pommel Strike+1","Madness","Madness","Pommel Strike+1","Jack Of All Trades+1","Rupture+1","Demon Form+1","Seeing Red","Warcry","Body Slam+1"],"relics":["Burning Blood","Champion Belt","Unceasing Top","Charon\u0027s Ashes","Molten Egg 2","Girya","Eternal Feather","Mummified Hand","Pocketwatch","Juzu Bracelet","Frozen Egg 2","Coffee Dripper","Mango","Torii","Du-Vu Doll"],"potions_floor_usage":[7,16,33,44,50,50,50],"damage_taken":[{"damage":3,"enemies":"Small Slimes","floor":1,"turns":3},{"damage":3,"enemies":"Jaw Worm","floor":2,"turns":5},{"damage":5,"enemies":"2 Louse","floor":5,"turns":4},{"damage":35,"enemies":"3 Sentries","floor":7,"turns":10},{"damage":8,"enemies":"Red Slaver","floor":8,"turns":5},{"damage":8,"enemies":"Lagavulin","floor":10,"turns":6},{"damage":10,"enemies":"Exordium Thugs","floor":13,"turns":4},{"damage":0,"enemies":"Exordium Wildlife","floor":14,"turns":3},{"damage":33,"enemies":"Slime Boss","floor":16,"turns":11},{"damage":14,"enemies":"Shell Parasite","floor":18,"turns":7},{"damage":0,"enemies":"3 Byrds","floor":20,"turns":6},{"damage":71,"enemies":"Book of Stabbing","floor":23,"turns":7},{"damage":7,"enemies":"Cultist and Chosen","floor":25,"turns":6},{"damage":16,"enemies":"Snecko","floor":31,"turns":5},{"damage":39,"enemies":"Champ","floor":33,"turns":6},{"damage":4,"enemies":"3 Shapes","floor":35,"turns":4},{"damage":31,"enemies":"3 Darklings","floor":38,"turns":5},{"damage":44,"enemies":"Giant Head","floor":41,"turns":6},{"damage":9,"enemies":"Mind Bloom Boss Battle","floor":42,"turns":4},{"damage":9,"enemies":"Transient","floor":44,"turns":5},{"damage":29,"enemies":"Maw","floor":47,"turns":6},{"damage":35,"enemies":"Donu and Deca","floor":50,"turns":6}],"seed_played":"-1406167586112501279","potions_obtained":[{"floor":2,"key":"SteroidPotion"},{"floor":5,"key":"SkillPotion"},{"floor":10,"key":"Ancient Potion"},{"floor":14,"key":"Strength Potion"},{"floor":23,"key":"Strength Potion"},{"floor":33,"key":"Poison Potion"},{"floor":38,"key":"Swift Potion"},{"floor":47,"key":"Energy Potion"}],"is_trial":false,"path_per_floor":["M","M","?","$","M","R","E","M","T","E","?","$","M","M","R","B",null,"M","?","M","?","$","E","R","M","T","?","R","T","R","M","R","B",null,"M","?","?","M","$","R","E","?","T","M","?","R","M","$","R","B",null],"character_chosen":"IRONCLAD","items_purchased":["Shrug It Off","Clash+1","Feel No Pain","Offering","Jack Of All Trades","Rupture+1","Body Slam+1"],"campfire_rested":1,"item_purchase_floors":[4,12,22,22,39,39,48],"current_hp_per_floor":[80,80,80,80,80,80,51,49,49,47,40,40,36,42,66,39,80,72,72,78,78,78,13,28,27,27,27,42,42,57,47,62,29,80,80,70,70,45,45,66,42,39,39,36,36,57,34,34,55,26],"gold":62,"neow_bonus":"THREE_CARDS","is_prod":false,"is_daily":false,"chose_seed":false,"campfire_upgraded":5,"win_rate":0,"timestamp":1550306961,"path_taken":["M","M","?","$","M","R","E","M","T","E","?","$","M","M","R","BOSS","M","?","M","?","$","E","R","M","T","?","R","?","R","M","R","BOSS","M","?","?","M","$","R","E","?","T","M","?","R","M","$","R","BOSS"],"build_version":"2019-01-23","purchased_purges":2,"victory":true,"max_hp_per_floor":[80,80,80,80,80,80,80,80,80,80,80,80,80,80,80,80,80,80,80,80,80,80,80,80,80,80,80,80,80,80,80,80,80,80,80,80,80,80,80,80,94,94,94,94,94,94,94,94,94,94],"card_choices":[{"not_picked":["Dropkick","Battle Trance"],"picked":"Body Slam","floor":0},{"not_picked":["Anger","Body Slam"],"picked":"Rage","floor":1},{"not_picked":["Body Slam","Iron Wave"],"picked":"Armaments","floor":2},{"not_picked":["Havoc","Whirlwind"],"picked":"Bloodletting","floor":5},{"not_picked":["Armaments","Hemokinesis"],"picked":"True Grit","floor":7},{"not_picked":["Feed","Whirlwind"],"picked":"Clash","floor":8},{"not_picked":["Reaper","Uppercut"],"picked":"Wild Strike","floor":10},{"not_picked":["Wild Strike+1","Searing Blow+1"],"picked":"Thunderclap+1","floor":13},{"not_picked":["Fire Breathing","Reckless Charge+1"],"picked":"True Grit","floor":14},{"not_picked":["Double Tap","Barricade"],"picked":"Impervious","floor":16},{"not_picked":["Uppercut+1","Clothesline+1"],"picked":"Flex+1","floor":18},{"not_picked":["Uppercut+1","Wild Strike+1"],"picked":"Flex+1","floor":20},{"not_picked":["Clothesline+1","Inflame"],"picked":"Headbutt+1","floor":23},{"not_picked":["Twin Strike+1","Iron Wave+1"],"picked":"Exhume","floor":25},{"not_picked":["Thunderclap+1","Bloodletting+1"],"picked":"Metallicize+1","floor":31},{"not_picked":["Feed+1","Limit Break"],"picked":"Exhume","floor":33},{"not_picked":["Shrug It Off+1","Infernal Blade+1"],"picked":"Pommel Strike+1","floor":35},{"not_picked":["Cleave+1","Carnage+1"],"picked":"Pommel Strike+1","floor":38},{"not_picked":["Evolve+1","Reckless Charge+1"],"picked":"Demon Form+1","floor":41},{"not_picked":["True Grit","Shockwave+1"],"picked":"Seeing Red","floor":44},{"not_picked":["Wild Strike+1","Heavy Blade+1"],"picked":"Warcry","floor":47}],"player_experience":304956,"relics_obtained":[{"floor":7,"key":"Unceasing Top"},{"floor":9,"key":"Charon\u0027s Ashes"},{"floor":10,"key":"Molten Egg 2"},{"floor":23,"key":"Pocketwatch"},{"floor":26,"key":"Juzu Bracelet"},{"floor":29,"key":"Frozen Egg 2"},{"floor":41,"key":"Mango"},{"floor":42,"key":"Torii"},{"floor":43,"key":"Du-Vu Doll"}],"event_choices":[{"damage_healed":0,"gold_gain":0,"player_choice":"Box","damage_taken":0,"relics_obtained":["Champion Belt"],"max_hp_gain":0,"max_hp_loss":0,"event_name":"Big Fish","floor":3,"gold_loss":0,"cards_obtained":["Regret"]},{"damage_healed":0,"gold_gain":0,"player_choice":"Success","damage_taken":7,"relics_obtained":["Girya"],"max_hp_gain":0,"max_hp_loss":0,"event_name":"Scrap Ooze","floor":11,"gold_loss":0},{"damage_healed":0,"gold_gain":0,"player_choice":"Read","damage_taken":0,"max_hp_gain":0,"max_hp_loss":0,"event_name":"The Library","floor":19,"gold_loss":0,"cards_obtained":["Iron Wave"]},{"cards_removed":["True Grit"],"damage_healed":0,"gold_gain":0,"player_choice":"Gave Card","damage_taken":0,"relics_obtained":["Mummified Hand"],"max_hp_gain":0,"max_hp_loss":0,"event_name":"WeMeetAgain","floor":21,"gold_loss":0},{"damage_healed":0,"gold_gain":0,"player_choice":"Ignored","damage_taken":0,"max_hp_gain":0,"max_hp_loss":0,"event_name":"Ghosts","floor":27,"gold_loss":0},{"damage_healed":0,"gold_gain":0,"player_choice":"Embrace Madness","damage_taken":10,"max_hp_gain":0,"max_hp_loss":0,"event_name":"Winding Halls","floor":36,"gold_loss":0,"cards_obtained":["Madness","Madness"]},{"cards_removed":["Defend_R"],"damage_healed":0,"gold_gain":0,"player_choice":"Removed Skill","damage_taken":0,"max_hp_gain":0,"max_hp_loss":0,"event_name":"Falling","floor":37,"gold_loss":0},{"damage_healed":0,"gold_gain":0,"player_choice":"Fight","damage_taken":0,"max_hp_gain":0,"max_hp_loss":0,"event_name":"MindBloom","floor":42,"gold_loss":0},{"damage_healed":0,"gold_gain":0,"player_choice":"Ignored","damage_taken":0,"max_hp_gain":0,"max_hp_loss":0,"event_name":"Tomb of Lord Red Mask","floor":45,"gold_loss":0}],"is_beta":false,"boss_relics":[{"not_picked":["Runic Pyramid","Black Star"],"picked":"Eternal Feather"},{"not_picked":["Black Blood","Busted Crown"],"picked":"Coffee Dripper"}],"items_purged_floors":[4,48],"is_endless":false,"potions_floor_spawned":[2,5,10,14,23,33,38,42,47],"ascension_level":4}