{"gold_per_floor":[113,127,147,97,67,97,97,116,116,116,116,141,71,91,91,91],"floor_reached":16,"playtime":1251,"items_purged":[],"score":117,"play_id":"ae92d465-c638-45d3-8f36-96395f95cabe","local_time":"20181030195301","is_ascension_mode":true,"campfire_choices":[{"floor":15,"key":"REST"}],"neow_cost":"NONE","seed_source_timestamp":977895605019331,"circlet_count":0,"master_deck":["Defend_G","Defend_G","Defend_G","Defend_G","Defend_G","Strike_G","Strike_G","Strike_G","Survivor","Neutralize","Crippling Poison","Dodge and Roll","Footwork","Cloak And Dagger","A Thousand Cuts","PiercingWail+1","Cloak And Dagger+1","Noxious Fumes","Backflip+1"],"relics":["Ring of the Snake","Omamori","Lantern","Toxic Egg 2","Question Card","Golden Idol"],"potions_floor_usage":[12,12,16],"damage_taken":[{"damage":2,"enemies":"Small Slimes","floor":1,"turns":4},{"damage":12,"enemies":"Jaw Worm","floor":2,"turns":6},{"damage":2,"enemies":"Cultist","floor":3,"turns":5},{"damage":6,"enemies":"Looter","floor":5,"turns":4},{"damage":23,"enemies":"3 Sentries","floor":6,"turns":17},{"damage":6,"enemies":"3 Louse","floor":8,"turns":4},{"damage":0,"enemies":"Lots of Slimes","floor":12,"turns":3},{"damage":0,"enemies":"Looter","floor":14,"turns":4},{"damage":33,"enemies":"Slime Boss","floor":16,"turns":11}],"seed_played":"-1294439617385910706","potions_obtained":[{"floor":1,"key":"SpeedPotion"},{"floor":3,"key":"LiquidBronze"},{"floor":8,"key":"PowerPotion"}],"is_trial":false,"path_per_floor":["M","M","M","?","M","E","T","M","T","?","?","M","$","M","R"],"character_chosen":"THE_SILENT","items_purchased":["Noxious Fumes"],"campfire_rested":1,"item_purchase_floors":[13],"current_hp_per_floor":[68,56,54,54,48,25,25,19,19,12,12,12,12,12,33,0],"gold":91,"neow_bonus":"RANDOM_COMMON_RELIC","is_prod":false,"is_daily":false,"chose_seed":false,"campfire_upgraded":0,"win_rate":0,"timestamp":1540947181,"path_taken":["M","M","M","?","M","E","?","?","T","?","?","M","?","?","R","BOSS"],"build_version":"2018-10-25v2","purchased_purges":0,"victory":false,"max_hp_per_floor":[70,70,70,70,70,70,70,70,70,70,70,70,70,70,70,70],"card_choices":[{"not_picked":["Flying Knee","Dagger Spray"],"picked":"Crippling Poison","floor":1},{"not_picked":["Underhanded Strike","Crippling Poison"],"picked":"Dodge and Roll","floor":2},{"not_picked":["Finisher","Backstab"],"picked":"Footwork","floor":3},{"not_picked":["Backflip","Outmaneuver"],"picked":"Cloak And Dagger","floor":5},{"not_picked":["Deadly Poison","Reflex"],"picked":"A Thousand Cuts","floor":6},{"not_picked":["Dagger Throw","Bane"],"picked":"PiercingWail+1","floor":8},{"not_picked":["Outmaneuver+1","Flying Knee","Reflex+1"],"picked":"Cloak And Dagger+1","floor":12},{"not_picked":["Tactician+1","Reflex+1","Escape Plan+1"],"picked":"Backflip+1","floor":14}],"player_experience":142166,"relics_obtained":[{"floor":6,"key":"Lantern"},{"floor":7,"key":"Toxic Egg 2"},{"floor":9,"key":"Question Card"}],"event_choices":[{"cards_removed":["Strike_G"],"damage_healed":0,"gold_gain":0,"player_choice":"Card Removal","damage_taken":0,"max_hp_gain":0,"max_hp_loss":0,"event_name":"The Cleric","floor":4,"gold_loss":50},{"cards_removed":["Strike_G"],"damage_healed":0,"gold_gain":0,"player_choice":"Card Removal","damage_taken":7,"max_hp_gain":0,"max_hp_loss":0,"event_name":"Golden Wing","floor":10,"gold_loss":0},{"damage_healed":0,"gold_gain":0,"player_choice":"Take Wound","damage_taken":0,"relics_obtained":["Golden Idol"],"max_hp_gain":0,"max_hp_loss":0,"event_name":"Golden Idol","floor":11,"gold_loss":0,"cards_obtained":["Injury"]}],"is_beta":false,"boss_relics":[],"items_purged_floors":[],"is_endless":false,"potions_floor_spawned":[1,3,8],"killed_by":"Slime Boss","ascension_level":3}