{"path_per_floor":["M","?","M","M","M","R","E","R","T","M","?","M","?","M","R","B",null,"M","?","T","?","M","R","M","R","T","$","T","M","$"],"character_chosen":"IRONCLAD","items_purchased":["Master of Strategy","Madness","Magic Flower","Master of Strategy"],"gold_per_floor":[362,362,377,397,407,407,432,432,458,469,544,556,586,596,596,695,695,712,712,763,763,773,773,786,786,816,457,484,494,0],"floor_reached":31,"campfire_rested":1,"playtime":21437,"current_hp_per_floor":[45,45,37,41,43,43,33,33,33,41,30,33,33,41,41,22,64,50,35,35,19,31,31,16,36,36,36,36,10,10],"items_purged":["Strike_R"],"gold":0,"play_id":"53148b17-a277-4451-a33f-2f5779e6f115","is_prod":false,"is_daily":false,"campfire_rituals":0,"campfire_upgraded":4,"is_hardmode":false,"path_taken":["M","?","M","?","M","R","E","R","T","M","?","M","?","M","R","BOSS","M","?","?","?","M","R","M","R","T","?","?","M","$","?"],"build_version":"2018-01-11-PROD2","purchased_purges":1,"victory":false,"master_deck":["Strike_R","Strike_R","Strike_R","Strike_R","Defend_R","Defend_R","Defend_R","Defend_R","Bash","Cleave","Ghostly Armor","Shrug It Off","Armaments","Flex","Uppercut","Dual Wield","Reaper","Pommel Strike","Spot Weakness","Master of Strategy","Madness","Battle Trance","Master of Strategy"],"max_hp_per_floor":[80,80,80,80,80,80,80,80,80,80,80,80,80,80,80,80,64,64,69,69,69,69,69,69,69,69,69,69,69,69],"relics":["Burning Blood","Kunai","Blood Vial","Vajra","Runic Cube","Pen Nib","Nilry\u0027s Codex","Tiny Chest","Bag of Marbles","Magic Flower"],"campfire_meditates":0,"card_choices":[{"not_picked":["Anger","Infernal Blade"],"picked":"Cleave"},{"not_picked":["Offering","Havoc"],"picked":"Ghostly Armor"},{"not_picked":["Hemokinesis","Heavy Blade"],"picked":"Shrug It Off"},{"not_picked":["Clash","Sword Boomerang"],"picked":"Armaments"},{"not_picked":["Headbutt","Dropkick"],"picked":"Flex"},{"not_picked":["Entrench","Pummel"],"picked":"Uppercut"},{"not_picked":["Sword Boomerang","Rupture"],"picked":"Dual Wield"},{"not_picked":["Double Tap","Dark Embrace"],"picked":"Reaper"},{"not_picked":["Havoc","Armaments"],"picked":"Pommel Strike"},{"not_picked":["Shrug It Off","Searing Blow"],"picked":"Spot Weakness"},{"not_picked":["Rage","Power Through"],"picked":"Battle Trance"}],"player_experience":222219,"potions_floor_usage":[7,7,16,18,29],"damage_taken":[{"damage":1,"enemies":"Jaw Worm","floor":1,"turns":3},{"damage":14,"enemies":"Blue Slaver","floor":3,"turns":5},{"damage":2,"enemies":"Small Slimes","floor":4,"turns":3},{"damage":4,"enemies":"Red Slaver","floor":5,"turns":6},{"damage":16,"enemies":"Gremlin Nob","floor":7,"turns":5},{"damage":0,"enemies":"Exordium Wildlife","floor":10,"turns":4},{"damage":5,"enemies":"Looter","floor":12,"turns":3},{"damage":0,"enemies":"2 Fungi Beasts","floor":14,"turns":3},{"damage":27,"enemies":"The Guardian","floor":16,"turns":12},{"damage":20,"enemies":"2 Thieves","floor":18,"turns":4},{"damage":5,"enemies":"3 Byrds","floor":22,"turns":6},{"damage":30,"enemies":"Snake Plant","floor":24,"turns":5},{"damage":40,"enemies":"Chosen and Byrds","floor":29,"turns":7},{"damage":28,"enemies":"3 Cultists","floor":31,"turns":5}],"event_choices":[{"event_name":"Wheel of Change","player_choice":"Relic","floor":2,"damage_taken":0},{"event_name":"World of Goop","player_choice":"Gather Gold","floor":11,"damage_taken":0},{"event_name":"Dead Adventurer","player_choice":"Searched \u00272\u0027 times","floor":13,"damage_taken":0},{"event_name":"Forgotten Altar","player_choice":"Shed Blood","floor":19,"damage_taken":0},{"event_name":"Cursed Tome","player_choice":"Obtained Book","floor":21,"damage_taken":0}],"boss_relics":[{"not_picked":["Black Blood","Eternal Feather"],"picked":"Runic Cube"}],"potions_floor_spawned":[3,4,7,12,14],"seed_played":"553033897227954700","killed_by":"3 Cultists","is_trial":false}