{"path_per_floor":["M","$","M","?","?","E","R","?","T","M","M","?","R","M","R","B",null,"M","M","?","M","$","R","M","?","T","E","?","R","M","$","R","B",null,"M","M","?","M","$","M","R","E","T","$","R","$","M","M","R","B"],"character_chosen":"DEFECT","items_purchased":["Apotheosis","FTL","EssenceOfSteel","All For One","Seek","Hologram"],"gold_per_floor":[362,16,27,27,27,52,52,52,52,72,84,34,34,47,47,143,143,154,164,164,179,31,31,45,45,125,154,154,154,167,3,3,101,101,118,136,136,146,2,14,14,42,42,42,42,18,35,49,49,49],"floor_reached":51,"campfire_rested":0,"playtime":3917,"current_hp_per_floor":[67,67,67,67,67,59,59,59,59,54,52,52,52,52,52,68,68,68,68,68,68,68,68,68,52,52,61,61,61,61,61,61,82,82,82,81,92,92,92,90,90,64,64,64,64,64,64,64,64,51],"items_purged":["Strike_B","Strike_B"],"gold":49,"score":822,"play_id":"21769850-e583-4a6a-9a8c-d6ab47f68d80","local_time":"20180509020209","is_prod":false,"is_daily":false,"chose_seed":false,"is_ascension_mode":false,"campfire_upgraded":9,"timestamp":1525845729,"path_taken":["M","$","M","?","?","E","R","?","T","M","M","?","R","M","R","BOSS","M","M","?","?","$","R","M","?","T","E","?","R","M","$","R","BOSS","M","M","?","M","$","M","R","E","T","$","R","$","?","M","R","BOSS"],"build_version":"2018-05-08","seed_source_timestamp":614645655059739,"purchased_purges":2,"victory":true,"master_deck":["Strike_B","Defend_B","Defend_B","Defend_B","Defend_B","Zap","Dualcast","Skim+1","Apotheosis+1","FTL","Ball Lightning","Double Energy+1","Hologram+1","BootSequence+1","Skim","Seek+1","Turbo","Doom and Gloom","Double Energy+1","Scrape","Auto Shields","Chaos+1","Streamline+1","Machine Learning+1","Beam Cell","Necronomicurse","All For One","Ball Lightning","All For One","Reinforced Body+1","Skim+1","Seek+1","Conserve Battery+1","Hologram+1","Undo+1","Aggregate+1"],"max_hp_per_floor":[68,68,68,68,68,68,68,68,68,68,68,68,68,68,68,68,68,68,68,68,68,68,68,68,68,68,82,82,82,82,82,82,82,82,82,82,92,92,92,92,92,92,92,92,92,92,92,92,92,92],"relics":["Cracked Core","Dodecahedron","Pantograph","Nloth\u0027s Gift","Necronomicon","Kunai","Mango","Cursed Key","Ancient Tea Set"],"card_choices":[{"not_picked":["Cold Snap","Streamline"],"picked":"Skim","floor":1},{"not_picked":["Cold Snap","Tempest"],"picked":"Ball Lightning","floor":3},{"not_picked":["Coolheaded","Stack"],"picked":"Double Energy","floor":6},{"not_picked":["Ball Lightning","Rebound"],"picked":"Hologram","floor":10},{"not_picked":["Impulse","Force Field"],"picked":"BootSequence","floor":11},{"not_picked":["Double Energy","Axe Kick"],"picked":"Skim","floor":14},{"not_picked":["Amplify","Creative AI"],"picked":"Seek","floor":16},{"not_picked":["Static Discharge","Steam"],"picked":"Turbo","floor":17},{"not_picked":["Rebound","Capacitor"],"picked":"Doom and Gloom","floor":17},{"not_picked":["FTL","Sweeping Beam"],"picked":"Double Energy","floor":17},{"not_picked":["Leap","Axe Kick"],"picked":"Scrape","floor":17},{"not_picked":["Rebound","Capacitor"],"picked":"Auto Shields","floor":17},{"not_picked":["Darkness","Ball Lightning"],"picked":"Chaos","floor":18},{"not_picked":["Ball Lightning","Barrage"],"picked":"Streamline","floor":19},{"not_picked":["Heatsinks","Coolheaded"],"picked":"Machine Learning","floor":21},{"not_picked":["Leap","Chaos"],"picked":"Beam Cell","floor":24},{"not_picked":["Stack","Hologram"],"picked":"All For One","floor":27},{"not_picked":["Beam Cell","Steam"],"picked":"Ball Lightning","floor":30},{"not_picked":["Biased Cognition","Rainbow"],"picked":"All For One","floor":33},{"not_picked":["Beam Cell","Rebound"],"picked":"Reinforced Body","floor":36},{"not_picked":["Doom and Gloom","Force Field"],"picked":"Skim","floor":38},{"not_picked":["Skim","Melter"],"picked":"Conserve Battery","floor":40},{"not_picked":["Beam Cell","BootSequence"],"picked":"Undo","floor":47},{"not_picked":["Reprogram","Recycle"],"picked":"Aggregate","floor":48}],"player_experience":46837,"potions_floor_usage":[16,21,21,27,27,33,50,50],"damage_taken":[{"damage":1,"enemies":"Jaw Worm","floor":1,"turns":4},{"damage":0,"enemies":"Cultist","floor":3,"turns":3},{"damage":8,"enemies":"3 Sentries","floor":6,"turns":4},{"damage":5,"enemies":"Small Slimes","floor":10,"turns":2},{"damage":2,"enemies":"Looter","floor":11,"turns":2},{"damage":0,"enemies":"3 Louse","floor":14,"turns":2},{"damage":0,"enemies":"Slime Boss","floor":16,"turns":8},{"damage":0,"enemies":"Spheric Guardian","floor":18,"turns":1},{"damage":0,"enemies":"Chosen","floor":19,"turns":2},{"damage":0,"enemies":"Snecko","floor":21,"turns":5},{"damage":0,"enemies":"Centurion and Healer","floor":24,"turns":3},{"damage":5,"enemies":"Book of Stabbing","floor":27,"turns":5},{"damage":0,"enemies":"3 Cultists","floor":30,"turns":3},{"damage":0,"enemies":"Automaton","floor":33,"turns":5},{"damage":0,"enemies":"Orb Walker","floor":35,"turns":2},{"damage":1,"enemies":"3 Darklings","floor":36,"turns":5},{"damage":0,"enemies":"Sphere and 2 Shapes","floor":38,"turns":2},{"damage":2,"enemies":"4 Shapes","floor":40,"turns":3},{"damage":26,"enemies":"2 Orb Walkers","floor":42,"turns":3},{"damage":0,"enemies":"Maw","floor":47,"turns":3},{"damage":0,"enemies":"Spire Growth","floor":48,"turns":3},{"damage":48,"enemies":"Time Eater","floor":50,"turns":10}],"event_choices":[{"event_name":"Upgrade Shrine","player_choice":"Upgraded","floor":4,"damage_taken":0},{"event_name":"Liars Game","player_choice":"disagreed","floor":5,"damage_taken":0},{"event_name":"The Lab","player_choice":"Got Potions","floor":8,"damage_taken":0},{"event_name":"The Cleric","player_choice":"Card Removal","floor":12,"damage_taken":0},{"event_name":"N\u0027loth","player_choice":"Traded a Orrery","floor":20,"damage_taken":0},{"event_name":"Cursed Tome","player_choice":"Obtained Book","floor":25,"damage_taken":0},{"event_name":"Vampires","player_choice":"Ignored","floor":28,"damage_taken":0},{"event_name":"Bonfire Elementals","player_choice":"RARE","floor":37,"damage_taken":0}],"boss_relics":[{"not_picked":["Philosopher\u0027s Stone","Velvet Choker"],"picked":"Orrery"},{"not_picked":["Lizard Tail","Nuclear Battery"],"picked":"Cursed Key"}],"potions_floor_spawned":[3,10,11,16,18,24,27,38,42,48],"seed_played":"-8680097895532387848","ascension_level":0,"is_trial":false}