{"gold_per_floor":[119,119,43,43,95,95,127,227,227,254,266,266,294,305,305,401,401,420,499,514,524,540,570,570,585,612,622,622,353,372,137,137,236,236,246,260,260,270,289,289,309,309,309,309,309,325,15,50,50,50],"floor_reached":50,"playtime":2265,"items_purged":["Defend_R","Defend_R"],"score":759,"play_id":"14b88221-5647-4c54-a154-d82e6c2dd573","local_time":"20190217235641","is_ascension_mode":true,"campfire_choices":[{"data":"Carnage","floor":6,"key":"SMITH"},{"data":"Uppercut","floor":12,"key":"SMITH"},{"data":"Spot Weakness","floor":15,"key":"SMITH"},{"floor":24,"key":"REST"},{"data":"Heavy Blade","floor":32,"key":"SMITH"},{"data":"Immolate","floor":40,"key":"SMITH"},{"data":"Shrug It Off","floor":42,"key":"SMITH"},{"data":"Shrug It Off","floor":44,"key":"SMITH"},{"data":"Rage","floor":49,"key":"SMITH"}],"neow_cost":"NONE","seed_source_timestamp":2541332191067410,"circlet_count":0,"master_deck":["Defend_R+1","Defend_R+1","Bash","Dual Wield+1","Carnage+1","Uppercut+1","Spot Weakness+1","Shrug It Off+1","Shrug It Off","Immolate+1","Cleave+1","Heavy Blade+1","Bite","Bite","Bite","Bite","Bite","Shrug It Off+1","Offering","Offering","True Grit+1","Reaper","Flame Barrier+1","Rage+1"],"relics":["Burning Blood","NeowsBlessing","Pen Nib","Turnip","Incense Burner","Regal Pillow","Snecko Eye","Matryoshka","Bag of Preparation","War Paint","Happy Flower","Oddly Smooth Stone","Runic Cube","Juzu Bracelet","Strawberry","Torii","Smiling Mask"],"potions_floor_usage":[13,16,33,33,50,50,50],"damage_taken":[{"damage":0,"enemies":"2 Louse","floor":1,"turns":1},{"damage":0,"enemies":"3 Sentries","floor":7,"turns":1},{"damage":0,"enemies":"Gremlin Nob","floor":10,"turns":1},{"damage":12,"enemies":"Small Slimes","floor":11,"turns":2},{"damage":3,"enemies":"3 Sentries","floor":13,"turns":7},{"damage":0,"enemies":"Jaw Worm","floor":14,"turns":3},{"damage":44,"enemies":"Hexaghost","floor":16,"turns":9},{"damage":4,"enemies":"Chosen","floor":18,"turns":3},{"damage":8,"enemies":"Spheric Guardian","floor":20,"turns":3},{"damage":18,"enemies":"Centurion and Healer","floor":21,"turns":6},{"damage":9,"enemies":"Chosen and Byrds","floor":22,"turns":4},{"damage":16,"enemies":"Book of Stabbing","floor":23,"turns":3},{"damage":13,"enemies":"Snake Plant","floor":25,"turns":2},{"damage":0,"enemies":"Snecko","floor":27,"turns":1},{"damage":22,"enemies":"Sentry and Sphere","floor":30,"turns":6},{"damage":29,"enemies":"Collector","floor":33,"turns":4},{"damage":2,"enemies":"3 Shapes","floor":35,"turns":1},{"damage":12,"enemies":"3 Darklings","floor":36,"turns":3},{"damage":0,"enemies":"4 Shapes","floor":38,"turns":3},{"damage":14,"enemies":"Transient","floor":39,"turns":5},{"damage":9,"enemies":"Sphere and 2 Shapes","floor":41,"turns":3},{"damage":0,"enemies":"Jaw Worm Horde","floor":46,"turns":1},{"damage":28,"enemies":"Reptomancer","floor":48,"turns":6},{"damage":90,"enemies":"Donu and Deca","floor":50,"turns":7}],"seed_played":"3332949541153895919","potions_obtained":[{"floor":1,"key":"Energy Potion"},{"floor":10,"key":"GamblersBrew"},{"floor":11,"key":"SpeedPotion"},{"floor":22,"key":"GamblersBrew"},{"floor":23,"key":"Strength Potion"},{"floor":35,"key":"LiquidBronze"},{"floor":36,"key":"EssenceOfSteel"},{"floor":39,"key":"BloodPotion"}],"is_trial":false,"path_per_floor":["M","?","$","?","T","R","E","?","T","E","M","R","E","M","R","B",null,"M","T","M","M","M","E","R","M","T","M","?","$","M","$","R","B",null,"M","M","?","M","M","R","M","R","T","R","?","M","$","E","R","B"],"character_chosen":"IRONCLAD","items_purchased":["Carnage","Oddly Smooth Stone","Shrug It Off","Offering","Torii"],"campfire_rested":1,"item_purchase_floors":[3,29,29,31,47],"current_hp_per_floor":[80,80,80,64,64,64,70,70,70,76,70,70,73,79,79,41,70,72,72,70,58,55,45,80,73,73,79,56,56,46,46,46,29,49,55,56,56,56,56,56,55,55,62,62,62,63,63,51,51,0],"gold":50,"neow_bonus":"THREE_ENEMY_KILL","is_prod":false,"is_daily":false,"chose_seed":false,"campfire_upgraded":8,"win_rate":0,"timestamp":1550465801,"path_taken":["M","?","$","?","?","R","E","?","T","E","M","R","E","M","R","BOSS","M","?","M","M","?","E","R","M","T","M","?","$","M","$","R","BOSS","M","M","?","?","M","R","M","R","T","R","?","M","$","E","R","BOSS"],"build_version":"2019-01-23","purchased_purges":2,"victory":false,"max_hp_per_floor":[80,80,80,80,80,80,80,80,80,80,80,80,80,80,80,80,80,80,80,80,80,80,80,80,80,80,80,56,56,56,56,56,56,56,56,56,56,56,56,56,56,56,63,63,63,63,63,63,63,63],"card_choices":[{"not_picked":["Infernal Blade","Sentinel"],"picked":"Dual Wield","floor":1},{"not_picked":["Body Slam","Armaments"],"picked":"Uppercut","floor":7},{"not_picked":["Power Through","Disarm"],"picked":"Spot Weakness","floor":10},{"not_picked":["Flex","Metallicize"],"picked":"Shrug It Off","floor":11},{"not_picked":["Armaments","Sever Soul","Clash"],"picked":"SKIP","floor":13},{"not_picked":["Havoc","Clothesline"],"picked":"Shrug It Off","floor":14},{"not_picked":["Bludgeon","Impervious"],"picked":"Immolate","floor":16},{"not_picked":["Anger","Dual Wield","Perfected Strike"],"picked":"SKIP","floor":18},{"not_picked":["Anger+1","Shockwave","Disarm"],"picked":"SKIP","floor":20},{"not_picked":["Wild Strike+1","Dropkick+1","Infernal Blade"],"picked":"SKIP","floor":21},{"not_picked":["Iron Wave","Clothesline"],"picked":"Cleave+1","floor":22},{"not_picked":["Twin Strike","Clash","Flex"],"picked":"SKIP","floor":23},{"not_picked":["Armaments","Cleave+1","Clash"],"picked":"SKIP","floor":25},{"not_picked":["Whirlwind","Intimidate+1"],"picked":"Heavy Blade","floor":27},{"not_picked":["Burning Pact","Clash","Cleave"],"picked":"SKIP","floor":30},{"not_picked":["Dark Embrace","Brutality"],"picked":"Offering","floor":33},{"not_picked":["Inflame","Perfected Strike+1"],"picked":"True Grit","floor":35},{"not_picked":["Clothesline+1","Seeing Red","Twin Strike+1"],"picked":"SKIP","floor":36},{"not_picked":["Sword Boomerang+1","Carnage","Twin Strike+1"],"picked":"SKIP","floor":38},{"not_picked":["Iron Wave+1","Reckless Charge","Twin Strike+1"],"picked":"SKIP","floor":39},{"not_picked":["Carnage+1","Havoc+1"],"picked":"Reaper","floor":41},{"not_picked":["Rupture+1","Flex+1"],"picked":"Flame Barrier+1","floor":46},{"not_picked":["Rage","Uppercut+1","Searing Blow"],"picked":"SKIP","floor":48},{"not_picked":["Uppercut+1","Searing Blow"],"picked":"Rage","floor":48}],"player_experience":658976,"relics_obtained":[{"floor":5,"key":"Pen Nib"},{"floor":9,"key":"Turnip"},{"floor":10,"key":"Incense Burner"},{"floor":13,"key":"Regal Pillow"},{"floor":19,"key":"Matryoshka"},{"floor":23,"key":"Bag of Preparation"},{"floor":26,"key":"War Paint"},{"floor":26,"key":"Happy Flower"},{"floor":43,"key":"Juzu Bracelet"},{"floor":43,"key":"Strawberry"},{"floor":48,"key":"Smiling Mask"}],"event_choices":[{"damage_healed":0,"gold_gain":0,"player_choice":"Ignored","damage_taken":0,"max_hp_gain":0,"max_hp_loss":0,"event_name":"Liars Game","floor":2,"gold_loss":0},{"damage_healed":0,"gold_gain":0,"player_choice":"Entered Light","damage_taken":16,"max_hp_gain":0,"max_hp_loss":0,"event_name":"Shining Light","floor":4,"gold_loss":0,"cards_upgraded":["Strike_R","Defend_R"]},{"damage_healed":0,"gold_gain":100,"player_choice":"Pray","damage_taken":0,"max_hp_gain":0,"max_hp_loss":0,"event_name":"Golden Shrine","floor":8,"gold_loss":0},{"damage_healed":0,"gold_gain":0,"player_choice":"Became a vampire","damage_taken":0,"max_hp_gain":0,"max_hp_loss":24,"event_name":"Vampires","floor":28,"gold_loss":0,"cards_obtained":["Bite","Bite","Bite","Bite","Bite"]},{"damage_healed":0,"gold_gain":0,"player_choice":"Upgraded","damage_taken":0,"max_hp_gain":0,"max_hp_loss":0,"event_name":"Upgrade Shrine","floor":37,"gold_loss":0,"cards_upgraded":["True Grit"]},{"damage_healed":0,"gold_gain":0,"player_choice":"Ignored","damage_taken":0,"max_hp_gain":0,"max_hp_loss":0,"event_name":"Mysterious Sphere","floor":45,"gold_loss":0}],"is_beta":false,"boss_relics":[{"not_picked":["Eternal Feather","Calling Bell"],"picked":"Snecko Eye"},{"not_picked":["Velvet Choker","Cursed Key"],"picked":"Runic Cube"}],"items_purged_floors":[29,31],"is_endless":false,"potions_floor_spawned":[1,10,11,22,23,27,35,36,39],"killed_by":"Donu and Deca","ascension_level":5}