{"gold_per_floor":[116,116,41,58,133,168,180,198,272,283,248,42,120,135,135,235,235,248,259,14,14,14,44,44,77,77,4,4,18,18,18,18,18],"floor_reached":33,"playtime":1453,"items_purged":["Strike_R"],"score":453,"play_id":"ff75fe24-67e2-49b5-bc73-d4c85a1406aa","local_time":"20190227224641","is_ascension_mode":true,"campfire_choices":[{"data":"Anger","floor":15,"key":"SMITH"},{"data":"Uppercut","floor":24,"key":"SMITH"},{"data":"Havoc","floor":30,"key":"SMITH"},{"floor":32,"key":"REST"}],"neow_cost":"NONE","seed_source_timestamp":608262654016531,"circlet_count":0,"master_deck":["AscendersBane","Strike_R+1","Strike_R+1","Strike_R+1","Strike_R+1","Defend_R+1","Defend_R+1","Defend_R+1","Defend_R+1","Bash","Uppercut+1","Disarm","Shrug It Off","Anger+1","Burning Pact","Impervious","Havoc+1","Offering","Pommel Strike","Feel No Pain"],"relics":["Burning Blood","Unceasing Top","Boot","Paper Frog","Frozen Eye","Busted Crown","Ornamental Fan","Shovel","Strawberry"],"potions_floor_usage":[6,6,10,23,23,25,29],"damage_taken":[{"damage":4,"enemies":"Small Slimes","floor":1,"turns":5},{"damage":1,"enemies":"2 Louse","floor":4,"turns":3},{"damage":47,"enemies":"Lagavulin","floor":6,"turns":8},{"damage":5,"enemies":"Jaw Worm","floor":7,"turns":6},{"damage":0,"enemies":"3 Louse","floor":8,"turns":3},{"damage":3,"enemies":"Looter","floor":10,"turns":3},{"damage":0,"enemies":"2 Fungi Beasts","floor":14,"turns":4},{"damage":42,"enemies":"The Guardian","floor":16,"turns":16},{"damage":7,"enemies":"Spheric Guardian","floor":18,"turns":4},{"damage":19,"enemies":"3 Byrds","floor":19,"turns":5},{"damage":21,"enemies":"Slavers","floor":23,"turns":8},{"damage":26,"enemies":"Book of Stabbing","floor":25,"turns":5},{"damage":6,"enemies":"Cultist and Chosen","floor":29,"turns":6},{"damage":61,"enemies":"Collector","floor":33,"turns":6}],"seed_played":"7179773195571671411","potions_obtained":[{"floor":0,"key":"LiquidBronze"},{"floor":0,"key":"Weak Potion"},{"floor":4,"key":"Block Potion"},{"floor":6,"key":"Poison Potion"},{"floor":16,"key":"Block Potion"},{"floor":18,"key":"Swift Potion"},{"floor":23,"key":"FearPotion"}],"is_trial":false,"path_per_floor":["M","?","$","M","?","E","M","M","T","M","?","$","?","M","R","B",null,"M","M","$","?","?","E","R","E","T","$","?","M","R","$","R","B"],"character_chosen":"IRONCLAD","items_purchased":["Frozen Eye","Ornamental Fan","Regen Potion"],"campfire_rested":1,"item_purchase_floors":[12,20,27],"current_hp_per_floor":[74,56,56,61,50,9,10,16,16,19,39,39,39,45,45,9,62,61,48,48,48,48,33,33,20,20,20,20,35,35,35,61,0],"gold":18,"neow_bonus":"THREE_SMALL_POTIONS","is_prod":false,"is_daily":false,"chose_seed":false,"campfire_upgraded":3,"win_rate":0,"timestamp":1551325601,"path_taken":["M","?","$","M","?","E","M","M","T","M","?","$","?","M","R","BOSS","M","M","$","?","?","E","R","E","T","$","?","M","R","?","R","BOSS"],"build_version":"2019-01-23","purchased_purges":1,"victory":false,"max_hp_per_floor":[80,80,80,80,80,80,80,80,80,80,80,80,80,80,80,80,80,80,80,80,80,80,80,80,87,87,87,87,87,87,87,87,87],"card_choices":[{"not_picked":["Sword Boomerang","Headbutt"],"picked":"Uppercut","floor":1},{"not_picked":["Twin Strike","Headbutt"],"picked":"Disarm","floor":4},{"not_picked":["Entrench","Heavy Blade"],"picked":"Shrug It Off","floor":6},{"not_picked":["Dual Wield","Body Slam"],"picked":"Anger","floor":7},{"not_picked":["Anger","Flame Barrier"],"picked":"Burning Pact","floor":8},{"not_picked":["Twin Strike","Infernal Blade"],"picked":"Impervious","floor":10},{"not_picked":["Headbutt","Thunderclap"],"picked":"Havoc","floor":14},{"not_picked":["Bludgeon","Barricade"],"picked":"Offering","floor":16},{"not_picked":["Thunderclap"],"picked":"SKIP","floor":18},{"not_picked":["Thunderclap"],"picked":"SKIP","floor":19},{"not_picked":["Dual Wield"],"picked":"SKIP","floor":23},{"not_picked":["Entrench+1"],"picked":"SKIP","floor":25},{"not_picked":["Entrench+1"],"picked":"SKIP","floor":25},{"not_picked":[],"picked":"Feel No Pain","floor":29}],"player_experience":726000,"relics_obtained":[{"floor":6,"key":"Boot"},{"floor":9,"key":"Paper Frog"},{"floor":23,"key":"Shovel"},{"floor":25,"key":"Strawberry"}],"event_choices":[{"damage_healed":0,"gold_gain":0,"player_choice":"Success","damage_taken":18,"relics_obtained":["Unceasing Top"],"max_hp_gain":0,"max_hp_loss":0,"event_name":"Scrap Ooze","floor":2,"gold_loss":0},{"damage_healed":0,"gold_gain":75,"player_choice":"Gather Gold","damage_taken":11,"max_hp_gain":0,"max_hp_loss":0,"event_name":"World of Goop","floor":5,"gold_loss":0},{"damage_healed":20,"gold_gain":0,"player_choice":"Healed","damage_taken":0,"max_hp_gain":0,"max_hp_loss":0,"event_name":"The Cleric","floor":11,"gold_loss":35},{"damage_healed":0,"gold_gain":78,"player_choice":"Gained Gold","damage_taken":0,"max_hp_gain":0,"max_hp_loss":0,"event_name":"Golden Wing","floor":13,"gold_loss":0},{"damage_healed":0,"gold_gain":0,"player_choice":"Ignored","damage_taken":0,"max_hp_gain":0,"max_hp_loss":0,"event_name":"Vampires","floor":21,"gold_loss":0},{"damage_healed":0,"gold_gain":0,"player_choice":"Read","damage_taken":0,"max_hp_gain":0,"max_hp_loss":0,"event_name":"The Library","floor":22,"gold_loss":0,"cards_obtained":["Pommel Strike"]},{"damage_healed":0,"gold_gain":0,"player_choice":"Simplicity","damage_taken":0,"max_hp_gain":0,"max_hp_loss":0,"event_name":"Back to Basics","floor":28,"gold_loss":0,"cards_upgraded":["Strike_R","Strike_R","Strike_R","Strike_R","Defend_R","Defend_R","Defend_R","Defend_R"]}],"is_beta":false,"boss_relics":[{"not_picked":["Black Blood","Velvet Choker"],"picked":"Busted Crown"}],"items_purged_floors":[3],"is_endless":false,"potions_floor_spawned":[4,6,16,18,23],"killed_by":"Collector","ascension_level":12}