{"gold_per_floor":[113,128,138,152,152,152,180,197,197,215,215,215,250,265,265,368,368,368,368,368,343,343,343,239,239,239,239,239,239,239,239,239,239,239,239,239,239,204,204,204,204,94,94,94,94,94,94,94,94,94],"floor_reached":51,"playtime":4998,"items_purged":["Defend_B"],"score":756,"play_id":"4512c3ea-509a-40e9-8d22-868ca6b125b1","local_time":"20190309203353","is_ascension_mode":false,"campfire_choices":[{"data":"Self Repair","floor":6.0,"key":"SMITH"},{"data":"Chaos","floor":11.0,"key":"SMITH"},{"data":"Defragment","floor":15.0,"key":"SMITH"},{"data":"Force Field","floor":25.0,"key":"SMITH"},{"data":"Redo","floor":32.0,"key":"SMITH"},{"floor":41,"key":"REST"},{"floor":49,"key":"REST"}],"neow_cost":"NONE","seed_source_timestamp":0,"circlet_count":0,"master_deck":["Strike_B","Strike_B","Strike_B","Strike_B","Defend_B","Defend_B","Zap","Dualcast","Leap","Self Repair+1","Conserve Battery","Echo Form+1","Chill","Chaos+1","Force Field+1","Sweeping Beam+1","Defragment+1","Thunder Strike+1","Ball Lightning+1","Darkness","Go for the Eyes+1","Beam Cell+1","Redo+1","Seek","Ball Lightning+1","Defragment+1","Capacitor+1","Hello World+1","Ball Lightning+1","Coolheaded+1","Creative AI+1","Tempest+1","Static Discharge+1","Hologram","Reboot","Melter+1","Heatsinks+1","Stack+1","Chaos+1","Stack+1"],"special_seed":0,"relics":["Nuclear Battery","Bird Faced Urn","Molten Egg 2","Symbiotic Virus","Ectoplasm","Red Mask","Frozen Egg 2","Bag of Preparation","MutagenicStrength","Vajra","Fusion Hammer","Potion Belt","The Courier","Gambling Chip"],"potions_floor_usage":[50,50,50,50],"damage_taken":[{"damage":5.0,"enemies":"Cultist","floor":1.0,"turns":4.0},{"damage":0.0,"enemies":"2 Louse","floor":2.0,"turns":4.0},{"damage":7.0,"enemies":"Small Slimes","floor":3.0,"turns":4.0},{"damage":0.0,"enemies":"Red Slaver","floor":4.0,"turns":5.0},{"damage":46.0,"enemies":"Gremlin Nob","floor":7.0,"turns":6.0},{"damage":16.0,"enemies":"Large Slime","floor":8.0,"turns":7.0},{"damage":6.0,"enemies":"2 Fungi Beasts","floor":10.0,"turns":5.0},{"damage":8.0,"enemies":"3 Sentries","floor":13.0,"turns":10.0},{"damage":18.0,"enemies":"3 Louse","floor":14.0,"turns":3.0},{"damage":16.0,"enemies":"Hexaghost","floor":16.0,"turns":10.0},{"damage":22.0,"enemies":"3 Byrds","floor":18.0,"turns":5.0},{"damage":21.0,"enemies":"Masked Bandits","floor":19.0,"turns":5.0},{"damage":1.0,"enemies":"Chosen","floor":20.0,"turns":4.0},{"damage":8.0,"enemies":"Shelled Parasite and Fungi","floor":22.0,"turns":3.0},{"damage":38.0,"enemies":"Slavers","floor":23.0,"turns":6.0},{"damage":12.0,"enemies":"Book of Stabbing","floor":28.0,"turns":5.0},{"damage":12.0,"enemies":"Sentry and Sphere","floor":30.0,"turns":5.0},{"damage":12.0,"enemies":"Centurion and Healer","floor":31.0,"turns":3.0},{"damage":0.0,"enemies":"Collector","floor":33.0,"turns":7.0},{"damage":3,"enemies":"Orb Walker","floor":35,"turns":4},{"damage":21,"enemies":"3 Darklings","floor":36,"turns":5},{"damage":0,"enemies":"Maw","floor":39,"turns":5},{"damage":8,"enemies":"Giant Head","floor":40,"turns":6},{"damage":0,"enemies":"Transient","floor":44,"turns":5},{"damage":10,"enemies":"Mind Bloom Boss Battle","floor":45,"turns":4},{"damage":12,"enemies":"Spire Growth","floor":47,"turns":4},{"damage":3,"enemies":"Jaw Worm Horde","floor":48,"turns":3},{"damage":6,"enemies":"Donu and Deca","floor":50,"turns":7}],"seed_played":"-6031005440788847114","potions_obtained":[{"floor":7.0,"key":"FocusPotion"},{"floor":10.0,"key":"SpeedPotion"},{"floor":12.0,"key":"EssenceOfSteel"},{"floor":12.0,"key":"LiquidBronze"},{"floor":16.0,"key":"FearPotion"},{"floor":20.0,"key":"SteroidPotion"},{"floor":22.0,"key":"SpeedPotion"},{"floor":33.0,"key":"SneckoOil"},{"floor":35,"key":"Strength Potion"},{"floor":36,"key":"Regen Potion"},{"floor":47,"key":"SteroidPotion"},{"floor":48,"key":"Energy Potion"}],"is_trial":false,"path_per_floor":["M","M","M","M","?","R","E","M","T","M","R","?","E","M","R","B",null,"M","?","M","$","M","E","$","R","T","?","E","?","M","M","R","B",null,"M","M","?","$","M","E","R","$","T","M","?","?","M","M","R","B",null],"character_chosen":"DEFECT","items_purchased":["Beam Cell+1","Ball Lightning+1","Defragment+1","Static Discharge+1","Melter+1"],"campfire_rested":2,"item_purchase_floors":[21,24,24,38,42],"current_hp_per_floor":[70,70,70,75,75,75,49,47,47,67,67,67,73,57,57,59,75,75,75,74,74,75,65,65,65,65,65,71,71,75,63,63,75,75,75,75,75,75,75,75,75,75,75,75,65,65,75,72,75,75],"gold":94,"neow_bonus":"BOSS_RELIC","is_prod":false,"is_daily":false,"chose_seed":false,"campfire_upgraded":5,"win_rate":0,"timestamp":1552156433,"path_taken":["M","M","M","?","?","R","E","M","T","M","R","?","E","?","R","BOSS","M","?","M","$","M","E","$","R","T","?","E","?","M","M","R","BOSS","M","M","?","?","M","E","R","$","T","M","?","?","M","M","R","BOSS"],"build_version":"2019-01-23","purchased_purges":1,"victory":true,"max_hp_per_floor":[75,75,75,75,75,75,75,75,75,75,75,75,75,75,75,75,75,75,75,75,75,75,75,75,75,75,75,75,75,75,75,75,75,75,75,75,75,75,75,75,75,75,75,75,75,75,75,75,75,75],"card_choices":[{"not_picked":["Beam Cell","Turbo"],"picked":"Leap","floor":1.0},{"not_picked":["Cold Snap","Ball Lightning"],"picked":"Self Repair","floor":2.0},{"not_picked":["Recycle","Lockon"],"picked":"Conserve Battery","floor":3.0},{"not_picked":["Stack","Compile Driver"],"picked":"Echo Form","floor":4.0},{"not_picked":["Coolheaded","Barrage"],"picked":"Chill","floor":7.0},{"not_picked":["Steam","Gash"],"picked":"Chaos","floor":8.0},{"not_picked":["Steam Power","Beam Cell+1"],"picked":"Force Field","floor":10.0},{"not_picked":["Cold Snap+1","Barrage+1"],"picked":"Sweeping Beam+1","floor":13.0},{"not_picked":["Coolheaded","Darkness"],"picked":"Defragment","floor":14.0},{"not_picked":["All For One+1","Meteor Strike+1"],"picked":"Thunder Strike+1","floor":16.0},{"not_picked":["Streamline+1","Recycle"],"picked":"Ball Lightning+1","floor":18.0},{"not_picked":["Conserve Battery","Stack"],"picked":"Darkness","floor":19.0},{"not_picked":["Force Field","Barrage+1"],"picked":"Go for the Eyes+1","floor":20.0},{"not_picked":["Turbo","Stack"],"picked":"Redo","floor":22.0},{"not_picked":["Go for the Eyes+1","Turbo"],"picked":"Seek","floor":23.0},{"not_picked":["Sweeping Beam+1","Leap"],"picked":"Capacitor+1","floor":28.0},{"not_picked":["Aggregate+1","Redo"],"picked":"Ball Lightning+1","floor":30.0},{"not_picked":["FTL+1","Steam Power+1"],"picked":"Coolheaded+1","floor":31.0},{"not_picked":["Multi-Cast","Hyperbeam+1"],"picked":"Creative AI+1","floor":33.0},{"not_picked":["Beam Cell+1","Streamline+1","Capacitor+1"],"picked":"SKIP","floor":35},{"not_picked":["Compile Driver+1","Leap+1"],"picked":"Tempest+1","floor":36},{"not_picked":["Gash+1","Rebound+1"],"picked":"Hologram","floor":39},{"not_picked":["Leap+1","Compile Driver+1"],"picked":"Reboot","floor":40},{"not_picked":["Leap","Barrage+1"],"picked":"Heatsinks+1","floor":44},{"not_picked":["Streamline+1","Sweeping Beam+1"],"picked":"Stack+1","floor":45},{"not_picked":["Hologram","Sweeping Beam+1"],"picked":"Chaos+1","floor":47},{"not_picked":["Turbo","Steam Power+1"],"picked":"Stack+1","floor":48}],"player_experience":224720,"relics_obtained":[{"floor":7.0,"key":"Bird Faced Urn"},{"floor":9.0,"key":"Molten Egg 2"},{"floor":13.0,"key":"Symbiotic Virus"},{"floor":19.0,"key":"Red Mask"},{"floor":23.0,"key":"Frozen Egg 2"},{"floor":26.0,"key":"Bag of Preparation"},{"floor":28.0,"key":"Vajra"},{"floor":40,"key":"Potion Belt"},{"floor":43,"key":"The Courier"},{"floor":45,"key":"Gambling Chip"}],"event_choices":[{"damage_healed":0.0,"max_hp_gain":0.0,"max_hp_loss":0.0,"gold_gain":0.0,"event_name":"Living Wall","player_choice":"Grow","floor":5.0,"gold_loss":0.0,"damage_taken":0.0,"cards_upgraded":["Echo Form"]},{"damage_healed":0.0,"max_hp_gain":0.0,"max_hp_loss":0.0,"gold_gain":0.0,"event_name":"Lab","player_choice":"Got Potions","floor":12.0,"gold_loss":0.0,"damage_taken":0.0},{"damage_healed":0.0,"max_hp_gain":0.0,"max_hp_loss":0.0,"gold_gain":0.0,"event_name":"Masked Bandits","player_choice":"Fought Bandits","floor":19.0,"gold_loss":0.0,"damage_taken":0.0},{"damage_healed":0.0,"max_hp_gain":0.0,"max_hp_loss":0.0,"gold_gain":0.0,"event_name":"Drug Dealer","player_choice":"Inject Mutagens","floor":27.0,"gold_loss":0.0,"damage_taken":0.0,"relics_obtained":["MutagenicStrength"]},{"damage_healed":0.0,"max_hp_gain":0.0,"max_hp_loss":0.0,"gold_gain":0.0,"event_name":"The Library","player_choice":"Read","floor":29.0,"gold_loss":0.0,"damage_taken":0.0,"cards_obtained":["Hello World"]},{"cards_removed":["Defend_B"],"damage_healed":0,"gold_gain":0,"player_choice":"Purged","damage_taken":0,"max_hp_gain":0,"max_hp_loss":0,"event_name":"Purifier","floor":37,"gold_loss":0},{"damage_healed":0,"gold_gain":0,"player_choice":"Fight","damage_taken":0,"max_hp_gain":0,"max_hp_loss":0,"event_name":"MindBloom","floor":45,"gold_loss":0},{"damage_healed":0,"gold_gain":222,"player_choice":"Wore Mask","damage_taken":0,"max_hp_gain":0,"max_hp_loss":0,"event_name":"Tomb of Lord Red Mask","floor":46,"gold_loss":0}],"is_beta":false,"boss_relics":[{"not_picked":["Philosopher\u0027s Stone","Tiny House"],"picked":"Ectoplasm"},{"not_picked":["Runic Dome","Snecko Eye"],"picked":"Fusion Hammer"}],"items_purged_floors":[42],"is_endless":false,"potions_floor_spawned":[7,10,13,16,20,22,33,35,36,47,48],"ascension_level":0}