{"gold_per_floor":[219,239,92,92,56,56,56,94,119,119,119,135,135,151,151,279,279,262,282,282,40,61,61,94,94,94,25,39,58,58],"floor_reached":30,"playtime":2223,"items_purged":["Strike_B"],"score":360,"play_id":"10b33529-605b-4aa1-9af3-26e0020069e8","local_time":"20181004222134","is_ascension_mode":true,"campfire_choices":[{"data":"Defragment","floor":6,"key":"SMITH"},{"floor":11,"key":"REST"},{"data":"Zap","floor":13,"key":"SMITH"},{"data":"Reinforced Body","floor":15,"key":"SMITH"},{"floor":23,"key":"REST"}],"neow_cost":"NONE","seed_source_timestamp":5838425892060,"circlet_count":0,"master_deck":["Strike_B","Strike_B","Strike_B","Defend_B","Defend_B","Defend_B","Defend_B","Zap+1","Dualcast+1","Coolheaded","Coolheaded","Reinforced Body+1","Defragment+1","Steam Power+1","BootSequence","Steam","Fission","Coolheaded","Consume+1","Defragment+1","Hologram+1","Hologram+1","Defragment","Self Repair"],"relics":["Cracked Core","Centennial Puzzle","Golden Idol","Emotion Chip","War Paint","Fusion Hammer","Toxic Egg 2","Oddly Smooth Stone","Mummified Hand"],"potions_floor_usage":[8,16,19,28,30],"damage_taken":[{"damage":2,"enemies":"Jaw Worm","floor":1,"turns":3},{"damage":0,"enemies":"Cultist","floor":2,"turns":5},{"damage":52,"enemies":"Gremlin Nob","floor":8,"turns":6},{"damage":0,"enemies":"Small Slimes","floor":12,"turns":4},{"damage":3,"enemies":"Exordium Wildlife","floor":14,"turns":3},{"damage":26,"enemies":"The Guardian","floor":16,"turns":21},{"damage":14,"enemies":"2 Thieves","floor":18,"turns":4},{"damage":0,"enemies":"Chosen","floor":19,"turns":8},{"damage":8,"enemies":"Shelled Parasite and Fungi","floor":22,"turns":10},{"damage":10,"enemies":"Book of Stabbing","floor":24,"turns":9},{"damage":0,"enemies":"Snake Plant","floor":28,"turns":4},{"damage":2,"enemies":"Centurion and Healer","floor":29,"turns":34},{"damage":54,"enemies":"Gremlin Leader","floor":30,"turns":11}],"seed_played":"4909707837164505384","potions_obtained":[{"floor":1,"key":"Ancient Potion"},{"floor":2,"key":"LiquidBronze"},{"floor":14,"key":"Swift Potion"},{"floor":24,"key":"Poison Potion"},{"floor":28,"key":"FocusPotion"}],"is_trial":false,"path_per_floor":["M","M","$","?","$","R","?","E","T","?","R","M","R","M","R","B",null,"M","M","?","$","M","R","E","$","T","$","M","M"],"character_chosen":"DEFECT","items_purchased":["Reinforced Body","Defragment","Toxic Egg 2","Defragment"],"campfire_rested":2,"item_purchase_floors":[3,5,21,27],"current_hp_per_floor":[66,66,66,66,66,66,66,14,14,14,34,34,34,31,31,5,53,39,39,39,39,31,51,41,41,41,41,41,39,0],"gold":58,"neow_bonus":"HUNDRED_GOLD","is_prod":false,"is_daily":false,"chose_seed":false,"campfire_upgraded":3,"win_rate":0,"timestamp":1538706094,"path_taken":["M","M","$","?","$","R","?","E","T","?","R","M","R","M","R","BOSS","M","M","?","$","M","R","E","$","T","$","M","M","E"],"build_version":"2018-10-04","purchased_purges":1,"victory":false,"max_hp_per_floor":[75,75,75,75,75,75,69,69,69,69,69,69,69,69,69,69,69,69,69,69,69,69,69,69,69,69,69,69,69,69],"card_choices":[{"not_picked":["Reprogram","Turbo"],"picked":"Coolheaded","floor":1},{"not_picked":["Streamline","Gash"],"picked":"Coolheaded","floor":2},{"not_picked":["Amplify","Beam Cell"],"picked":"Steam Power","floor":8},{"not_picked":["Sweeping Beam","Stack"],"picked":"BootSequence","floor":12},{"not_picked":["Beam Cell","Compile Driver"],"picked":"Steam","floor":14},{"not_picked":["Biased Cognition","Thunder Strike"],"picked":"Fission","floor":16},{"not_picked":["Beam Cell","Stack+1"],"picked":"Coolheaded","floor":18},{"not_picked":["Recycle+1","Sweeping Beam"],"picked":"Consume+1","floor":19},{"not_picked":["Sweeping Beam","Storm"],"picked":"Hologram+1","floor":22},{"not_picked":["Streamline","Cold Snap"],"picked":"Hologram+1","floor":24},{"not_picked":["Sunder","Meteor Strike","Beam Cell"],"picked":"SKIP","floor":28},{"not_picked":["Stack+1","Gash"],"picked":"Self Repair","floor":29}],"player_experience":650522,"relics_obtained":[{"floor":4,"key":"Centennial Puzzle"},{"floor":8,"key":"Emotion Chip"},{"floor":9,"key":"War Paint"},{"floor":24,"key":"Oddly Smooth Stone"},{"floor":26,"key":"Mummified Hand"}],"event_choices":[{"event_name":"Wheel of Change","player_choice":"Relic","floor":4,"damage_taken":0},{"event_name":"Golden Idol","player_choice":"Lose Max HP","floor":7,"damage_taken":0},{"event_name":"Golden Wing","player_choice":"Ignored","floor":10,"damage_taken":0},{"event_name":"Duplicator","player_choice":"One dupe","floor":20,"damage_taken":0}],"is_beta":false,"boss_relics":[{"not_picked":["Pandora\u0027s Box","Velvet Choker"],"picked":"Fusion Hammer"}],"items_purged_floors":[3],"is_endless":false,"potions_floor_spawned":[1,2,14,24,28],"killed_by":"Gremlin Leader","ascension_level":9}