{"gold_per_floor":[112,132,144,144,164,193,193,193,193,227,227,288,58,77,77,180,180,193,108,118,146,165,194,204,204,204,204,204,60,60,60,60,160,160,172,188,198,217,230,230,230],"floor_reached":41,"playtime":4641,"items_purged":[],"score":423,"play_id":"fab5ddb7-10e8-4fb0-ae89-9a45682b17b5","local_time":"20181209145817","is_ascension_mode":false,"campfire_choices":[{"floor":7,"key":"REST"},{"floor":11,"key":"REST"},{"floor":15,"key":"REST"},{"floor":25,"key":"REST"},{"floor":28,"key":"REST"},{"data":"Well Laid Plans","floor":30,"key":"SMITH"},{"data":"Finisher","floor":32,"key":"SMITH"},{"floor":40,"key":"REST"}],"neow_cost":"PERCENT_DAMAGE","seed_source_timestamp":2118355700788232,"circlet_count":0,"master_deck":["Defend_G","Defend_G","Defend_G","Defend_G","Strike_G","Strike_G","Strike_G","Strike_G","Strike_G","Survivor","Neutralize","Bullet Time+1","Quick Slash","PiercingWail","Finisher","Blur","Quick Slash","Backflip","Dark Shackles","Wraith Form v2","All Out Attack","Backflip+1","Cloak And Dagger","Acrobatics","Phantasmal Killer","Cloak And Dagger","Necronomicurse","Well Laid Plans+1","Finisher+1","Glass Knife","Caltrops","Parasite"],"relics":["Ring of the Snake","Centennial Puzzle","Question Card","WingedGreaves","Vajra","Sozu","Bronze Scales","Red Mask","Juzu Bracelet","Ornamental Fan","Necronomicon","WristBlade"],"potions_floor_usage":[6,16,16,18],"damage_taken":[{"damage":0,"enemies":"Cultist","floor":1,"turns":3},{"damage":0,"enemies":"Jaw Worm","floor":2,"turns":5},{"damage":2,"enemies":"2 Louse","floor":3,"turns":5},{"damage":0,"enemies":"Blue Slaver","floor":5,"turns":4},{"damage":28,"enemies":"Lagavulin","floor":6,"turns":8},{"damage":21,"enemies":"Gremlin Nob","floor":10,"turns":5},{"damage":6,"enemies":"Gremlin Nob","floor":12,"turns":4},{"damage":0,"enemies":"Red Slaver","floor":14,"turns":3},{"damage":29,"enemies":"The Guardian","floor":16,"turns":15},{"damage":0,"enemies":"Chosen","floor":18,"turns":7},{"damage":0,"enemies":"Shell Parasite","floor":20,"turns":6},{"damage":15,"enemies":"Masked Bandits","floor":21,"turns":3},{"damage":5,"enemies":"Snake Plant","floor":22,"turns":5},{"damage":27,"enemies":"Slavers","floor":23,"turns":9},{"damage":8,"enemies":"Centurion and Healer","floor":24,"turns":6},{"damage":60,"enemies":"Automaton","floor":33,"turns":9},{"damage":0,"enemies":"3 Shapes","floor":35,"turns":5},{"damage":8,"enemies":"3 Darklings","floor":36,"turns":3},{"damage":1,"enemies":"Writhing Mass","floor":37,"turns":4},{"damage":38,"enemies":"Transient","floor":38,"turns":5},{"damage":18,"enemies":"Spire Growth","floor":39,"turns":5},{"damage":27,"enemies":"Reptomancer","floor":41,"turns":2}],"seed_played":"6290594985142642309","potions_obtained":[{"floor":5,"key":"Strength Potion"},{"floor":10,"key":"Dexterity Potion"},{"floor":12,"key":"Energy Potion"},{"floor":14,"key":"FairyPotion"},{"floor":16,"key":"AttackPotion"}],"is_trial":false,"path_per_floor":["M","M","M","?","M","E","R","?","T","E","R","?","$","M","R","B",null,"M","?","M","?","M","E","M","R","T","?","R","$","R","$","R","B",null,"M","M","M","M","M","R","E"],"character_chosen":"THE_SILENT","items_purchased":["Vajra","Dark Shackles","Well Laid Plans","Finisher"],"campfire_rested":6,"item_purchase_floors":[13,13,29,29],"current_hp_per_floor":[49,49,47,47,47,19,40,33,33,12,33,27,27,27,48,19,70,70,70,70,55,50,23,15,36,36,20,41,41,41,41,41,4,70,70,62,61,23,5,26,0],"gold":230,"neow_bonus":"THREE_RARE_CARDS","is_prod":false,"is_daily":false,"chose_seed":false,"campfire_upgraded":2,"win_rate":0,"timestamp":1544385497,"path_taken":["M","M","M","?","M","E","R","?","T","E","R","?","?","?","R","BOSS","M","?","M","?","M","E","M","R","T","?","R","?","R","$","R","BOSS","M","M","M","M","M","R","E"],"build_version":"2018-12-06","purchased_purges":0,"victory":false,"max_hp_per_floor":[70,70,70,70,70,70,70,70,70,70,70,70,70,70,70,70,70,70,70,70,70,70,70,70,70,70,70,70,70,70,70,70,70,70,70,70,70,70,70,70,70],"card_choices":[{"not_picked":["Glass Knife","Unload"],"picked":"Bullet Time","floor":0},{"not_picked":["Blade Dance","Dagger Spray"],"picked":"Quick Slash","floor":1},{"not_picked":["Bullet Time","Flying Knee"],"picked":"PiercingWail","floor":2},{"not_picked":["Deadly Poison","Flying Knee"],"picked":"Finisher","floor":3},{"not_picked":["Prepared","Deadly Poison"],"picked":"Blur","floor":5},{"not_picked":["Bane","Poisoned Stab","Deadly Poison"],"picked":"SKIP","floor":6},{"not_picked":["Blade Dance","Bouncing Flask"],"picked":"Quick Slash","floor":10},{"not_picked":["Quick Slash","Caltrops","Flechettes"],"picked":"Backflip","floor":12},{"not_picked":["Outmaneuver","Flying Knee","Deadly Poison","Slice"],"picked":"SKIP","floor":14},{"not_picked":["Malaise","Die Die Die","Bullet Time"],"picked":"Wraith Form v2","floor":16},{"not_picked":["Deadly Poison","Quick Slash","Underhanded Strike"],"picked":"All Out Attack","floor":18},{"not_picked":["Concentrate","Noxious Fumes","Blade Dance+1"],"picked":"Backflip+1","floor":20},{"not_picked":["Escape Plan","Bane+1","Outmaneuver"],"picked":"Cloak And Dagger","floor":21},{"not_picked":["Outmaneuver","Deflect","Underhanded Strike"],"picked":"Acrobatics","floor":22},{"not_picked":["Blur","Underhanded Strike+1","Deadly Poison"],"picked":"Phantasmal Killer","floor":23},{"not_picked":["Dagger Spray","Slice","Flechettes"],"picked":"Cloak And Dagger","floor":24},{"not_picked":["Grand Finale","Envenom","Burst"],"picked":"Glass Knife","floor":33},{"not_picked":["Dodge and Roll","Slice","Dagger Throw","Poisoned Stab+1"],"picked":"SKIP","floor":35},{"not_picked":["Outmaneuver+1","Blur+1","Cloak And Dagger"],"picked":"Caltrops","floor":36},{"not_picked":["All Out Attack","Flying Knee","Prepared+1","Dagger Spray"],"picked":"SKIP","floor":37},{"not_picked":["Dagger Spray+1","Deflect","Bouncing Flask","Setup+1"],"picked":"SKIP","floor":38},{"not_picked":["Sucker Punch","Concentrate+1","Setup+1","Noxious Fumes"],"picked":"SKIP","floor":39}],"player_experience":1249526,"relics_obtained":[{"floor":6,"key":"Centennial Puzzle"},{"floor":10,"key":"Question Card"},{"floor":12,"key":"WingedGreaves"},{"floor":21,"key":"Red Mask"},{"floor":23,"key":"Juzu Bracelet"},{"floor":26,"key":"Ornamental Fan"},{"floor":27,"key":"Necronomicon"}],"event_choices":[{"damage_healed":0,"gold_gain":0,"player_choice":"Grow","damage_taken":0,"max_hp_gain":0,"max_hp_loss":0,"event_name":"Living Wall","floor":4,"gold_loss":0,"cards_upgraded":["Bullet Time"]},{"cards_removed":["Defend_G"],"damage_healed":0,"gold_gain":0,"player_choice":"Card Removal","damage_taken":7,"max_hp_gain":0,"max_hp_loss":0,"event_name":"Golden Wing","floor":8,"gold_loss":0},{"damage_healed":0,"gold_gain":0,"player_choice":"Searched \u00271\u0027 times","damage_taken":0,"max_hp_gain":0,"max_hp_loss":0,"event_name":"Dead Adventurer","floor":12,"gold_loss":0},{"damage_healed":0,"gold_gain":0,"player_choice":"Obtained Relic","damage_taken":0,"relics_obtained":["Bronze Scales"],"max_hp_gain":0,"max_hp_loss":0,"event_name":"Addict","floor":19,"gold_loss":85},{"damage_healed":0,"gold_gain":0,"player_choice":"Fought Bandits","damage_taken":0,"max_hp_gain":0,"max_hp_loss":0,"event_name":"Masked Bandits","floor":21,"gold_loss":0},{"damage_healed":0,"gold_gain":0,"player_choice":"Obtained Book","damage_taken":16,"max_hp_gain":0,"max_hp_loss":0,"event_name":"Cursed Tome","floor":27,"gold_loss":0}],"is_beta":false,"boss_relics":[{"not_picked":["Velvet Choker","Fusion Hammer"],"picked":"Sozu"},{"not_picked":["Orrery","Snecko Eye"],"picked":"WristBlade"}],"items_purged_floors":[],"is_endless":false,"potions_floor_spawned":[5,10,12,14,16,22,23,33,36],"killed_by":"Reptomancer","ascension_level":0}