{"path_per_floor":["M","M","M","M","$","E","M","M","T","?","E","R","M","E","R","B",null,"M","?","$","$","M","R","M","R","T","M","E","R","E","M","R"],"character_chosen":"IRONCLAD","items_purchased":["Armaments","Centennial Puzzle"],"gold_per_floor":[12,23,42,61,13,342,356,370,370,370,403,403,414,448,448,544,544,555,555,242,142,155,155,172,172,172,188,214,214,246,259,259],"floor_reached":33,"campfire_rested":3,"playtime":3650,"current_hp_per_floor":[71,72,78,78,78,38,39,45,45,45,37,61,56,51,51,39,80,68,52,52,52,58,58,50,50,50,36,42,66,51,32,56],"items_purged":["Regret","Strike_R"],"gold":259,"play_id":"2dfd34d8-1a7a-4ec8-9ae5-cd281671a148","is_prod":false,"is_daily":false,"campfire_rituals":0,"campfire_upgraded":3,"is_hardmode":false,"path_taken":["M","?","M","M","$","E","M","M","T","?","E","R","M","E","R","BOSS","M","?","?","$","M","R","M","R","T","?","E","R","E","M","R","BOSS"],"build_version":"2018-01-11-PROD2","purchased_purges":2,"victory":false,"master_deck":["Strike_R","Strike_R","Strike_R","Strike_R","Defend_R","Defend_R","Defend_R","Defend_R","Bash","Pommel Strike","Shrug It Off","Spot Weakness","Seeing Red","Armaments","Rampage","Flex","Thunderclap","True Grit","Warcry","Immolate","Seeing Red","Necronomicurse","Clothesline","Dark Embrace","Dropkick","Dropkick","Shrug It Off","True Grit","Double Tap"],"max_hp_per_floor":[80,80,80,80,80,80,80,80,80,80,80,80,80,80,80,80,80,80,80,80,80,80,80,80,80,80,80,80,80,80,80,80],"relics":["Burning Blood","Gambling Chip","Old Coin","Du-Vu Doll","Dream Catcher","Molten Egg","Unceasing Top","Sozu","Necronomicon","Centennial Puzzle","Calipers","Bag of Marbles","Juzu Bracelet"],"campfire_meditates":0,"card_choices":[{"not_picked":["Intimidate","Heavy Blade"],"picked":"Pommel Strike"},{"not_picked":["Anger","Limit Break"],"picked":"Shrug It Off"},{"not_picked":["True Grit","Wild Strike"],"picked":"Spot Weakness"},{"not_picked":["Cleave","Body Slam"],"picked":"Seeing Red"},{"not_picked":["Twin Strike","Iron Wave"],"picked":"Rampage"},{"not_picked":["Heavy Blade","Wild Strike"],"picked":"Flex"},{"not_picked":["Feel No Pain","Dual Wield"],"picked":"Thunderclap"},{"not_picked":["Flex","Clothesline"],"picked":"True Grit"},{"not_picked":["Dual Wield","Cleave"],"picked":"Warcry"},{"not_picked":["Brutality","Demon Form"],"picked":"Immolate"},{"not_picked":["True Grit","Twin Strike"],"picked":"Seeing Red"},{"not_picked":["True Grit","Bloodletting"],"picked":"Clothesline"},{"not_picked":["Seeing Red","Body Slam"],"picked":"Dark Embrace"},{"not_picked":["Pommel Strike","Iron Wave"],"picked":"Dropkick"},{"not_picked":["Pommel Strike","Shockwave"],"picked":"Dropkick"},{"not_picked":["Anger","Thunderclap"],"picked":"Shrug It Off"},{"not_picked":["Armaments","Dual Wield"],"picked":"True Grit"},{"not_picked":["True Grit","Clothesline"],"picked":"Double Tap"}],"player_experience":51235,"potions_floor_usage":[11,16],"damage_taken":[{"damage":15,"enemies":"Blue Slaver","floor":1,"turns":7},{"damage":5,"enemies":"Cultist","floor":2,"turns":4},{"damage":0,"enemies":"Small Slimes","floor":3,"turns":2},{"damage":6,"enemies":"Exordium Thugs","floor":4,"turns":3},{"damage":46,"enemies":"Gremlin Nob","floor":6,"turns":5},{"damage":5,"enemies":"Lots of Slimes","floor":7,"turns":4},{"damage":0,"enemies":"Large Slime","floor":8,"turns":5},{"damage":14,"enemies":"Lagavulin","floor":11,"turns":6},{"damage":11,"enemies":"Looter","floor":13,"turns":2},{"damage":11,"enemies":"Gremlin Nob","floor":14,"turns":4},{"damage":18,"enemies":"Slime Boss","floor":16,"turns":9},{"damage":18,"enemies":"Spheric Guardian","floor":18,"turns":4},{"damage":0,"enemies":"Chosen","floor":22,"turns":2},{"damage":14,"enemies":"Snake Plant","floor":24,"turns":3},{"damage":20,"enemies":"3 Cultists","floor":27,"turns":4},{"damage":0,"enemies":"Gremlin Leader","floor":28,"turns":6},{"damage":21,"enemies":"Book of Stabbing","floor":30,"turns":5},{"damage":25,"enemies":"Snecko","floor":31,"turns":4},{"damage":59,"enemies":"Automaton","floor":33,"turns":6}],"event_choices":[{"event_name":"Big Fish","player_choice":"Box","floor":10,"damage_taken":0},{"event_name":"Cursed Tome","player_choice":"Obtained Book","floor":19,"damage_taken":0}],"boss_relics":[{"not_picked":["Eternal Feather","Black Star"],"picked":"Sozu"}],"potions_floor_spawned":[1,13,14,16,24,28,30],"seed_played":"9014665129215904004","killed_by":"Automaton","is_trial":false}