{"gold_per_floor":[365,104,104,22,22,22,39,39,65,84,84,184,184,194,194,290,290,265,365,381,151,171,171,197,216,216,236,266,266,277,295,295,394,394,406,306,326,340,353,353,353,380,380,180,180,212,224,0,0,0],"floor_reached":51,"playtime":9746,"items_purged":["Defend_B","Strike_B","Strike_B","Defend_B"],"score":973,"play_id":"38a6088e-62e7-4e07-9241-0f4876257721","local_time":"20190212191057","is_ascension_mode":true,"campfire_choices":[{"data":"Sunder","floor":6,"key":"SMITH"},{"data":"Self Repair","floor":8,"key":"SMITH"},{"data":"Zap","floor":13,"key":"SMITH"},{"data":"Undo","floor":15,"key":"SMITH"},{"data":"Hologram","floor":23,"key":"SMITH"},{"data":"Coolheaded","floor":32,"key":"SMITH"},{"data":"Chill","floor":40,"key":"SMITH"},{"data":"White Noise","floor":45,"key":"SMITH"},{"floor":49,"key":"REST"}],"neow_cost":"PERCENT_DAMAGE","seed_source_timestamp":765110555875309,"circlet_count":0,"master_deck":["Strike_B","Defend_B+1","Defend_B","Zap+1","Dualcast","Genetic Algorithm","Self Repair+1","Sunder+1","Undo+1","Loop","Coolheaded+1","Chill+1","Buffer+1","Ball Lightning+1","Double Energy+1","Panacea","Doom and Gloom","Hologram+1","Gash+1","Turbo+1","White Noise+1","BootSequence","Heatsinks","Rainbow","Go for the Eyes+1","Compile Driver+1","Force Field+1","Consume"],"relics":["Cracked Core","Happy Flower","DataDisk","Inserter","Incense Burner","War Paint","Lantern","Nloth\u0027s Gift","Nuclear Battery","Peace Pipe","Pen Nib","Oddly Smooth Stone"],"potions_floor_usage":[16,22,28,28,28,38,46,50],"damage_taken":[{"damage":2,"enemies":"Small Slimes","floor":1,"turns":3},{"damage":5,"enemies":"Cultist","floor":7,"turns":4},{"damage":0,"enemies":"Jaw Worm","floor":10,"turns":3},{"damage":8,"enemies":"Blue Slaver","floor":14,"turns":4},{"damage":17,"enemies":"The Guardian","floor":16,"turns":10},{"damage":6,"enemies":"2 Thieves","floor":18,"turns":5},{"damage":0,"enemies":"Chosen","floor":20,"turns":5},{"damage":22,"enemies":"Snake Plant","floor":22,"turns":6},{"damage":15,"enemies":"Book of Stabbing","floor":24,"turns":7},{"damage":9,"enemies":"Centurion and Healer","floor":25,"turns":6},{"damage":3,"enemies":"Cultist and Chosen","floor":27,"turns":7},{"damage":24,"enemies":"Slavers","floor":28,"turns":5},{"damage":0,"enemies":"3 Cultists","floor":30,"turns":5},{"damage":1,"enemies":"Snake Plant","floor":31,"turns":4},{"damage":46,"enemies":"Automaton","floor":33,"turns":11},{"damage":0,"enemies":"Orb Walker","floor":35,"turns":4},{"damage":15,"enemies":"3 Shapes","floor":37,"turns":4},{"damage":8,"enemies":"Spire Growth","floor":38,"turns":5},{"damage":20,"enemies":"Maw","floor":39,"turns":9},{"damage":16,"enemies":"Reptomancer","floor":42,"turns":7},{"damage":0,"enemies":"Nemesis","floor":46,"turns":11},{"damage":18,"enemies":"Sphere and 2 Shapes","floor":47,"turns":8},{"damage":31,"enemies":"Awakened One","floor":50,"turns":14}],"seed_played":"2431300035295707460","potions_obtained":[{"floor":1,"key":"Regen Potion"},{"floor":14,"key":"AttackPotion"},{"floor":16,"key":"SteroidPotion"},{"floor":18,"key":"Dexterity Potion"},{"floor":22,"key":"Ancient Potion"},{"floor":35,"key":"Weak Potion"},{"floor":46,"key":"Energy Potion"}],"is_trial":false,"path_per_floor":["M","$","?","$","?","R","M","R","T","M","T","?","R","M","R","B",null,"M","?","M","$","M","R","E","M","T","M","E","?","M","M","R","B",null,"M","$","M","M","M","R","$","E","T","$","R","E","M","$","R","B",null],"character_chosen":"DEFECT","items_purchased":["Self Repair","Happy Flower","Sunder","Undo","Panacea","Doom and Gloom","GamblersBrew","EssenceOfSteel"],"campfire_rested":1,"item_purchase_floors":[2,2,2,4,21,21,44,48],"current_hp_per_floor":[52,52,52,52,52,52,54,54,54,64,64,64,64,66,66,59,75,75,75,75,75,63,63,58,59,59,66,66,66,66,75,75,39,75,75,75,60,62,62,62,62,56,56,56,56,66,48,48,70,49],"gold":0,"neow_bonus":"TWO_FIFTY_GOLD","is_prod":false,"is_daily":false,"chose_seed":false,"campfire_upgraded":8,"win_rate":0,"timestamp":1549995057,"path_taken":["M","$","?","?","?","R","M","R","T","M","?","?","R","?","R","BOSS","M","?","M","$","?","R","E","M","T","M","E","?","M","M","R","BOSS","M","$","M","M","M","R","?","E","T","$","R","E","M","$","R","BOSS"],"build_version":"2019-01-23","purchased_purges":4,"victory":true,"max_hp_per_floor":[75,75,75,75,75,75,75,75,75,75,75,75,75,75,75,75,75,75,75,75,75,75,75,75,75,75,75,75,75,75,75,75,75,75,75,75,75,75,75,75,75,75,75,75,75,75,75,75,75,75],"card_choices":[{"not_picked":["Rebound","Stack"],"picked":"Genetic Algorithm","floor":1},{"not_picked":["Leap","Storm"],"picked":"Loop","floor":7},{"not_picked":["Chaos","Compile Driver"],"picked":"Coolheaded","floor":10},{"not_picked":["Rebound","White Noise"],"picked":"Chill","floor":14},{"not_picked":["Echo Form+1","Seek"],"picked":"Buffer+1","floor":16},{"not_picked":["Barrage","Force Field"],"picked":"Ball Lightning+1","floor":18},{"not_picked":["Go for the Eyes+1","Turbo"],"picked":"Double Energy+1","floor":20},{"not_picked":["Force Field+1","Redo"],"picked":"Hologram","floor":22},{"not_picked":["Steam","Meteor Strike"],"picked":"Gash+1","floor":24},{"not_picked":["Reinforced Body","Static Discharge+1"],"picked":"Turbo","floor":25},{"not_picked":["Sweeping Beam","Stack"],"picked":"White Noise","floor":27},{"not_picked":["Sweeping Beam","Streamline"],"picked":"BootSequence","floor":28},{"not_picked":["Streamline","Turbo"],"picked":"Heatsinks","floor":30},{"not_picked":["Self Repair+1","Redo","Chill"],"picked":"SKIP","floor":31},{"not_picked":["Fission","All For One"],"picked":"Rainbow","floor":33},{"not_picked":["Streamline","Heatsinks"],"picked":"Go for the Eyes+1","floor":35},{"not_picked":["Conserve Battery","Stack+1","Static Discharge+1"],"picked":"SKIP","floor":37},{"not_picked":["Steam","Turbo+1"],"picked":"Compile Driver+1","floor":38},{"not_picked":["Beam Cell+1","Compile Driver+1"],"picked":"Force Field+1","floor":39},{"not_picked":["Redo","Rainbow"],"picked":"Consume","floor":42},{"not_picked":["Double Energy","Rip and Tear+1","Sunder+1"],"picked":"SKIP","floor":46},{"not_picked":["Lockon+1","Undo+1","Gash"],"picked":"SKIP","floor":47}],"player_experience":275438,"relics_obtained":[{"floor":9,"key":"DataDisk"},{"floor":11,"key":"Frozen Egg 2"},{"floor":24,"key":"Incense Burner"},{"floor":26,"key":"War Paint"},{"floor":28,"key":"Lantern"},{"floor":42,"key":"Peace Pipe"},{"floor":43,"key":"Pen Nib"},{"floor":46,"key":"Oddly Smooth Stone"}],"event_choices":[{"cards_removed":["Strike_B"],"damage_healed":0,"gold_gain":0,"player_choice":"Purged","damage_taken":0,"max_hp_gain":0,"max_hp_loss":0,"event_name":"Purifier","floor":3,"gold_loss":0},{"damage_healed":0,"gold_gain":0,"player_choice":"Leave","damage_taken":0,"max_hp_gain":0,"max_hp_loss":0,"event_name":"The Cleric","floor":5,"gold_loss":0},{"damage_healed":0,"gold_gain":100,"player_choice":"Pray","damage_taken":0,"max_hp_gain":0,"max_hp_loss":0,"event_name":"Golden Shrine","floor":12,"gold_loss":0},{"damage_healed":0,"gold_gain":100,"player_choice":"Pray","damage_taken":0,"max_hp_gain":0,"max_hp_loss":0,"event_name":"Golden Shrine","floor":19,"gold_loss":0},{"damage_healed":0,"gold_gain":0,"player_choice":"Traded Relic","damage_taken":0,"relics_obtained":["Nloth\u0027s Gift"],"max_hp_gain":0,"max_hp_loss":0,"event_name":"N\u0027loth","floor":29,"relics_lost":["Frozen Egg 2"],"gold_loss":0}],"is_beta":false,"boss_relics":[{"not_picked":["Cursed Key","Busted Crown"],"picked":"Inserter"},{"not_picked":["Snecko Eye","Astrolabe"],"picked":"Nuclear Battery"}],"items_purged_floors":[21,36,44,48],"is_endless":false,"potions_floor_spawned":[1,14,16,18,20,22,24,35,46],"ascension_level":3}