{"gold_per_floor":[115,190,202,214,237,237,269,269,296,306,323,333,347,414,414,511,511,529,529],"floor_reached":19,"playtime":1270,"items_purged":[],"score":171,"play_id":"7c1eb4fb-c510-4ea2-ae66-8d86d237b072","local_time":"20190301052039","is_ascension_mode":false,"campfire_choices":[{"data":"Zap","floor":6,"key":"SMITH"},{"data":"Go for the Eyes","floor":8,"key":"SMITH"},{"data":"Streamline","floor":15,"key":"SMITH"}],"neow_cost":"NONE","seed_source_timestamp":62932985208970,"circlet_count":0,"master_deck":["Strike_B","Strike_B","Strike_B","Strike_B","Defend_B","Defend_B","Defend_B","Defend_B","Zap+1","Dualcast","Go for the Eyes+1","Rebound","White Noise","Streamline+1","Steam","Hyperbeam","Biased Cognition","Compile Driver"],"relics":["Cracked Core","Juzu Bracelet","Lantern","Dead Branch","Vajra","Inserter"],"potions_floor_usage":[16],"damage_taken":[{"damage":1,"enemies":"Cultist","floor":1,"turns":4},{"damage":0,"enemies":"Small Slimes","floor":3,"turns":3},{"damage":6,"enemies":"Jaw Worm","floor":4,"turns":3},{"damage":24,"enemies":"Gremlin Nob","floor":7,"turns":4},{"damage":3,"enemies":"Exordium Thugs","floor":10,"turns":2},{"damage":6,"enemies":"Lots of Slimes","floor":11,"turns":3},{"damage":6,"enemies":"3 Louse","floor":12,"turns":2},{"damage":0,"enemies":"Large Slime","floor":13,"turns":4},{"damage":21,"enemies":"The Guardian","floor":16,"turns":14},{"damage":24,"enemies":"Spheric Guardian","floor":18,"turns":4}],"seed_played":"5276119662028354745","potions_obtained":[{"floor":3,"key":"SteroidPotion"},{"floor":7,"key":"Energy Potion"},{"floor":12,"key":"Weak Potion"},{"floor":13,"key":"Explosive Potion"},{"floor":18,"key":"FearPotion"}],"is_trial":false,"path_per_floor":["M","?","M","M","T","R","E","R","T","M","M","M","M","?","R","B",null,"M","$"],"character_chosen":"DEFECT","items_purchased":[],"campfire_rested":0,"item_purchase_floors":[],"current_hp_per_floor":[74,67,67,61,61,61,37,37,37,34,28,22,22,22,22,1,75,51,51],"gold":529,"neow_bonus":"RANDOM_COMMON_RELIC","is_prod":false,"is_daily":false,"chose_seed":false,"campfire_upgraded":3,"win_rate":0,"timestamp":1551410439,"path_taken":["M","?","M","M","?","R","E","R","T","M","M","M","M","?","R","BOSS","M","$"],"build_version":"2019-01-23","purchased_purges":0,"victory":false,"max_hp_per_floor":[75,75,75,75,75,75,75,75,75,75,75,75,75,75,75,75,75,75,75],"card_choices":[{"not_picked":["Hologram","Sweeping Beam"],"picked":"Go for the Eyes","floor":1},{"not_picked":["Turbo","Darkness"],"picked":"Rebound","floor":3},{"not_picked":["Hologram","Force Field"],"picked":"White Noise","floor":4},{"not_picked":["Redo","Coolheaded"],"picked":"Streamline","floor":7},{"not_picked":["Go for the Eyes","Turbo"],"picked":"Steam","floor":10},{"not_picked":["Ball Lightning","Redo"],"picked":"Hyperbeam","floor":11},{"not_picked":["Storm","Ball Lightning","Scrape"],"picked":"SKIP","floor":12},{"not_picked":["Stack","Darkness","Go for the Eyes"],"picked":"SKIP","floor":13},{"not_picked":["Electrodynamics","Fission"],"picked":"Biased Cognition","floor":16},{"not_picked":["Blizzard","Chaos"],"picked":"Compile Driver","floor":18}],"player_experience":549427,"relics_obtained":[{"floor":5,"key":"Lantern"},{"floor":7,"key":"Dead Branch"},{"floor":9,"key":"Vajra"}],"event_choices":[{"damage_healed":0,"gold_gain":75,"player_choice":"Touch","damage_taken":7,"max_hp_gain":0,"max_hp_loss":0,"event_name":"FaceTrader","floor":2,"gold_loss":0},{"damage_healed":0,"gold_gain":67,"player_choice":"Gained Gold","damage_taken":0,"max_hp_gain":0,"max_hp_loss":0,"event_name":"Golden Wing","floor":14,"gold_loss":0}],"is_beta":false,"boss_relics":[{"not_picked":["Snecko Eye","White Beast Statue"],"picked":"Inserter"}],"items_purged_floors":[],"is_endless":false,"potions_floor_spawned":[3,7,12,13,18],"ascension_level":0}