{"gold_per_floor":[113,133,152,165,235,253,253,283,353,363,363,363],"floor_reached":12,"playtime":443,"items_purged":[],"score":148,"play_id":"201715a0-bcdf-4ec9-a2c6-d43fffa51acf","local_time":"20190303140254","is_ascension_mode":true,"campfire_choices":[{"data":"Thunderclap","floor":7,"key":"SMITH"},{"data":"Battle Trance","floor":11,"key":"SMITH"}],"neow_cost":"NONE","seed_source_timestamp":67466813125457,"circlet_count":0,"master_deck":["AscendersBane","Strike_R","Strike_R","Strike_R","Strike_R","Strike_R","Defend_R","Defend_R","Defend_R","Defend_R","Bash","Seeing Red","Iron Wave","Carnage","Battle Trance+1","Thunderclap+1","Headbutt","Uppercut+1"],"relics":["Burning Blood","Regal Pillow","Juzu Bracelet","Molten Egg 2"],"potions_floor_usage":[6,6],"damage_taken":[{"damage":6,"enemies":"Cultist","floor":1,"turns":3},{"damage":0,"enemies":"Small Slimes","floor":2,"turns":3},{"damage":2,"enemies":"Jaw Worm","floor":3,"turns":3},{"damage":12,"enemies":"2 Fungi Beasts","floor":4,"turns":4},{"damage":3,"enemies":"Looter","floor":6,"turns":3},{"damage":30,"enemies":"3 Sentries","floor":8,"turns":8},{"damage":18,"enemies":"Red Slaver","floor":10,"turns":4},{"damage":36,"enemies":"Lagavulin","floor":12,"turns":5}],"seed_played":"-745407301525633052","potions_obtained":[{"floor":1,"key":"PowerPotion"},{"floor":2,"key":"Poison Potion"}],"is_trial":false,"path_per_floor":["M","M","M","M","?","M","R","E","T","M","R","E"],"character_chosen":"IRONCLAD","items_purchased":[],"campfire_rested":0,"item_purchase_floors":[],"current_hp_per_floor":[68,74,75,69,69,72,72,48,48,36,36,0],"gold":363,"neow_bonus":"RANDOM_COMMON_RELIC","is_prod":false,"is_daily":false,"chose_seed":false,"campfire_upgraded":2,"win_rate":0,"timestamp":1551639774,"path_taken":["M","M","M","M","?","M","R","E","T","M","R","E"],"build_version":"2019-01-23","purchased_purges":0,"victory":false,"max_hp_per_floor":[75,75,75,75,75,75,75,75,75,75,75,75],"card_choices":[{"not_picked":["Wild Strike","Clash"],"picked":"Seeing Red","floor":1},{"not_picked":["Sword Boomerang","Anger"],"picked":"Iron Wave","floor":2},{"not_picked":["Heavy Blade","Seeing Red"],"picked":"Carnage","floor":3},{"not_picked":["Flex","Shrug It Off"],"picked":"Battle Trance","floor":4},{"not_picked":["Headbutt","Heavy Blade"],"picked":"Thunderclap","floor":6},{"not_picked":["Brutality","Pommel Strike"],"picked":"Headbutt","floor":8},{"not_picked":["Headbutt+1","Wild Strike+1"],"picked":"Uppercut+1","floor":10}],"player_experience":802289,"relics_obtained":[{"floor":8,"key":"Juzu Bracelet"},{"floor":9,"key":"Molten Egg 2"}],"event_choices":[{"damage_healed":0,"gold_gain":70,"player_choice":"Gained Gold","damage_taken":0,"max_hp_gain":0,"max_hp_loss":0,"event_name":"Golden Wing","floor":5,"gold_loss":0}],"is_beta":false,"boss_relics":[],"items_purged_floors":[],"is_endless":false,"potions_floor_spawned":[1,2,4],"killed_by":"Lagavulin","ascension_level":16}