{"gold_per_floor":[13,30,205,216,141,141,167,179,204,232,232,247,282,293,293,391,391,404,421,520,530,530,530,530,555,637,236,236,261,279,305,305,405,405,416,122,137,147,160,188,203,230,230,230,249,284,284,313,313,313],"floor_reached":51,"playtime":5643,"items_purged":["Doubt"],"score":960,"play_id":"4cbc11ad-ce95-455c-9714-0c45ddc7f1ff","local_time":"20180806055453","is_ascension_mode":true,"campfire_choices":[{"data":"Dash","floor":6,"key":"SMITH"},{"data":"Setup","floor":15,"key":"SMITH"},{"floor":23,"key":"REST"},{"floor":32,"key":"REST"},{"data":"Finisher","floor":44,"key":"SMITH"},{"floor":49,"key":"REST"}],"neow_cost":"NO_GOLD","seed_source_timestamp":132591166824684,"circlet_count":0,"master_deck":["Defend_G+1","Defend_G+1","Defend_G+1","Defend_G+1","Strike_G+1","Strike_G+1","Strike_G+1","Strike_G+1","Survivor+1","Neutralize+1","PiercingWail+1","Dash+1","Blade Dance","Tactician","Leg Sweep","Footwork","Setup+1","Backflip","Finisher+1","Terror","Phantasmal Killer","Cloak And Dagger+1","Infinite Blades+1","Well Laid Plans","Tools of the Trade","Infinite Blades","Acrobatics+1","Skewer+1","Skewer+1","Escape Plan","Apotheosis","Finisher+1"],"relics":["Ring of the Snake","Happy Flower","Boot","Centennial Puzzle","Pen Nib","Busted Crown","Lantern","Ninja Scroll","Ornamental Fan","Omamori","Regal Pillow","Red Mask","Black Star","Singing Bowl","Vajra","War Paint","Bag of Preparation","Orichalcum","Bag of Marbles","Whetstone","Dream Catcher","Peace Pipe","Torii"],"potions_floor_usage":[7,10,13,16,19,21,38,40,41,45],"damage_taken":[{"damage":0,"enemies":"2 Louse","floor":1,"turns":3},{"damage":4,"enemies":"Small Slimes","floor":2,"turns":4},{"damage":0,"enemies":"Cultist","floor":4,"turns":5},{"damage":33,"enemies":"Lagavulin","floor":7,"turns":12},{"damage":0,"enemies":"Large Slime","floor":8,"turns":6},{"damage":0,"enemies":"Gremlin Nob","floor":10,"turns":4},{"damage":0,"enemies":"Exordium Wildlife","floor":12,"turns":6},{"damage":5,"enemies":"Lagavulin","floor":13,"turns":7},{"damage":0,"enemies":"Red Slaver","floor":14,"turns":4},{"damage":29,"enemies":"Hexaghost","floor":16,"turns":13},{"damage":13,"enemies":"Chosen","floor":18,"turns":5},{"damage":19,"enemies":"3 Byrds","floor":19,"turns":7},{"damage":3,"enemies":"Snake Plant","floor":21,"turns":3},{"damage":12,"enemies":"Slavers","floor":25,"turns":8},{"damage":14,"enemies":"Gremlin Leader","floor":29,"turns":6},{"damage":0,"enemies":"Chosen and Byrds","floor":30,"turns":4},{"damage":0,"floor":31,"turns":5},{"damage":17,"enemies":"Champ","floor":33,"turns":10},{"damage":0,"enemies":"Orb Walker","floor":35,"turns":4},{"damage":2,"enemies":"3 Shapes","floor":37,"turns":3},{"damage":1,"enemies":"3 Darklings","floor":38,"turns":4},{"damage":2,"enemies":"4 Shapes","floor":39,"turns":4},{"damage":0,"enemies":"Giant Head","floor":40,"turns":4},{"damage":4,"enemies":"Maw","floor":41,"turns":7},{"damage":8,"enemies":"Nemesis","floor":42,"turns":5},{"damage":0,"enemies":"Transient","floor":45,"turns":5},{"damage":4,"enemies":"Giant Head","floor":46,"turns":6},{"damage":22,"enemies":"2 Orb Walkers","floor":48,"turns":5},{"damage":4,"enemies":"Donu and Deca","floor":50,"turns":7}],"seed_played":"8245401851278226111","potions_obtained":[{"floor":2,"key":"Swift Potion"},{"floor":4,"key":"AttackPotion"},{"floor":8,"key":"FearPotion"},{"floor":10,"key":"Poison Potion"},{"floor":14,"key":"Fire Potion"},{"floor":19,"key":"PowerPotion"},{"floor":30,"key":"Regen Potion"},{"floor":33,"key":"FairyPotion"},{"floor":35,"key":"Strength Potion"},{"floor":39,"key":"AttackPotion"},{"floor":42,"key":"Fire Potion"},{"floor":48,"key":"Regen Potion"}],"is_trial":false,"path_per_floor":["M","M","?","M","$","R","E","M","T","E","?","M","E","M","R","B",null,"M","M","?","M","?","R","?","E","T","$","?","E","M","?","R","B",null,"M","$","M","M","M","E","M","E","T","R","M","E","?","E","R","B"],"character_chosen":"THE_SILENT","items_purchased":["Ornamental Fan","Omamori","Infinite Blades","Singing Bowl"],"campfire_rested":3,"item_purchase_floors":[27,27,36,36],"current_hp_per_floor":[70,66,66,66,66,66,33,33,33,33,38,38,33,33,33,4,75,62,43,43,40,40,62,62,50,50,50,50,36,36,36,73,56,75,75,75,75,76,74,76,81,73,73,73,75,71,71,49,85,81],"gold":313,"neow_bonus":"TRANSFORM_TWO_CARDS","is_prod":false,"is_daily":false,"chose_seed":false,"campfire_upgraded":3,"win_rate":0,"timestamp":1533524093,"path_taken":["M","M","?","M","$","R","E","M","T","E","?","M","E","M","R","BOSS","M","M","?","M","?","R","?","E","T","$","?","E","M","?","R","BOSS","M","$","M","M","M","E","M","E","T","R","?","E","?","E","R","BOSS"],"build_version":"2018-08-02","purchased_purges":1,"victory":true,"max_hp_per_floor":[70,70,70,70,70,70,70,70,70,70,75,75,75,75,75,75,75,75,75,75,75,75,75,75,75,75,75,75,75,75,75,75,75,75,75,75,77,79,79,81,81,81,81,81,83,83,83,83,85,85],"card_choices":[{"not_picked":["Underhanded Strike","Dash"],"picked":"Blade Dance","floor":1},{"not_picked":["Eviscerate","Flying Knee"],"picked":"Tactician","floor":2},{"not_picked":["Dash","Crippling Poison"],"picked":"Leg Sweep","floor":4},{"not_picked":["Backflip","Bane"],"picked":"Footwork","floor":7},{"not_picked":["Dagger Spray","Bane"],"picked":"Setup","floor":8},{"not_picked":["Bane","Outmaneuver"],"picked":"Backflip","floor":10},{"not_picked":["Choke","Dagger Spray"],"picked":"Finisher","floor":12},{"not_picked":["Dagger Spray","PiercingWail"],"picked":"Terror","floor":13},{"not_picked":["Endless Agony","Tactician","PiercingWail"],"picked":"SKIP","floor":14},{"not_picked":["Doppelganger","Venomology"],"picked":"Phantasmal Killer","floor":16},{"not_picked":[],"picked":"Cloak And Dagger","floor":18},{"not_picked":["Bane"],"picked":"SKIP","floor":19},{"not_picked":["Distraction"],"picked":"SKIP","floor":21},{"not_picked":[],"picked":"Infinite Blades+1","floor":25},{"not_picked":[],"picked":"Well Laid Plans","floor":29},{"not_picked":["Deadly Poison"],"picked":"SKIP","floor":30},{"not_picked":[],"picked":"Tools of the Trade","floor":33},{"not_picked":["Masterful Stab"],"picked":"SKIP","floor":35},{"not_picked":["PiercingWail+1"],"picked":"Singing Bowl","floor":37},{"not_picked":["Dodge and Roll"],"picked":"Singing Bowl","floor":38},{"not_picked":[],"picked":"Acrobatics+1","floor":39},{"not_picked":["Distraction+1"],"picked":"Singing Bowl","floor":40},{"not_picked":[],"picked":"Skewer+1","floor":41},{"not_picked":[],"picked":"Skewer+1","floor":42},{"not_picked":["Poisoned Stab+1"],"picked":"Singing Bowl","floor":45},{"not_picked":[],"picked":"Escape Plan","floor":46},{"not_picked":[],"picked":"Apotheosis","floor":47},{"not_picked":[],"picked":"Finisher+1","floor":48},{"not_picked":["Heel Hook+1"],"picked":"Singing Bowl","floor":49}],"player_experience":200018,"relics_obtained":[{"floor":7,"key":"Happy Flower"},{"floor":9,"key":"Boot"},{"floor":10,"key":"Centennial Puzzle"},{"floor":13,"key":"Pen Nib"},{"floor":25,"key":"Lantern"},{"floor":26,"key":"Ninja Scroll"},{"floor":29,"key":"Regal Pillow"},{"floor":31,"key":"Red Mask"},{"floor":40,"key":"Vajra"},{"floor":40,"key":"War Paint"},{"floor":42,"key":"Bag of Preparation"},{"floor":42,"key":"Orichalcum"},{"floor":43,"key":"Bag of Marbles"},{"floor":46,"key":"Whetstone"},{"floor":46,"key":"Dream Catcher"},{"floor":48,"key":"Peace Pipe"},{"floor":48,"key":"Torii"}],"event_choices":[{"event_name":"Liars Game","player_choice":"agreed","floor":3,"damage_taken":0},{"event_name":"Big Fish","player_choice":"Donut","floor":11,"damage_taken":0},{"event_name":"Nest","player_choice":"Stole From Cult","floor":20,"damage_taken":0},{"event_name":"Back to Basics","player_choice":"Simplicity","floor":22,"damage_taken":0},{"event_name":"Drug Dealer","player_choice":"Ignored","floor":24,"damage_taken":0},{"event_name":"Upgrade Shrine","player_choice":"Upgraded","floor":28,"damage_taken":0},{"event_name":"Masked Bandits","player_choice":"Fought over 279 gold","floor":31,"damage_taken":0},{"event_name":"SensoryStone","player_choice":"Memory 1","floor":47,"damage_taken":0}],"is_beta":false,"boss_relics":[{"not_picked":["White Beast Statue","Ectoplasm"],"picked":"Busted Crown"},{"not_picked":["Runic Dome","Velvet Choker"],"picked":"Black Star"}],"items_purged_floors":[5],"is_endless":false,"potions_floor_spawned":[2,4,8,10,14,19,30,33,35,39,42,48],"ascension_level":2}