{"gold_per_floor":[209,209,226,240,19,49,63,98,98,110,124,124,157,169,169,270,270,288,302,302,402,327,327,327,327,327,345,345,65,396,407,407,509,509,528,42,42,54,67,92,0,0,27,44,56,56,85,99,99,99],"floor_reached":51,"playtime":6849,"items_purged":["Writhe"],"score":913,"play_id":"ecba0d0c-d6cf-4fea-a1ba-4cf12d38831c","local_time":"20190202093024","is_ascension_mode":true,"campfire_choices":[{"data":"Shockwave","floor":15.0,"key":"SMITH"},{"data":"Limit Break","floor":23.0,"key":"SMITH"},{"data":"Immolate","floor":25.0,"key":"SMITH"},{"data":"Dual Wield","floor":28.0,"key":"SMITH"},{"floor":32.0,"key":"REST"},{"data":"Barricade","floor":42,"key":"SMITH"},{"data":"Double Tap","floor":46,"key":"SMITH"},{"data":"Pummel","floor":49,"key":"SMITH"}],"neow_cost":"NONE","seed_source_timestamp":0,"circlet_count":0,"master_deck":["Strike_R+1","Strike_R","Strike_R","Defend_R","Defend_R","Bash","Clash","Flex+1","Clothesline","Ghostly Armor","Clash","Shockwave+1","Iron Wave","Thunderclap","Shrug It Off","Ghostly Armor","Limit Break+1","Searing Blow+1","Clash+1","Immolate+1","Sentinel","Whirlwind+1","Dual Wield+1","Pummel+1","Double Tap+1","Warcry+1","Reaper","Anger+1","Shrug It Off","Ghostly Armor","Heavy Blade+1","Barricade+1","Disarm+1","Seeing Red+1","Twin Strike+1","Pommel Strike+1"],"special_seed":0,"relics":["Black Blood","Brimstone","Darkstone Periapt","Anchor","Question Card","Mango","Calipers","Pear","Meat on the Bone","Pantograph","Ancient Tea Set","Old Coin","White Beast Statue","ClockworkSouvenir","Happy Flower","Kunai","Red Mask","Regal Pillow","Gremlin Horn"],"potions_floor_usage":[38,39,40,44,47,48,50],"damage_taken":[{"damage":5.0,"enemies":"2 Louse","floor":1.0,"turns":4.0},{"damage":0.0,"enemies":"Cultist","floor":3.0,"turns":2.0},{"damage":6.0,"enemies":"Jaw Worm","floor":4.0,"turns":2.0},{"damage":24.0,"enemies":"3 Sentries","floor":6.0,"turns":5.0},{"damage":0.0,"enemies":"Blue Slaver","floor":7.0,"turns":2.0},{"damage":0.0,"enemies":"Gremlin Nob","floor":8.0,"turns":2.0},{"damage":0.0,"enemies":"Exordium Wildlife","floor":10.0,"turns":2.0},{"damage":0.0,"enemies":"2 Fungi Beasts","floor":11.0,"turns":3.0},{"damage":0.0,"enemies":"Lagavulin","floor":13.0,"turns":3.0},{"damage":0.0,"enemies":"3 Louse","floor":14.0,"turns":3.0},{"damage":44.0,"enemies":"Hexaghost","floor":16.0,"turns":5.0},{"damage":12.0,"enemies":"Shell Parasite","floor":18.0,"turns":4.0},{"damage":19.0,"enemies":"Spheric Guardian","floor":19.0,"turns":4.0},{"damage":4.0,"enemies":"Colosseum Slavers","floor":21.0,"turns":2.0},{"damage":27.0,"enemies":"Colosseum Nobs","floor":21.0,"turns":4.0},{"damage":6.0,"enemies":"3 Cultists","floor":27.0,"turns":3.0},{"damage":30.0,"enemies":"Book of Stabbing","floor":30.0,"turns":5.0},{"damage":9.0,"enemies":"Snake Plant","floor":31.0,"turns":2.0},{"damage":95.0,"enemies":"Champ","floor":33.0,"turns":9.0},{"damage":2,"enemies":"3 Shapes","floor":35,"turns":1},{"damage":0,"enemies":"Orb Walker","floor":38,"turns":2},{"damage":7,"enemies":"Spire Growth","floor":39,"turns":4},{"damage":48,"enemies":"Nemesis","floor":40,"turns":5},{"damage":0,"enemies":"Sphere and 2 Shapes","floor":44,"turns":1},{"damage":0,"enemies":"4 Shapes","floor":45,"turns":1},{"damage":42,"enemies":"Reptomancer","floor":47,"turns":5},{"damage":22,"enemies":"Transient","floor":48,"turns":5},{"damage":71,"enemies":"Awakened One","floor":50,"turns":8}],"seed_played":"-2553631250344231407","potions_obtained":[{"floor":6.0,"key":"Energy Potion"},{"floor":8.0,"key":"PowerPotion"},{"floor":10.0,"key":"Strength Potion"},{"floor":11.0,"key":"Fire Potion"},{"floor":13.0,"key":"Ancient Potion"},{"floor":27.0,"key":"AttackPotion"},{"floor":30.0,"key":"LiquidBronze"},{"floor":31.0,"key":"BloodPotion"},{"floor":33.0,"key":"Fire Potion"},{"floor":38,"key":"Fire Potion"},{"floor":39,"key":"GamblersBrew"},{"floor":40,"key":"Fire Potion"},{"floor":44,"key":"Ancient Potion"},{"floor":47,"key":"Weak Potion"},{"floor":48,"key":"LiquidBronze"}],"is_trial":false,"path_per_floor":["M","?","M","M","$","E","M","E","T","M","M","?","E","M","R","B",null,"M","M","?","?","?","R","?","R","T","M","R","$","E","M","R","B",null,"M","$","?","M","M","E","?","R","T","M","M","R","E","M","R","B",null],"character_chosen":"IRONCLAD","items_purchased":["Brimstone","Clothesline","Ancient Tea Set","Pummel","FairyPotion","ClockworkSouvenir","Happy Flower","Shrug It Off"],"campfire_rested":1,"item_purchase_floors":[5,5,29,29,29,36,36,36],"current_hp_per_floor":[80,80,80,80,80,62,68,74,74,80,80,64,84,90,90,52,94,92,83,83,82,82,82,88,88,88,92,92,92,72,73,106,37,110,110,110,110,110,110,72,72,72,72,82,92,92,72,82,82,58],"gold":99,"neow_bonus":"HUNDRED_GOLD","is_prod":false,"is_daily":false,"chose_seed":false,"campfire_upgraded":7,"win_rate":0,"timestamp":1549128624,"path_taken":["M","?","M","M","?","E","M","E","T","M","?","?","E","M","R","BOSS","M","M","?","?","?","R","?","R","T","M","R","$","E","M","R","BOSS","M","$","?","M","M","E","?","R","T","M","M","R","E","M","R","BOSS"],"build_version":"2019-01-23","purchased_purges":1,"victory":true,"max_hp_per_floor":[80,80,80,80,80,80,80,80,80,80,80,80,94,94,94,94,94,94,94,94,104,104,104,110,110,110,110,110,110,110,110,110,110,110,110,110,110,110,110,110,110,110,110,110,110,110,110,110,110,110],"card_choices":[{"not_picked":["Sword Boomerang","Ghostly Armor"],"picked":"Clash","floor":1.0},{"not_picked":["Havoc","Armaments"],"picked":"Flex","floor":3.0},{"not_picked":["Wild Strike","Thunderclap"],"picked":"Inflame","floor":4.0},{"not_picked":["Blood for Blood","True Grit"],"picked":"Ghostly Armor","floor":6.0},{"not_picked":["Sentinel","Warcry"],"picked":"Clash","floor":7.0},{"not_picked":["Iron Wave","Entrench"],"picked":"Shockwave","floor":8.0},{"not_picked":["Armaments","Evolve","Warcry"],"picked":"Iron Wave","floor":10.0},{"not_picked":["Power Through","Feel No Pain","Twin Strike"],"picked":"Thunderclap","floor":11.0},{"not_picked":["Brutality","Armaments","Headbutt"],"picked":"Shrug It Off","floor":13.0},{"not_picked":["Fire Breathing","Burning Pact","Clash"],"picked":"Ghostly Armor","floor":14.0},{"not_picked":["Exhume","Demon Form","Dark Embrace"],"picked":"Limit Break","floor":16.0},{"not_picked":["True Grit","Heavy Blade","Cleave"],"picked":"Searing Blow+1","floor":18.0},{"not_picked":["Perfected Strike","True Grit","Sever Soul+1"],"picked":"Clash+1","floor":19.0},{"not_picked":["Thunderclap","Wild Strike","Bloodletting"],"picked":"Whirlwind+1","floor":21.0},{"not_picked":["Seeing Red","Sentinel+1","Inflame"],"picked":"Dual Wield","floor":27.0},{"not_picked":["Wild Strike+1","Bloodletting+1","Thunderclap"],"picked":"Double Tap","floor":30.0},{"not_picked":["Rampage","Pommel Strike","Clothesline"],"picked":"Warcry+1","floor":31.0},{"not_picked":["Brutality","Exhume","Immolate"],"picked":"Reaper","floor":33.0},{"not_picked":["Twin Strike","Iron Wave","Metallicize"],"picked":"Anger+1","floor":35},{"not_picked":["Reckless Charge+1","Twin Strike","Burning Pact+1"],"picked":"Ghostly Armor","floor":38},{"not_picked":["Rampage","Clothesline+1","Pommel Strike+1"],"picked":"Heavy Blade+1","floor":39},{"not_picked":["Evolve","Sword Boomerang","Uppercut+1"],"picked":"Barricade","floor":40},{"not_picked":["Shrug It Off","Rage+1","Body Slam"],"picked":"Disarm+1","floor":44},{"not_picked":["Spot Weakness+1","Flex+1","Uppercut"],"picked":"Seeing Red+1","floor":45},{"not_picked":["Combust","Warcry+1","Iron Wave"],"picked":"Twin Strike+1","floor":47},{"not_picked":["Second Wind","Armaments","Sever Soul"],"picked":"Pommel Strike+1","floor":48}],"player_experience":109786,"relics_obtained":[{"floor":6.0,"key":"Darkstone Periapt"},{"floor":8.0,"key":"Anchor"},{"floor":9.0,"key":"Question Card"},{"floor":13.0,"key":"Mango"},{"floor":21.0,"key":"Calipers"},{"floor":21.0,"key":"Pear"},{"floor":26.0,"key":"Pantograph"},{"floor":30.0,"key":"Old Coin"},{"floor":40,"key":"Kunai"},{"floor":43,"key":"Regal Pillow"},{"floor":47,"key":"Gremlin Horn"}],"event_choices":[{"cards_removed":["Defend_R"],"damage_healed":0.0,"max_hp_gain":0.0,"max_hp_loss":0.0,"gold_gain":0.0,"event_name":"Purifier","player_choice":"Purged","floor":2.0,"gold_loss":0.0,"damage_taken":0.0},{"damage_healed":0.0,"max_hp_gain":0.0,"max_hp_loss":0.0,"gold_gain":0.0,"event_name":"Shining Light","player_choice":"Entered Light","floor":12.0,"gold_loss":0.0,"damage_taken":16.0,"cards_upgraded":["Strike_R","Flex"]},{"damage_healed":0.0,"max_hp_gain":0.0,"max_hp_loss":0.0,"gold_gain":0.0,"cards_transformed":["Strike_R","Defend_R"],"event_name":"Drug Dealer","player_choice":"Became Test Subject","floor":20.0,"gold_loss":0.0,"damage_taken":0.0,"cards_obtained":["Immolate","Sentinel"]},{"damage_healed":0.0,"max_hp_gain":0.0,"max_hp_loss":0.0,"gold_gain":0.0,"event_name":"Colosseum","player_choice":"Fight","floor":21.0,"gold_loss":0.0,"damage_taken":0.0},{"damage_healed":0.0,"max_hp_gain":0.0,"max_hp_loss":0.0,"gold_gain":0.0,"event_name":"Colosseum","player_choice":"Fought Nobs","floor":21.0,"gold_loss":0.0,"damage_taken":0.0},{"cards_removed":["Strike_R"],"damage_healed":0.0,"max_hp_gain":0.0,"max_hp_loss":0.0,"gold_gain":0.0,"event_name":"Beggar","player_choice":"Gave Gold","floor":22.0,"gold_loss":75.0,"damage_taken":0.0},{"damage_healed":0.0,"max_hp_gain":0.0,"max_hp_loss":0.0,"gold_gain":0.0,"event_name":"The Mausoleum","player_choice":"Opened","floor":24.0,"gold_loss":0.0,"damage_taken":0.0,"relics_obtained":["Meat on the Bone"],"cards_obtained":["Writhe"]},{"cards_removed":["Inflame"],"damage_healed":0,"gold_gain":0,"player_choice":"Removed Power","damage_taken":0,"max_hp_gain":0,"max_hp_loss":0,"event_name":"Falling","floor":37,"gold_loss":0},{"damage_healed":0,"gold_gain":0,"player_choice":"Paid","damage_taken":0,"relics_obtained":["Red Mask"],"max_hp_gain":0,"max_hp_loss":0,"event_name":"Tomb of Lord Red Mask","floor":41,"gold_loss":92}],"is_beta":false,"boss_relics":[{"not_picked":["Runic Cube","Mark of Pain"],"picked":"Black Blood"},{"not_picked":["Orrery","Runic Dome"],"picked":"White Beast Statue"}],"items_purged_floors":[36],"is_endless":false,"potions_floor_spawned":[6,8,10,11,13,27,30,31,33,35,38,39,40,44,45,47,48],"ascension_level":1}