{"gold_per_floor":[112,112,127,127,127,158,170,201,201,201,3,17,27,38,38,133,183,202,63,81,100,100,100,126,126,153,164,184,199,213,138,138,242,242,259,259,277,377,75,100,100,133,133,31,31,4,4,23,23,23],"floor_reached":51,"playtime":3445,"items_purged":[],"score":948,"play_id":"e2a128df-a133-4668-8117-e29b00798acd","local_time":"20181107214602","is_ascension_mode":true,"campfire_choices":[{"data":"1","floor":10,"key":"LIFT"},{"data":"2","floor":15,"key":"LIFT"},{"data":"3","floor":23,"key":"LIFT"},{"floor":25,"key":"REST"},{"floor":32,"key":"REST"},{"data":"Corruption","floor":45,"key":"SMITH"},{"data":"Dark Embrace","floor":47,"key":"SMITH"},{"data":"Heavy Blade","floor":49,"key":"SMITH"}],"neow_cost":"NONE","seed_source_timestamp":1660502277425825,"circlet_count":0,"master_deck":["Strike_R","Strike_R","Strike_R","Strike_R","Defend_R","Defend_R","Defend_R","Defend_R","Bash+1","Armaments","Limit Break","Dark Shackles","Shrug It Off","Cleave","Flex","Whirlwind","Corruption+1","Dark Embrace+1","Sword Boomerang","Pommel Strike+1","Limit Break","Feel No Pain","Feed","Flex","Spot Weakness","Sword Boomerang+1","Immolate","Intimidate+1","Impervious","Madness","Madness","True Grit+1","Juggernaut","True Grit","Apotheosis","Pummel","Flash of Steel","Shockwave","Heavy Blade+1","Warcry"],"relics":["Burning Blood","NeowsBlessing","Champion Belt","Bird Faced Urn","Girya","Membership Card","Tiny House","DollysMirror","Centennial Puzzle","Bronze Scales","Coffee Dripper","Mango","Self Forming Clay","Anchor","WingedGreaves","OrangePellets"],"potions_floor_usage":[16,18,24,24,33,38,38],"damage_taken":[{"damage":0,"enemies":"Cultist","floor":1,"turns":1},{"damage":0,"enemies":"Small Slimes","floor":3,"turns":2},{"damage":0,"enemies":"Gremlin Nob","floor":6,"turns":1},{"damage":0,"enemies":"Jaw Worm","floor":7,"turns":4},{"damage":55,"enemies":"Lagavulin","floor":8,"turns":12},{"damage":7,"enemies":"Gremlin Gang","floor":12,"turns":4},{"damage":2,"enemies":"2 Fungi Beasts","floor":13,"turns":4},{"damage":3,"enemies":"Blue Slaver","floor":14,"turns":4},{"damage":44,"enemies":"Hexaghost","floor":16,"turns":10},{"damage":21,"enemies":"Shell Parasite","floor":18,"turns":4},{"damage":29,"enemies":"Spheric Guardian","floor":20,"turns":6},{"damage":10,"enemies":"Snake Plant","floor":21,"turns":4},{"damage":61,"enemies":"Slavers","floor":24,"turns":4},{"damage":13,"enemies":"Snecko","floor":27,"turns":3},{"damage":25,"enemies":"Centurion and Healer","floor":28,"turns":5},{"damage":9,"enemies":"Shelled Parasite and Fungi","floor":29,"turns":4},{"damage":7,"enemies":"Chosen and Byrds","floor":30,"turns":4},{"damage":9,"enemies":"Champ","floor":33,"turns":7},{"damage":8,"enemies":"3 Shapes","floor":35,"turns":5},{"damage":10,"enemies":"3 Darklings","floor":37,"turns":4},{"damage":15,"enemies":"Mind Bloom Boss Battle","floor":38,"turns":5},{"damage":13,"enemies":"Reptomancer","floor":40,"turns":3},{"damage":14,"enemies":"Giant Head","floor":42,"turns":6},{"damage":25,"enemies":"Sphere and 2 Shapes","floor":48,"turns":6},{"damage":10,"enemies":"Awakened One","floor":50,"turns":5}],"seed_played":"4892247457062851908","potions_obtained":[{"floor":12,"key":"BloodPotion"},{"floor":13,"key":"AttackPotion"},{"floor":14,"key":"SneckoOil"},{"floor":17,"key":"BloodPotion"},{"floor":27,"key":"Strength Potion"},{"floor":28,"key":"SpeedPotion"},{"floor":29,"key":"SpeedPotion"},{"floor":40,"key":"FearPotion"}],"is_trial":false,"path_per_floor":["M","?","M","?","?","E","M","E","T","R","$","M","M","M","R","B",null,"M","$","M","M","?","R","E","R","T","M","M","M","M","?","R","B",null,"M","?","M","?","$","E","?","E","T","$","R","$","R","M","R","B",null],"character_chosen":"IRONCLAD","items_purchased":["Membership Card","DollysMirror","Feel No Pain","Juggernaut","True Grit","Apotheosis","Pummel","Flash of Steel","Shockwave","OrangePellets","Warcry"],"campfire_rested":2,"item_purchase_floors":[11,19,19,39,39,39,39,39,39,44,46],"current_hp_per_floor":[80,80,80,85,85,85,85,36,36,36,36,35,39,42,42,14,90,77,77,60,60,60,60,16,43,43,36,26,29,34,34,61,67,96,96,84,82,93,93,88,88,86,86,86,86,86,86,75,75,83],"gold":23,"neow_bonus":"THREE_ENEMY_KILL","is_prod":false,"is_daily":false,"chose_seed":false,"campfire_upgraded":3,"win_rate":0,"timestamp":1541645162,"path_taken":["M","?","?","?","?","E","M","E","T","R","?","M","M","M","R","BOSS","M","$","?","?","?","R","E","R","T","M","M","M","M","?","R","BOSS","M","?","M","?","$","E","?","E","T","$","R","?","R","M","R","BOSS"],"build_version":"2018-11-01","purchased_purges":0,"victory":true,"max_hp_per_floor":[80,80,80,85,85,85,85,85,85,85,85,85,85,85,85,85,90,90,90,90,90,90,90,90,90,90,90,93,93,93,93,93,96,96,96,96,96,110,110,110,110,110,110,110,110,110,110,110,110,114],"card_choices":[{"not_picked":["Clothesline","Havoc"],"picked":"Armaments","floor":1},{"not_picked":["Blood for Blood","Clash","Uppercut"],"picked":"SKIP","floor":3},{"not_picked":["Anger","Heavy Blade"],"picked":"Shrug It Off","floor":6},{"not_picked":["Anger","Heavy Blade"],"picked":"Cleave","floor":7},{"not_picked":["Wild Strike","Rage"],"picked":"Flex","floor":8},{"not_picked":["Burning Pact","Headbutt","Armaments"],"picked":"SKIP","floor":12},{"not_picked":["Headbutt","Body Slam"],"picked":"Whirlwind","floor":13},{"not_picked":["Anger","Dark Embrace"],"picked":"Corruption","floor":14},{"not_picked":["Reaper","Brutality"],"picked":"Dark Embrace","floor":16},{"not_picked":["Perfected Strike","Feel No Pain"],"picked":"Sword Boomerang","floor":17},{"not_picked":["Perfected Strike","Clothesline+1"],"picked":"Pommel Strike+1","floor":18},{"not_picked":["Seeing Red","Iron Wave"],"picked":"Feed","floor":20},{"not_picked":["Perfected Strike","Havoc"],"picked":"Flex","floor":21},{"not_picked":["Thunderclap","Perfected Strike"],"picked":"Spot Weakness","floor":24},{"not_picked":["Reckless Charge","Anger+1"],"picked":"Sword Boomerang+1","floor":27},{"not_picked":["Entrench","Warcry","Cleave"],"picked":"SKIP","floor":28},{"not_picked":["Dual Wield","Havoc"],"picked":"Immolate","floor":29},{"not_picked":["Havoc","Pommel Strike"],"picked":"Intimidate+1","floor":30},{"not_picked":["Feed","Immolate"],"picked":"Impervious","floor":33},{"not_picked":["Warcry","Metallicize","Havoc"],"picked":"SKIP","floor":35},{"not_picked":["Wild Strike","Intimidate"],"picked":"True Grit+1","floor":37},{"not_picked":["Havoc+1","Infernal Blade+1","Headbutt"],"picked":"SKIP","floor":40},{"not_picked":["Clothesline+1","Headbutt"],"picked":"Heavy Blade","floor":42},{"not_picked":["Reckless Charge","Burning Pact+1","Shockwave+1"],"picked":"SKIP","floor":48}],"player_experience":1088745,"relics_obtained":[{"floor":6,"key":"Champion Belt"},{"floor":8,"key":"Bird Faced Urn"},{"floor":9,"key":"Girya"},{"floor":24,"key":"Centennial Puzzle"},{"floor":26,"key":"Bronze Scales"},{"floor":38,"key":"Mango"},{"floor":40,"key":"Self Forming Clay"},{"floor":42,"key":"Anchor"},{"floor":43,"key":"WingedGreaves"}],"event_choices":[{"damage_healed":0,"gold_gain":0,"player_choice":"2 cards matched","damage_taken":0,"max_hp_gain":0,"max_hp_loss":0,"event_name":"Match and Keep!","floor":2,"gold_loss":0,"cards_obtained":["Limit Break","Dark Shackles"]},{"damage_healed":0,"gold_gain":0,"player_choice":"Donut","damage_taken":0,"max_hp_gain":5,"max_hp_loss":0,"event_name":"Big Fish","floor":4,"gold_loss":0},{"damage_healed":0,"gold_gain":0,"player_choice":"Ignored","damage_taken":0,"max_hp_gain":0,"max_hp_loss":0,"event_name":"Golden Wing","floor":5,"gold_loss":0},{"damage_healed":0,"gold_gain":0,"player_choice":"Ignored","damage_taken":0,"max_hp_gain":0,"max_hp_loss":0,"event_name":"Ghosts","floor":22,"gold_loss":0},{"cards_removed":["Strike_R"],"damage_healed":0,"gold_gain":0,"player_choice":"Gave Gold","damage_taken":0,"max_hp_gain":0,"max_hp_loss":0,"event_name":"Beggar","floor":31,"gold_loss":75},{"damage_healed":0,"gold_gain":0,"player_choice":"Embrace Madness","damage_taken":12,"max_hp_gain":0,"max_hp_loss":0,"event_name":"Winding Halls","floor":36,"gold_loss":0,"cards_obtained":["Madness","Madness"]},{"damage_healed":0,"gold_gain":0,"player_choice":"Fight","damage_taken":0,"max_hp_gain":0,"max_hp_loss":0,"event_name":"MindBloom","floor":38,"gold_loss":0},{"damage_healed":0,"gold_gain":0,"player_choice":"Ignored","damage_taken":0,"max_hp_gain":0,"max_hp_loss":0,"event_name":"Tomb of Lord Red Mask","floor":41,"gold_loss":0}],"is_beta":false,"boss_relics":[{"not_picked":["Ectoplasm","Runic Pyramid"],"picked":"Tiny House"},{"not_picked":["Calling Bell","Pandora\u0027s Box"],"picked":"Coffee Dripper"}],"items_purged_floors":[],"is_endless":false,"potions_floor_spawned":[12,13,14,27,28,29,30,40],"ascension_level":3}