{"gold_per_floor":[118,128,128,77,87,87,113,113,113,113,113,139,154,164,164,261,261,272,50,50,50,66,66,85,85,85,104,104,136,147,161,161,261,261,278,296,16,16,30,30,54,454,454,454,464,497,497,51,51,51],"floor_reached":51,"playtime":6439,"items_purged":["Strike_R","Strike_R"],"score":705,"play_id":"d0c7273b-8cd7-4d8d-bddf-1535648c8289","local_time":"20190221214251","is_ascension_mode":false,"campfire_choices":[{"data":"Perfected Strike","floor":6.0,"key":"SMITH"},{"data":"True Grit","floor":8.0,"key":"SMITH"},{"floor":11.0,"key":"REST"},{"data":"Bash","floor":15.0,"key":"SMITH"},{"data":"Combust","floor":23.0,"key":"SMITH"},{"data":"Limit Break","floor":25.0,"key":"SMITH"},{"data":"Disarm","floor":28.0,"key":"SMITH"},{"floor":32.0,"key":"REST"},{"data":"Clothesline","floor":40,"key":"SMITH"},{"floor":44,"key":"REST"},{"data":"Demon Form","floor":47,"key":"SMITH"},{"floor":49,"key":"REST"}],"neow_cost":"NONE","seed_source_timestamp":0,"circlet_count":0,"master_deck":["Strike_R","Strike_R","Strike_R","Defend_R","Defend_R","Defend_R","Bash+1","True Grit+1","Perfected Strike+1","Cleave","Metallicize","Disarm+1","Shrug It Off","Combust+1","Demon Form+1","Iron Wave+1","Offering","Evolve","Purity","Limit Break+1","Shrug It Off","Headbutt","Clothesline+1","Heavy Blade","Warcry","Shrug It Off+1","Power Through","Intimidate","Thunderclap+1","Shrug It Off+1","Battle Trance","Dark Embrace"],"special_seed":0,"relics":["Burning Blood","FossilizedHelix","Unceasing Top","Dream Catcher","Orichalcum","Mark of Pain","WingedGreaves","Darkstone Periapt","Velvet Choker","Bag of Marbles","Old Coin","Art of War","Bottled Tornado","Regal Pillow","HandDrill"],"potions_floor_usage":[39,50,50,50],"damage_taken":[{"damage":5.0,"enemies":"Small Slimes","floor":1.0,"turns":4.0},{"damage":2.0,"enemies":"2 Louse","floor":2.0,"turns":3.0},{"damage":0.0,"enemies":"Cultist","floor":5.0,"turns":3.0},{"damage":26.0,"enemies":"3 Sentries","floor":7.0,"turns":8.0},{"damage":18.0,"enemies":"Gremlin Nob","floor":12.0,"turns":5.0},{"damage":0.0,"enemies":"2 Fungi Beasts","floor":13.0,"turns":3.0},{"damage":0.0,"enemies":"Exordium Wildlife","floor":14.0,"turns":4.0},{"damage":27.0,"enemies":"The Guardian","floor":16.0,"turns":13.0},{"damage":3.0,"enemies":"3 Byrds","floor":18.0,"turns":5.0},{"damage":1.0,"enemies":"Chosen","floor":22.0,"turns":5.0},{"damage":11.0,"enemies":"Snake Plant","floor":24.0,"turns":4.0},{"damage":22.0,"enemies":"Snecko","floor":27.0,"turns":6.0},{"damage":16.0,"enemies":"Book of Stabbing","floor":29.0,"turns":7.0},{"damage":10.0,"enemies":"3 Cultists","floor":30.0,"turns":5.0},{"damage":6.0,"enemies":"Snake Plant","floor":31.0,"turns":7.0},{"damage":29.0,"enemies":"Champ","floor":33.0,"turns":8.0},{"damage":22.0,"enemies":"3 Darklings","floor":35.0,"turns":5.0},{"damage":11.0,"enemies":"3 Shapes","floor":36.0,"turns":4.0},{"damage":28,"enemies":"Transient","floor":39,"turns":5},{"damage":0,"enemies":"Mind Bloom Boss Battle","floor":42,"turns":8},{"damage":0,"enemies":"Writhing Mass","floor":45,"turns":7},{"damage":34,"enemies":"Nemesis","floor":46,"turns":9},{"damage":58,"enemies":"Time Eater","floor":50,"turns":10}],"seed_played":"-5801903279480989944","potions_obtained":[{"floor":0.0,"key":"Swift Potion"},{"floor":0.0,"key":"SkillPotion"},{"floor":0.0,"key":"SmokeBomb"},{"floor":13.0,"key":"Fire Potion"},{"floor":14.0,"key":"AttackPotion"},{"floor":18.0,"key":"Explosive Potion"},{"floor":29.0,"key":"Strength Potion"},{"floor":30.0,"key":"Fruit Juice"},{"floor":31.0,"key":"Poison Potion"},{"floor":36.0,"key":"SpeedPotion"},{"floor":46,"key":"BloodPotion"}],"is_trial":false,"path_per_floor":["M","M","?","$","M","R","E","R","T","?","R","E","M","M","R","B",null,"M","$","?","?","M","R","M","R","T","M","R","E","M","M","R","B",null,"M","M","$","?","M","R","T","?","T","R","M","E","R","$","R","B",null],"character_chosen":"IRONCLAD","items_purchased":["Cleave","Offering","Evolve","Power Through","Intimidate","Strength Potion","Regal Pillow","HandDrill"],"campfire_rested":4,"item_purchase_floors":[4,19,19,37,37,37,48,48],"current_hp_per_floor":[80,80,73,73,79,79,59,59,59,52,76,64,70,76,76,55,80,80,80,80,80,80,80,75,75,75,59,59,49,50,50,75,52,85,69,64,64,64,42,42,42,48,48,73,79,51,51,51,85,41],"gold":51,"neow_bonus":"THREE_SMALL_POTIONS","is_prod":false,"is_daily":false,"chose_seed":false,"campfire_upgraded":8,"win_rate":0,"timestamp":1550778171,"path_taken":["M","M","?","$","M","R","E","R","T","?","R","E","M","M","R","BOSS","M","$","?","?","M","R","M","R","T","M","R","E","M","?","R","BOSS","M","M","$","?","M","R","?","?","T","R","M","E","R","?","R","BOSS"],"build_version":"2019-01-23","purchased_purges":2,"victory":true,"max_hp_per_floor":[80,80,80,80,80,80,80,80,80,80,80,80,80,80,80,80,80,80,80,80,80,80,80,80,80,80,80,80,80,85,85,85,85,85,85,85,85,85,85,85,85,85,85,85,85,85,85,85,85,85],"card_choices":[{"not_picked":["Flex","Body Slam"],"picked":"True Grit","floor":1.0},{"not_picked":["Shrug It Off","Clash"],"picked":"Perfected Strike","floor":2.0},{"not_picked":["Perfected Strike","Sever Soul"],"picked":"Metallicize","floor":5.0},{"not_picked":["Heavy Blade","Pummel","Metallicize"],"picked":"SKIP","floor":7.0},{"not_picked":["True Grit","Barricade"],"picked":"Disarm","floor":11.0},{"not_picked":["Body Slam","Twin Strike","Sword Boomerang"],"picked":"SKIP","floor":12.0},{"not_picked":["Perfected Strike","Cleave"],"picked":"Shrug It Off","floor":13.0},{"not_picked":["Thunderclap","Warcry"],"picked":"Combust","floor":14.0},{"not_picked":["Barricade","Berserk"],"picked":"Demon Form","floor":16.0},{"not_picked":["Thunderclap","Pommel Strike"],"picked":"Iron Wave+1","floor":18.0},{"not_picked":["Pommel Strike","Wild Strike+1"],"picked":"Headbutt","floor":22.0},{"not_picked":["Evolve","Corruption+1"],"picked":"Clothesline","floor":24.0},{"not_picked":["Havoc","Blood for Blood","Clash"],"picked":"SKIP","floor":27.0},{"not_picked":["Headbutt","Fire Breathing+1"],"picked":"Heavy Blade","floor":29.0},{"not_picked":["Anger+1","Twin Strike","Seeing Red"],"picked":"SKIP","floor":30.0},{"not_picked":["Sever Soul+1","Rage+1"],"picked":"Warcry","floor":31.0},{"not_picked":["Perfected Strike","Body Slam"],"picked":"Shrug It Off+1","floor":32.0},{"not_picked":["Heavy Blade+1","Anger+1","Cleave"],"picked":"SKIP","floor":35.0},{"not_picked":["Headbutt+1","Rage","Spot Weakness"],"picked":"SKIP","floor":36.0},{"not_picked":["Pummel","Wild Strike","Sever Soul+1"],"picked":"SKIP","floor":39},{"not_picked":["Cleave","Pommel Strike"],"picked":"Thunderclap+1","floor":44},{"not_picked":["Pommel Strike","Havoc"],"picked":"Shrug It Off+1","floor":45},{"not_picked":["Clothesline","Havoc"],"picked":"Battle Trance","floor":46},{"not_picked":["Battle Trance","Twin Strike+1"],"picked":"Dark Embrace","floor":49}],"player_experience":481732,"relics_obtained":[{"floor":7.0,"key":"FossilizedHelix"},{"floor":9.0,"key":"Unceasing Top"},{"floor":12.0,"key":"Orichalcum"},{"floor":26.0,"key":"WingedGreaves"},{"floor":29.0,"key":"Darkstone Periapt"},{"floor":41,"key":"Bag of Marbles"},{"floor":42,"key":"Old Coin"},{"floor":43,"key":"Art of War"},{"floor":46,"key":"Bottled Tornado"}],"event_choices":[{"cards_removed":["Defend_R"],"damage_healed":0.0,"max_hp_gain":0.0,"max_hp_loss":0.0,"gold_gain":0.0,"event_name":"Golden Wing","player_choice":"Card Removal","floor":3.0,"gold_loss":0.0,"damage_taken":7.0},{"damage_healed":0.0,"max_hp_gain":0.0,"max_hp_loss":0.0,"gold_gain":0.0,"event_name":"Scrap Ooze","player_choice":"Success","floor":10.0,"gold_loss":0.0,"damage_taken":7.0,"relics_obtained":["Dream Catcher"]},{"damage_healed":0.0,"max_hp_gain":0.0,"max_hp_loss":0.0,"gold_gain":0.0,"event_name":"Beggar","player_choice":"Ignored","floor":20.0,"gold_loss":0.0,"damage_taken":0.0},{"damage_healed":0.0,"max_hp_gain":0.0,"max_hp_loss":0.0,"gold_gain":0.0,"event_name":"Match and Keep!","player_choice":"3 cards matched","floor":21.0,"gold_loss":0.0,"damage_taken":0.0,"cards_obtained":["Purity","Limit Break","Shrug It Off"]},{"damage_healed":0.0,"max_hp_gain":0.0,"max_hp_loss":0.0,"gold_gain":0.0,"event_name":"Match and Keep!","player_choice":"3 cards matched","floor":21.0,"gold_loss":0.0,"damage_taken":0.0,"cards_obtained":["Purity","Limit Break","Shrug It Off"]},{"damage_healed":0,"gold_gain":0,"player_choice":"Memory 1","damage_taken":0,"max_hp_gain":0,"max_hp_loss":0,"event_name":"SensoryStone","floor":38,"gold_loss":0},{"damage_healed":0,"gold_gain":0,"player_choice":"Fight","damage_taken":0,"max_hp_gain":0,"max_hp_loss":0,"event_name":"MindBloom","floor":42,"gold_loss":0}],"is_beta":false,"boss_relics":[{"not_picked":["Astrolabe","Fusion Hammer"],"picked":"Mark of Pain"},{"not_picked":["Lizard Tail","Eternal Feather"],"picked":"Velvet Choker"}],"items_purged_floors":[37,48],"is_endless":false,"potions_floor_spawned":[13,14,16,18,29,30,31,36,46],"ascension_level":0}