{"gold_per_floor":[15,30,49,69,82,82,117,117,117,133,145,157,190,190,190,291,291,305,305,315,315,334,360,376,387,414,414,428,448,448,464,464,464],"floor_reached":33,"playtime":7240,"items_purged":[],"score":337,"play_id":"a59f5c49-013c-45a1-b010-d500e6eec802","local_time":"20190114183549","is_ascension_mode":false,"campfire_choices":[{"data":"Brutality","floor":6,"key":"SMITH"},{"data":"Barricade","floor":8,"key":"SMITH"},{"floor":15,"key":"REST"},{"floor":27,"key":"REST"},{"data":"Berserk","floor":30,"key":"SMITH"},{"floor":32,"key":"REST"}],"neow_cost":"NO_GOLD","seed_source_timestamp":494859620149627,"circlet_count":0,"master_deck":["Strike_R+1","Strike_R+1","Defend_R+1","Defend_R+1","Bash","Pommel Strike","Bludgeon","Fire Breathing","Entrench","Pommel Strike","Pommel Strike","Brutality+1","Barricade+1","Dual Wield","Power Through","Anger","Battle Trance","Impervious","Feel No Pain+1","Pummel+1","Thunderclap+1","Seeing Red+1","Whirlwind","Ghostly Armor+1","Berserk+1","Body Slam+1","Infernal Blade","Reckless Charge+1","Flex+1","Reckless Charge+1"],"relics":["Burning Blood","Vajra","Bronze Scales","Bag of Preparation","Ornamental Fan","Astrolabe","Bag of Marbles","Red Skull"],"potions_floor_usage":[5,7,12,23,25,25,33,33],"damage_taken":[{"damage":5,"enemies":"Small Slimes","floor":1,"turns":3},{"damage":6,"enemies":"Jaw Worm","floor":2,"turns":2},{"damage":5,"enemies":"2 Louse","floor":3,"turns":2},{"damage":13,"enemies":"2 Fungi Beasts","floor":4,"turns":3},{"damage":13,"enemies":"Lots of Slimes","floor":5,"turns":6},{"damage":35,"enemies":"3 Sentries","floor":7,"turns":6},{"damage":10,"enemies":"Looter","floor":10,"turns":3},{"damage":12,"enemies":"Blue Slaver","floor":11,"turns":4},{"damage":7,"enemies":"2 Fungi Beasts","floor":12,"turns":3},{"damage":9,"enemies":"Gremlin Nob","floor":13,"turns":4},{"damage":8,"enemies":"Hexaghost","floor":16,"turns":9},{"damage":24,"enemies":"Spheric Guardian","floor":18,"turns":4},{"damage":3,"enemies":"3 Byrds","floor":20,"turns":4},{"damage":19,"enemies":"Centurion and Healer","floor":22,"turns":8},{"damage":41,"enemies":"Book of Stabbing","floor":23,"turns":7},{"damage":15,"enemies":"Sentry and Sphere","floor":24,"turns":6},{"damage":0,"enemies":"Snecko","floor":25,"turns":3},{"damage":6,"enemies":"3 Cultists","floor":28,"turns":3},{"damage":6,"enemies":"Cultist and Chosen","floor":29,"turns":3},{"damage":17,"enemies":"Sentry and Sphere","floor":31,"turns":3},{"damage":51,"enemies":"Collector","floor":33,"turns":8}],"seed_played":"8382706784222062810","potions_obtained":[{"floor":3,"key":"Regen Potion"},{"floor":4,"key":"Block Potion"},{"floor":11,"key":"Energy Potion"},{"floor":13,"key":"Explosive Potion"},{"floor":20,"key":"Swift Potion"},{"floor":24,"key":"LiquidBronze"},{"floor":28,"key":"LiquidBronze"},{"floor":31,"key":"Dexterity Potion"}],"is_trial":false,"path_per_floor":["M","M","M","M","M","R","E","R","T","M","M","M","E","?","R","B",null,"M","?","M","?","M","E","M","M","T","R","M","M","R","M","R","B"],"character_chosen":"IRONCLAD","items_purchased":[],"campfire_rested":3,"item_purchase_floors":[],"current_hp_per_floor":[80,80,80,73,66,66,52,52,52,48,42,41,38,31,55,53,80,62,62,65,65,52,17,8,14,14,38,38,38,38,27,51,0],"gold":464,"neow_bonus":"TRANSFORM_TWO_CARDS","is_prod":false,"is_daily":false,"chose_seed":false,"campfire_upgraded":3,"win_rate":0.0,"timestamp":1547519749,"path_taken":["M","M","M","M","M","R","E","R","T","M","M","M","E","?","R","BOSS","M","?","M","?","M","E","M","M","T","R","M","M","R","M","R","BOSS"],"build_version":"2019-01-10","purchased_purges":0,"victory":false,"max_hp_per_floor":[80,80,80,80,80,80,80,80,80,80,80,80,80,80,80,80,80,80,80,80,80,80,80,80,80,80,80,80,80,80,80,80,80],"card_choices":[{"not_picked":["Clash","Thunderclap"],"picked":"Fire Breathing","floor":1},{"not_picked":["Anger","Second Wind"],"picked":"Entrench","floor":2},{"not_picked":["Uppercut","Flex"],"picked":"Pommel Strike","floor":3},{"not_picked":["Iron Wave","Sword Boomerang"],"picked":"Pommel Strike","floor":4},{"not_picked":["Fire Breathing","Anger"],"picked":"Brutality","floor":5},{"not_picked":["Burning Pact","Bloodletting"],"picked":"Barricade","floor":7},{"not_picked":["Searing Blow","Wild Strike"],"picked":"Dual Wield","floor":10},{"not_picked":["Feel No Pain","Iron Wave"],"picked":"Power Through","floor":11},{"not_picked":["Second Wind","Armaments"],"picked":"Anger","floor":12},{"not_picked":["Twin Strike","Bludgeon"],"picked":"Battle Trance","floor":13},{"not_picked":["Bludgeon","Berserk"],"picked":"Impervious","floor":16},{"not_picked":["Headbutt","Cleave"],"picked":"Seeing Red+1","floor":18},{"not_picked":["Feel No Pain","True Grit"],"picked":"Whirlwind","floor":20},{"not_picked":["Feel No Pain+1","Pummel"],"picked":"Ghostly Armor+1","floor":22},{"not_picked":["Fiend Fire","Thunderclap"],"picked":"Berserk","floor":23},{"not_picked":["Shrug It Off","Seeing Red"],"picked":"Body Slam+1","floor":24},{"not_picked":["Pommel Strike+1","Disarm+1"],"picked":"Infernal Blade","floor":25},{"not_picked":["Clash","Heavy Blade"],"picked":"Reckless Charge+1","floor":28},{"not_picked":["Iron Wave+1","Pummel"],"picked":"Flex+1","floor":29},{"not_picked":["Sever Soul","Warcry"],"picked":"Reckless Charge+1","floor":31}],"player_experience":28503,"relics_obtained":[{"floor":7,"key":"Vajra"},{"floor":9,"key":"Bronze Scales"},{"floor":13,"key":"Bag of Preparation"},{"floor":23,"key":"Bag of Marbles"},{"floor":26,"key":"Red Skull"}],"event_choices":[{"damage_healed":0,"gold_gain":0,"player_choice":"Success","damage_taken":7,"relics_obtained":["Ornamental Fan"],"max_hp_gain":0,"max_hp_loss":0,"event_name":"Scrap Ooze","floor":14,"gold_loss":0},{"damage_healed":0,"gold_gain":0,"player_choice":"Simplicity","damage_taken":0,"max_hp_gain":0,"max_hp_loss":0,"event_name":"Back to Basics","floor":19,"gold_loss":0,"cards_upgraded":["Strike_R","Strike_R","Defend_R","Defend_R"]},{"damage_healed":0,"gold_gain":0,"player_choice":"Ignored","damage_taken":0,"max_hp_gain":0,"max_hp_loss":0,"event_name":"The Mausoleum","floor":21,"gold_loss":0}],"is_beta":false,"boss_relics":[{"not_picked":["White Beast Statue","Runic Pyramid"],"picked":"Astrolabe"}],"items_purged_floors":[],"is_endless":false,"potions_floor_spawned":[3,4,11,13,20,24,28,31],"killed_by":"Collector","ascension_level":0}