{"path_per_floor":["M","?","M","M","M","R","M","R","T","E","M"],"character_chosen":"IRONCLAD","items_purchased":[],"gold_per_floor":[113,113,129,140,156,156,171,171,216,242,258,258],"floor_reached":12,"campfire_rested":0,"playtime":592,"item_purchase_floors":[],"current_hp_per_floor":[72,72,70,72,68,68,68,68,68,63,48,0],"items_purged":[],"gold":258,"score":127,"play_id":"73a289ab-deaf-4137-b7fa-1305f22e86f0","local_time":"20180519192349","is_prod":false,"is_daily":false,"chose_seed":false,"is_ascension_mode":true,"campfire_upgraded":2,"timestamp":1526772229,"campfire_choices":[{"data":"Blood for Blood","floor":6,"key":"SMITH"},{"data":"True Grit","floor":8,"key":"SMITH"}],"path_taken":["M","?","?","M","M","R","M","R","T","E","M","E"],"build_version":"2018-05-18","seed_source_timestamp":914905003346961,"purchased_purges":0,"victory":false,"master_deck":["Strike_R","Strike_R","Defend_R","Defend_R","Defend_R","Defend_R","Bash","AscendersBane","Fire Breathing","Blood for Blood+1","Cleave","Rage","True Grit+1","Shrug It Off","Spot Weakness","Seeing Red","Burning Pact","Battle Trance"],"max_hp_per_floor":[72,72,72,72,72,72,72,72,72,72,72,72],"relics":["Burning Blood","Blood Vial","Question Card"],"card_choices":[{"not_picked":["Rage","Corruption"],"picked":"Cleave","floor":1},{"not_picked":["Heavy Blade","Sword Boomerang"],"picked":"True Grit","floor":3},{"not_picked":["Warcry","Clash"],"picked":"Shrug It Off","floor":4},{"not_picked":["Pummel","Warcry"],"picked":"Spot Weakness","floor":5},{"not_picked":["Entrench","Hemokinesis","Seeing Red"],"picked":"SKIP","floor":7},{"not_picked":["Entrench","Hemokinesis"],"picked":"Seeing Red","floor":7},{"not_picked":["Dual Wield","Burning Pact","Clash"],"picked":"SKIP","floor":10},{"not_picked":["Dual Wield","Clash"],"picked":"Burning Pact","floor":10},{"not_picked":["Flex","Warcry","Twin Strike"],"picked":"Battle Trance","floor":11}],"player_experience":208826,"potions_floor_usage":[10,11,11],"damage_taken":[{"damage":6,"enemies":"Cultist","floor":1,"turns":3},{"damage":8,"enemies":"Jaw Worm","floor":3,"turns":3},{"damage":0,"enemies":"2 Louse","floor":4,"turns":3},{"damage":10,"enemies":"Exordium Wildlife","floor":5,"turns":5},{"damage":6,"enemies":"Looter","floor":7,"turns":3},{"damage":13,"enemies":"3 Sentries","floor":10,"turns":6},{"damage":23,"enemies":"Gremlin Gang","floor":11,"turns":4},{"damage":74,"enemies":"Gremlin Nob","floor":12,"turns":5}],"relics_obtained":[{"floor":9,"key":"Blood Vial"},{"floor":10,"key":"Question Card"}],"event_choices":[{"event_name":"Transmorgrifier","player_choice":"Transform","floor":2,"damage_taken":0}],"boss_relics":[],"items_purged_floors":[],"potions_floor_spawned":[1,7,10],"seed_played":"5482927355230352866","killed_by":"Gremlin Nob","ascension_level":11,"potions_obtained":[{"floor":1,"key":"AttackPotion"},{"floor":7,"key":"LiquidBronze"},{"floor":10,"key":"Fire Potion"}],"is_trial":false}