{"path_per_floor":["M","M","$","?","?","R","E","M","T","E","$","$","R","E","R","B",null,"M","M","$","?","M","R","M","R","T","M","E","R","M","M","R","B",null,"M","?","?","?","$","R","M","E","T","R","E","?","M","M","R"],"character_chosen":"IRONCLAD","items_purchased":["Bag of Marbles","True Grit","Feel No Pain","Mercury Hourglass"],"gold_per_floor":[114,126,126,126,126,126,154,170,170,197,41,41,41,74,74,175,175,186,203,36,36,56,56,68,68,146,158,184,184,198,212,212,310,310,326,326,326,326,64,64,82,113,140,140,175,175,194,212,212,212],"floor_reached":50,"campfire_rested":2,"playtime":2842,"item_purchase_floors":[11,20,20,39],"current_hp_per_floor":[36,27,27,53,53,53,45,51,51,52,52,52,52,56,56,42,78,61,62,62,62,64,64,60,60,60,62,34,34,36,38,65,24,74,76,76,76,76,76,76,78,74,74,74,45,74,69,44,72,0],"items_purged":["Strike_R"],"gold":212,"score":859,"play_id":"49c5fb69-3ee2-4994-8f51-e74870f419f8","local_time":"20180519072028","is_prod":false,"is_daily":false,"chose_seed":false,"is_ascension_mode":true,"campfire_upgraded":8,"timestamp":1526728828,"campfire_choices":[{"data":"Carnage","floor":6,"key":"SMITH"},{"data":"Bash","floor":13,"key":"SMITH"},{"data":"Shrug It Off","floor":15,"key":"SMITH"},{"data":"Juggernaut","floor":23,"key":"SMITH"},{"data":"True Grit","floor":25,"key":"SMITH"},{"data":"Feel No Pain","floor":29,"key":"SMITH"},{"floor":32,"key":"REST"},{"data":"Feel No Pain","floor":40,"key":"SMITH"},{"data":"Feel No Pain","floor":44,"key":"SMITH"},{"floor":49,"key":"REST"}],"path_taken":["M","?","$","?","?","R","E","M","T","E","?","$","R","E","R","BOSS","M","M","$","?","M","R","M","R","T","M","E","R","M","M","R","BOSS","M","?","?","?","$","R","M","E","T","R","E","?","?","M","R","BOSS"],"build_version":"2018-05-18","seed_source_timestamp":869276019964436,"purchased_purges":1,"victory":false,"master_deck":["Defend_R","Defend_R","Defend_R","Defend_R","Bash+1","AscendersBane","Shrug It Off+1","Carnage+1","Feel No Pain+1","Offering","Juggernaut+1","Thunderclap","True Grit+1","Feel No Pain+1","Second Wind","Fiend Fire","Feel No Pain+1","Reckless Charge","Power Through","Offering","Body Slam","Seeing Red","Rampage+1","Entrench","Writhe"],"max_hp_per_floor":[80,80,80,80,80,80,80,80,80,90,90,90,90,90,90,90,90,90,90,90,90,90,90,90,90,90,90,90,90,90,90,90,90,90,90,90,90,90,90,90,90,90,90,90,90,96,96,96,96,96],"relics":["Burning Blood","Thread and Needle","Darkstone Periapt","Pear","Bag of Marbles","Bag of Preparation","Mark of Pain","Self Forming Clay","Art of War","Snecko Eye","Mercury Hourglass","Happy Flower","Pen Nib","Matryoshka"],"card_choices":[{"not_picked":["Spot Weakness","Dropkick"],"picked":"Shrug It Off","floor":1},{"not_picked":["Evolve","Warcry"],"picked":"Carnage","floor":2},{"not_picked":["Sword Boomerang","Clothesline"],"picked":"Headbutt","floor":7},{"not_picked":["Shrug It Off","True Grit"],"picked":"Feel No Pain","floor":8},{"not_picked":["Dropkick","Havoc","Intimidate"],"picked":"SKIP","floor":10},{"not_picked":["Feed","Uppercut"],"picked":"Offering","floor":14},{"not_picked":["Bludgeon","Berserk"],"picked":"Juggernaut","floor":16},{"not_picked":["Blood for Blood","Disarm","Heavy Blade"],"picked":"SKIP","floor":18},{"not_picked":["Armaments","Dual Wield"],"picked":"Thunderclap","floor":19},{"not_picked":["Power Through","Cleave"],"picked":"Second Wind","floor":22},{"not_picked":["Sever Soul","Sentinel+1"],"picked":"Fiend Fire","floor":24},{"not_picked":["Heavy Blade","Sever Soul"],"picked":"Feel No Pain","floor":27},{"not_picked":["Headbutt+1","Blood for Blood"],"picked":"Reckless Charge","floor":28},{"not_picked":["Thunderclap","Pummel"],"picked":"Power Through","floor":30},{"not_picked":["Cleave","Pummel","Heavy Blade+1"],"picked":"SKIP","floor":31},{"not_picked":["Limit Break","Immolate"],"picked":"Offering","floor":33},{"not_picked":["Wild Strike","Combust+1"],"picked":"Body Slam","floor":35},{"not_picked":["Body Slam+1","Flex+1"],"picked":"Rampage+1","floor":41},{"not_picked":["Armaments+1","Bloodletting"],"picked":"Entrench","floor":42},{"not_picked":["Dropkick+1","Sword Boomerang+1","Whirlwind+1"],"picked":"SKIP","floor":45},{"not_picked":["Uppercut","True Grit","Clothesline"],"picked":"SKIP","floor":47},{"not_picked":["Clash","Cleave","Armaments+1"],"picked":"SKIP","floor":48}],"player_experience":204363,"potions_floor_usage":[16,27,33,33,33,45,50,50],"damage_taken":[{"damage":6,"enemies":"Cultist","floor":1,"turns":5},{"damage":15,"enemies":"Small Slimes","floor":2,"turns":5},{"damage":14,"enemies":"3 Sentries","floor":7,"turns":6},{"damage":0,"enemies":"Jaw Worm","floor":8,"turns":2},{"damage":15,"enemies":"Lagavulin","floor":10,"turns":5},{"damage":2,"enemies":"3 Sentries","floor":14,"turns":8},{"damage":20,"enemies":"The Guardian","floor":16,"turns":13},{"damage":23,"enemies":"3 Byrds","floor":18,"turns":6},{"damage":5,"enemies":"Spheric Guardian","floor":19,"turns":3},{"damage":4,"enemies":"Snecko","floor":22,"turns":5},{"damage":10,"enemies":"Centurion and Healer","floor":24,"turns":4},{"damage":4,"enemies":"3 Cultists","floor":27,"turns":5},{"damage":34,"enemies":"Gremlin Leader","floor":28,"turns":8},{"damage":4,"enemies":"Snake Plant","floor":30,"turns":2},{"damage":4,"enemies":"Sentry and Sphere","floor":31,"turns":4},{"damage":47,"enemies":"Automaton","floor":33,"turns":10},{"damage":4,"enemies":"Flame Bruiser 1 Orb","floor":35,"turns":2},{"damage":4,"enemies":"3 Shapes","floor":41,"turns":3},{"damage":10,"enemies":"2 Orb Walkers","floor":42,"turns":3},{"damage":35,"enemies":"Giant Head","floor":45,"turns":8},{"damage":11,"enemies":"Spire Growth","floor":47,"turns":4},{"damage":31,"enemies":"Flame Bruiser 2 Orb","floor":48,"turns":3},{"damage":76,"enemies":"Time Eater","floor":50,"turns":12}],"relics_obtained":[{"floor":7,"key":"Thread and Needle"},{"floor":9,"key":"Darkstone Periapt"},{"floor":10,"key":"Pear"},{"floor":14,"key":"Bag of Preparation"},{"floor":26,"key":"Self Forming Clay"},{"floor":28,"key":"Art of War"},{"floor":42,"key":"Happy Flower"},{"floor":43,"key":"Pen Nib"},{"floor":45,"key":"Matryoshka"}],"event_choices":[{"event_name":"Big Fish","player_choice":"Banana","floor":4,"damage_taken":0},{"event_name":"Living Wall","player_choice":"Forget","floor":5,"damage_taken":0},{"event_name":"N\u0027loth","player_choice":"Ignored","floor":21,"damage_taken":0},{"event_name":"Transmorgrifier","player_choice":"Transform","floor":36,"damage_taken":0},{"event_name":"Tomb of Lord Red Mask","player_choice":"Ignored","floor":38,"damage_taken":0},{"event_name":"Winding Halls","player_choice":"Writhe","floor":46,"damage_taken":0}],"boss_relics":[{"not_picked":["White Beast Statue","Philosopher\u0027s Stone"],"picked":"Mark of Pain"},{"not_picked":["Runic Dome","Tiny House"],"picked":"Snecko Eye"}],"items_purged_floors":[20],"potions_floor_spawned":[2,7,8,22,28,30,31,33,35,41,42],"seed_played":"-7112950927296672987","killed_by":"Time Eater","ascension_level":11,"potions_obtained":[{"floor":2,"key":"Dexterity Potion"},{"floor":7,"key":"Dexterity Potion"},{"floor":8,"key":"SteroidPotion"},{"floor":22,"key":"Poison Potion"},{"floor":28,"key":"SkillPotion"},{"floor":30,"key":"PowerPotion"},{"floor":33,"key":"Explosive Potion"},{"floor":35,"key":"Dexterity Potion"},{"floor":41,"key":"PowerPotion"},{"floor":42,"key":"SpeedPotion"}],"is_trial":false}