{"gold_per_floor":[20,20,31,31,45,76,86,86,86,86,115,115,80,90,90,187,187,167,183,53,53,65,91,190,190,213,213],"floor_reached":27,"playtime":2072,"items_purged":[],"score":313,"play_id":"9eaff74d-e6d6-45d4-a5d7-d3bd626c1fb0","local_time":"20190211155850","is_ascension_mode":true,"campfire_choices":[{"floor":8,"key":"REST"},{"data":"True Grit","floor":10,"key":"SMITH"},{"data":"Evolve","floor":12,"key":"SMITH"},{"data":"Anger","floor":15,"key":"SMITH"},{"data":"True Grit","floor":25,"key":"SMITH"}],"neow_cost":"NO_GOLD","seed_source_timestamp":1683701207380624,"circlet_count":0,"master_deck":["Strike_R","Strike_R","Strike_R","Defend_R","Defend_R","Defend_R","Defend_R","Bash","Cleave","Twin Strike","Anger+1","Evolve+1","True Grit+1","Metallicize+1","Juggernaut+1","Feel No Pain+1","Iron Wave","True Grit+1","Feel No Pain+1","Sever Soul","Seeing Red","Body Slam"],"relics":["Burning Blood","Ginger","Ancient Tea Set","Pocketwatch","Mummified Hand","Frozen Egg 2","Empty Cage","Magic Flower","Oddly Smooth Stone"],"potions_floor_usage":[16,27],"damage_taken":[{"damage":4,"enemies":"2 Louse","floor":1,"turns":3},{"damage":4,"enemies":"Small Slimes","floor":3,"turns":3},{"damage":9,"enemies":"Jaw Worm","floor":5,"turns":4},{"damage":45,"enemies":"Lagavulin","floor":6,"turns":7},{"damage":7,"enemies":"Looter","floor":7,"turns":3},{"damage":10,"enemies":"3 Sentries","floor":11,"turns":7},{"damage":15,"enemies":"Large Slime","floor":14,"turns":4},{"damage":4,"enemies":"Slime Boss","floor":16,"turns":8},{"damage":17,"enemies":"2 Thieves","floor":18,"turns":4},{"damage":2,"enemies":"Chosen","floor":19,"turns":4},{"damage":10,"enemies":"Centurion and Healer","floor":22,"turns":8},{"damage":30,"enemies":"Book of Stabbing","floor":23,"turns":5},{"damage":43,"enemies":"Slavers","floor":27,"turns":3}],"seed_played":"5808928706803676161","potions_obtained":[{"floor":1,"key":"Dexterity Potion"},{"floor":18,"key":"Explosive Potion"}],"is_trial":false,"path_per_floor":["M","?","M","?","M","E","M","R","T","R","E","R","?","M","R","B",null,"M","M","$","?","M","E","?","R","T","E"],"character_chosen":"IRONCLAD","items_purchased":["True Grit","Feel No Pain+1"],"campfire_rested":1,"item_purchase_floors":[20,20],"current_hp_per_floor":[74,67,69,69,66,27,26,50,50,50,46,46,66,57,57,59,75,64,68,68,68,64,40,40,40,40,0],"gold":213,"neow_bonus":"ONE_RARE_RELIC","is_prod":false,"is_daily":false,"chose_seed":false,"campfire_upgraded":4,"win_rate":0,"timestamp":1549918730,"path_taken":["M","?","M","?","M","E","M","R","T","R","E","R","?","M","R","BOSS","M","M","$","?","M","E","?","R","T","E"],"build_version":"2019-01-23","purchased_purges":0,"victory":false,"max_hp_per_floor":[80,80,80,80,80,80,80,80,80,80,80,80,80,80,80,80,80,80,80,80,80,80,80,80,80,80,80],"card_choices":[{"not_picked":["Whirlwind","Pommel Strike"],"picked":"Cleave","floor":1},{"not_picked":["Flex","Havoc"],"picked":"Twin Strike","floor":3},{"not_picked":["Feel No Pain","Shrug It Off"],"picked":"Anger","floor":5},{"not_picked":["Juggernaut","Dual Wield"],"picked":"Evolve","floor":6},{"not_picked":["Heavy Blade","Thunderclap"],"picked":"True Grit","floor":7},{"not_picked":["Body Slam","Uppercut"],"picked":"Metallicize","floor":11},{"not_picked":["Twin Strike","Anger","Heavy Blade"],"picked":"SKIP","floor":14},{"not_picked":["Feed","Limit Break"],"picked":"Juggernaut+1","floor":16},{"not_picked":["Sentinel","Blood for Blood"],"picked":"Feel No Pain+1","floor":18},{"not_picked":["Uppercut","Seeing Red"],"picked":"Iron Wave","floor":19},{"not_picked":["Warcry","Battle Trance"],"picked":"Seeing Red","floor":22},{"not_picked":["Sword Boomerang","Pommel Strike"],"picked":"Body Slam","floor":23}],"player_experience":1539913,"relics_obtained":[{"floor":6,"key":"Pocketwatch"},{"floor":9,"key":"Mummified Hand"},{"floor":11,"key":"Frozen Egg 2"},{"floor":23,"key":"Magic Flower"},{"floor":26,"key":"Oddly Smooth Stone"}],"event_choices":[{"damage_healed":0,"gold_gain":0,"player_choice":"Success","damage_taken":7,"relics_obtained":["Ancient Tea Set"],"max_hp_gain":0,"max_hp_loss":0,"event_name":"Scrap Ooze","floor":2,"gold_loss":0},{"damage_healed":0,"gold_gain":0,"player_choice":"Ignored","damage_taken":0,"max_hp_gain":0,"max_hp_loss":0,"event_name":"Liars Game","floor":4,"gold_loss":0},{"damage_healed":20,"gold_gain":0,"player_choice":"Healed","damage_taken":0,"max_hp_gain":0,"max_hp_loss":0,"event_name":"The Cleric","floor":13,"gold_loss":35},{"damage_healed":0,"gold_gain":0,"player_choice":"Read","damage_taken":0,"max_hp_gain":0,"max_hp_loss":0,"event_name":"The Library","floor":21,"gold_loss":0,"cards_obtained":["Sever Soul"]},{"damage_healed":0,"gold_gain":99,"player_choice":"Stole From Cult","damage_taken":0,"max_hp_gain":0,"max_hp_loss":0,"event_name":"Nest","floor":24,"gold_loss":0}],"is_beta":false,"boss_relics":[{"not_picked":["Black Blood","White Beast Statue"],"picked":"Empty Cage"}],"items_purged_floors":[],"is_endless":false,"potions_floor_spawned":[1,18],"killed_by":"Slavers","ascension_level":6}