{"path_per_floor":["M","M","T","?","?","E","M","R","T","?","R","E","R","M","R","B",null,"M","?","?","$","T","R","E","R","T","E","M","$","?","M","R","B",null,"M","?","?","$","M","R","M","M","T","?","?","?","M","$","R","B"],"character_chosen":"THE_SILENT","items_purchased":["Oddly Smooth Stone","Deadly Poison","GhostInAJar","Accuracy","Footwork","Heel Hook","Noxious Fumes","SkillPotion"],"gold_per_floor":[12,23,23,23,23,58,69,69,146,146,146,179,179,190,190,286,286,303,218,218,39,66,66,97,97,97,127,142,25,25,39,39,144,144,155,155,155,44,58,58,72,84,111,111,111,111,129,4,4,4],"floor_reached":51,"campfire_rested":3,"playtime":2642,"current_hp_per_floor":[65,65,65,65,65,52,52,52,52,52,52,33,33,33,54,44,70,70,70,70,70,70,70,64,64,64,68,70,70,70,70,70,63,70,61,52,52,52,39,60,57,47,49,49,49,44,57,57,74,21],"items_purged":[],"gold":4,"score":798,"play_id":"abc3f1eb-97cb-43e9-82e8-6d0f636adb9f","local_time":"20180515160232","is_prod":false,"is_daily":false,"chose_seed":false,"is_ascension_mode":true,"campfire_upgraded":6,"timestamp":1526414552,"path_taken":["M","M","?","?","?","E","M","R","T","?","R","E","R","M","R","BOSS","M","?","?","?","?","R","E","R","T","E","M","$","?","M","R","BOSS","M","?","?","$","M","R","M","M","T","?","?","?","M","$","R","BOSS"],"build_version":"2018-05-14v2","seed_source_timestamp":555188896352831,"purchased_purges":1,"victory":true,"master_deck":["Defend_G","Defend_G","Defend_G","Defend_G","Defend_G","Strike_G+1","Strike_G+1","Survivor","Neutralize+1","Backflip","Leg Sweep","Calculated Gamble+1","Dagger Throw+1","Poisoned Stab","Adrenaline","Noxious Fumes+1","Adrenaline","Deadly Poison","Acrobatics","Well Laid Plans+1","Catalyst+1","Poisoned Stab","PiercingWail+1","Accuracy","Writhe","Bouncing Flask+1","A Thousand Cuts","Blade Dance+1","Madness","Madness","Footwork","Heel Hook","Concentrate+1","Flying Knee+1","Catalyst+1","Finesse","Trip","Noxious Fumes"],"max_hp_per_floor":[70,70,70,70,70,70,70,70,70,70,70,70,70,70,70,70,70,70,70,70,70,70,70,70,70,70,70,70,70,70,70,70,70,70,70,70,70,70,70,70,70,70,72,72,72,72,74,74,74,74],"relics":["Ring of the Snake","Snake Skull","Whetstone","Dodecahedron","Bird Faced Urn","Singing Bowl","Runic Dome","Prayer Wheel","Oddly Smooth Stone","Happy Flower","Lantern","Ice Cream","Blue Candle","Toolbox","White Beast Statue","Bag of Preparation"],"card_choices":[{"not_picked":["All Out Attack","Riddle With Holes"],"picked":"Backflip","floor":1},{"not_picked":["Prepared","Heel Hook"],"picked":"Leg Sweep","floor":2},{"not_picked":["Flechettes","Sucker Punch"],"picked":"Calculated Gamble","floor":6},{"not_picked":["Backflip","Bane"],"picked":"Dagger Spray","floor":7},{"not_picked":["Backflip","Flechettes"],"picked":"Dagger Throw","floor":12},{"not_picked":["Finisher","Flying Knee"],"picked":"Poisoned Stab","floor":14},{"not_picked":["Night Terror","Wraith Form v2"],"picked":"Adrenaline","floor":16},{"not_picked":["Quick Slash","Backflip+1"],"picked":"Noxious Fumes","floor":18},{"not_picked":["Underhanded Strike","Outmaneuver"],"picked":"Acrobatics","floor":22},{"not_picked":["Accuracy+1","Outmaneuver"],"picked":"Well Laid Plans","floor":24},{"not_picked":["Finisher","Backstab"],"picked":"Catalyst+1","floor":26},{"not_picked":["Quick Slash","Wraith Form v2"],"picked":"Poisoned Stab","floor":27},{"not_picked":["Quick Slash","Distraction"],"picked":"PiercingWail+1","floor":28},{"not_picked":["Heel Hook+1","Dodge and Roll"],"picked":"Bouncing Flask","floor":31},{"not_picked":["Unload","Wraith Form v2"],"picked":"A Thousand Cuts","floor":33},{"not_picked":["Deadly Poison","Underhanded Strike"],"picked":"Blade Dance+1","floor":35},{"not_picked":["Heel Hook","Riddle With Holes"],"picked":"Concentrate+1","floor":39},{"not_picked":["Underhanded Strike+1","Distraction+1"],"picked":"Flying Knee+1","floor":41},{"not_picked":["Backflip","All Out Attack"],"picked":"Catalyst+1","floor":42},{"not_picked":["Dagger Throw+1","Flying Knee+1","Slice+1"],"picked":"Singing Bowl","floor":43},{"not_picked":["Secret Weapon","Enlightenment"],"picked":"Finesse","floor":46},{"not_picked":["Jack Of All Trades","Mind Blast"],"picked":"Trip","floor":46},{"not_picked":["Deflect","Underhanded Strike+1","Outmaneuver+1"],"picked":"Singing Bowl","floor":47}],"player_experience":144936,"potions_floor_usage":[6,12,24,24,27,39,50,50,50],"damage_taken":[{"damage":5,"enemies":"Cultist","floor":1,"turns":6},{"damage":0,"enemies":"2 Louse","floor":2,"turns":3},{"damage":13,"enemies":"3 Sentries","floor":6,"turns":22},{"damage":0,"enemies":"Jaw Worm","floor":7,"turns":5},{"damage":34,"enemies":"Gremlin Nob","floor":12,"turns":6},{"damage":0,"enemies":"3 Louse","floor":14,"turns":2},{"damage":10,"enemies":"The Guardian","floor":16,"turns":13},{"damage":0,"enemies":"Spheric Guardian","floor":18,"turns":3},{"damage":6,"enemies":"Book of Stabbing","floor":24,"turns":5},{"damage":0,"enemies":"Slavers","floor":27,"turns":4},{"damage":0,"enemies":"Chosen","floor":28,"turns":3},{"damage":1,"enemies":"Snecko","floor":31,"turns":2},{"damage":8,"enemies":"Champ","floor":33,"turns":6},{"damage":12,"enemies":"3 Shapes","floor":35,"turns":6},{"damage":34,"enemies":"Flame Bruiser 1 Orb","floor":39,"turns":4},{"damage":13,"enemies":"Maw","floor":41,"turns":7},{"damage":20,"enemies":"Flame Bruiser 2 Orb","floor":42,"turns":4},{"damage":1,"enemies":"3 Darklings","floor":47,"turns":4},{"damage":60,"enemies":"Awakened One","floor":50,"turns":12}],"relics_obtained":[{"floor":3,"key":"Snake Skull"},{"floor":6,"key":"Whetstone"},{"floor":9,"key":"Dodecahedron"},{"floor":12,"key":"Singing Bowl"},{"floor":22,"key":"Happy Flower"},{"floor":24,"key":"Lantern"},{"floor":26,"key":"Ice Cream"},{"floor":27,"key":"Blue Candle"},{"floor":43,"key":"Bag of Preparation"}],"event_choices":[{"event_name":"Accursed Blacksmith","player_choice":"Forge","floor":4,"damage_taken":0},{"event_name":"Living Wall","player_choice":"Forget","floor":5,"damage_taken":0},{"event_name":"Dead Adventurer","player_choice":"Searched \u00271\u0027 times","floor":10,"damage_taken":0},{"event_name":"Addict","player_choice":"Obtained Relic","floor":19,"damage_taken":0},{"event_name":"Duplicator","player_choice":"One dupe","floor":20,"damage_taken":0},{"event_name":"The Mausoleum","player_choice":"Yes","floor":30,"damage_taken":0},{"event_name":"Winding Halls","player_choice":"Embrace Madness","floor":36,"damage_taken":0},{"event_name":"Tomb of Lord Red Mask","player_choice":"Ignored","floor":37,"damage_taken":0},{"event_name":"Mysterious Sphere","player_choice":"Ignore","floor":44,"damage_taken":0},{"event_name":"SensoryStone","player_choice":"Memory 2","floor":46,"damage_taken":0}],"boss_relics":[{"not_picked":["Pandora\u0027s Box","Velvet Choker"],"picked":"Runic Dome"},{"not_picked":["Lizard Tail","Philosopher\u0027s Stone"],"picked":"White Beast Statue"}],"potions_floor_spawned":[1,7,16,18,24,28,35,39,41,42,47],"seed_played":"-8699841885152536922","ascension_level":1,"potions_obtained":[{"floor":1,"key":"Swift Potion"},{"floor":7,"key":"Regen Potion"},{"floor":16,"key":"PowerPotion"},{"floor":18,"key":"EssenceOfSteel"},{"floor":24,"key":"Ancient Potion"},{"floor":28,"key":"SmokeBomb"},{"floor":35,"key":"Regen Potion"},{"floor":39,"key":"Ancient Potion"},{"floor":41,"key":"SpeedPotion"},{"floor":42,"key":"Dexterity Potion"}],"is_trial":false}