{"gold_per_floor":[110,123,133,133,308,342,358,340,340,340,369,385,96,171,171,268,268,284,296,307,307,232,258,258,54,54,80,95,121,140,157,157,157],"floor_reached":33,"playtime":2903,"items_purged":["Doubt"],"score":394,"play_id":"5e4adabc-d453-405a-b744-f03e203a3497","local_time":"20180717062212","is_ascension_mode":false,"campfire_choices":[{"floor":10,"key":"REST"},{"floor":15,"key":"REST"},{"floor":24,"key":"REST"},{"floor":32,"key":"REST"}],"neow_cost":"","seed_source_timestamp":382391701964088,"circlet_count":0,"master_deck":["Defend_G","Defend_G","Defend_G","Defend_G","Strike_G","Strike_G","Strike_G","Strike_G","Strike_G","Survivor","Neutralize","Finisher","Neutralize","Storm of Steel","Backflip","Flying Knee","Panache","Blur","Outmaneuver+1","Outmaneuver","Blade Dance","Envenom","Accuracy","Backflip","Expertise","Finisher+1"],"relics":["Ring of the Snake","Bag of Marbles","Paper Crane","Gambling Chip","Fusion Hammer","Letter Opener","Lee\u0027s Waffle","Juzu Bracelet","Blue Candle","Vajra"],"potions_floor_usage":[6,6,11,16,16,16,18,23,23,29,33],"damage_taken":[{"damage":0,"enemies":"Jaw Worm","floor":1,"turns":6},{"damage":1,"enemies":"Cultist","floor":2,"turns":5},{"damage":0,"enemies":"2 Louse","floor":3,"turns":3},{"damage":34,"enemies":"3 Sentries","floor":6,"turns":12},{"damage":1,"enemies":"Blue Slaver","floor":7,"turns":3},{"damage":17,"enemies":"Exordium Thugs","floor":8,"turns":5},{"damage":8,"enemies":"Gremlin Nob","floor":11,"turns":4},{"damage":4,"enemies":"2 Fungi Beasts","floor":12,"turns":4},{"damage":0,"enemies":"Slime Boss","floor":16,"turns":8},{"damage":0,"enemies":"3 Byrds","floor":18,"turns":4},{"damage":0,"enemies":"Chosen","floor":19,"turns":4},{"damage":12,"enemies":"Centurion and Healer","floor":20,"turns":9},{"damage":75,"enemies":"Gremlin Leader","floor":23,"turns":13},{"damage":42,"enemies":"Book of Stabbing","floor":27,"turns":8},{"damage":0,"enemies":"Snecko","floor":28,"turns":5},{"damage":14,"enemies":"Gremlin Leader","floor":29,"turns":5},{"damage":16,"enemies":"Cultist and Chosen","floor":30,"turns":5},{"damage":18,"enemies":"Snake Plant","floor":31,"turns":5},{"damage":38,"enemies":"Collector","floor":33,"turns":9}],"seed_played":"-1343175070755375427","potions_obtained":[{"floor":2,"key":"SkillPotion"},{"floor":3,"key":"Swift Potion"},{"floor":8,"key":"Weak Potion"},{"floor":11,"key":"Fire Potion"},{"floor":12,"key":"Explosive Potion"},{"floor":18,"key":"GamblersBrew"},{"floor":28,"key":"Regen Potion"},{"floor":30,"key":"FearPotion"},{"floor":31,"key":"Energy Potion"}],"is_trial":false,"path_per_floor":["M","M","M","?","?","E","M","M","T","R","E","M","$","?","R","B",null,"M","M","M","?","?","E","R","$","T","E","M","E","M","M","R"],"character_chosen":"THE_SILENT","items_purchased":["Panache","Lee\u0027s Waffle"],"campfire_rested":4,"item_purchase_floors":[13,25],"current_hp_per_floor":[70,69,69,69,69,35,34,17,17,38,30,26,26,15,36,36,70,70,70,58,80,80,14,38,87,87,45,45,45,29,11,37,0],"gold":157,"neow_bonus":"","is_prod":false,"is_daily":false,"chose_seed":false,"campfire_upgraded":0,"win_rate":0,"timestamp":1531797732,"path_taken":["M","M","M","?","?","E","M","M","T","R","E","M","$","?","R","BOSS","M","?","M","?","?","E","R","$","T","E","M","E","M","M","R","BOSS"],"build_version":"2018-07-12","purchased_purges":1,"victory":false,"max_hp_per_floor":[70,70,70,70,70,70,70,70,70,70,70,70,70,70,70,70,70,70,70,70,80,80,80,80,87,87,87,87,87,87,87,87,87],"card_choices":[{"not_picked":["Deadly Poison","Dagger Spray","Choke"],"picked":"SKIP","floor":1},{"not_picked":["Bane","Underhanded Strike"],"picked":"Finisher","floor":2},{"not_picked":["Reflex","Heel Hook","Deadly Poison"],"picked":"SKIP","floor":3},{"not_picked":["Noxious Fumes","Poisoned Stab"],"picked":"Backflip","floor":6},{"not_picked":["PiercingWail","Backflip"],"picked":"Flying Knee","floor":7},{"not_picked":["Backflip","Bouncing Flask","Bane"],"picked":"SKIP","floor":8},{"not_picked":["Dagger Throw","Dodge and Roll"],"picked":"Venomology","floor":11},{"not_picked":["Masterful Stab","Deadly Poison","Dagger Throw"],"picked":"SKIP","floor":12},{"not_picked":["Bane","Well Laid Plans"],"picked":"Blur","floor":18},{"not_picked":["Expertise","Cloak And Dagger"],"picked":"Outmaneuver+1","floor":19},{"not_picked":["Dodge and Roll","Underhanded Strike"],"picked":"Outmaneuver","floor":20},{"not_picked":["Acrobatics","Wraith Form v2"],"picked":"Blade Dance","floor":23},{"not_picked":["Outmaneuver","Noxious Fumes"],"picked":"Envenom","floor":27},{"not_picked":["Deadly Poison","Underhanded Strike"],"picked":"Accuracy","floor":28},{"not_picked":["Riddle With Holes","Dagger Throw"],"picked":"Backflip","floor":29},{"not_picked":["Blade Dance","Sucker Punch"],"picked":"Expertise","floor":30},{"not_picked":["Deadly Poison+1","Backflip"],"picked":"Finisher+1","floor":31}],"player_experience":116282,"relics_obtained":[{"floor":6,"key":"Bag of Marbles"},{"floor":9,"key":"Paper Crane"},{"floor":11,"key":"Gambling Chip"},{"floor":23,"key":"Letter Opener"},{"floor":26,"key":"Juzu Bracelet"},{"floor":27,"key":"Blue Candle"},{"floor":29,"key":"Vajra"}],"event_choices":[{"event_name":"Match and Keep!","player_choice":"2 cards matched","floor":4,"damage_taken":0},{"event_name":"Match and Keep!","player_choice":"2 cards matched","floor":4,"damage_taken":0},{"event_name":"Liars Game","player_choice":"agreed","floor":5,"damage_taken":0},{"event_name":"World of Goop","player_choice":"Gather Gold","floor":14,"damage_taken":0},{"event_name":"Bonfire Elementals","player_choice":"RARE","floor":21,"damage_taken":0},{"event_name":"Beggar","player_choice":"Gave Gold","floor":22,"damage_taken":0}],"boss_relics":[{"not_picked":["Lizard Tail","White Beast Statue"],"picked":"Fusion Hammer"}],"items_purged_floors":[13],"is_endless":false,"potions_floor_spawned":[2,3,8,11,12,18,28,30,31],"killed_by":"Collector","ascension_level":0}