{"gold_per_floor":[109,119,119,131,155,167,211,242,254,266,253,265,289,330,342,432,444,474,14,89,99,111,111,111],"floor_reached":24,"playtime":1083,"items_purged":["Parasite"],"score":350,"play_id":"72e75c25-6e1d-408d-bfe3-2b240cbf95aa","local_time":"20190220224552","is_ascension_mode":true,"campfire_choices":[{"data":"Bash","floor":6,"key":"SMITH"},{"floor":10,"key":"REST"},{"data":"Pommel Strike","floor":15,"key":"SMITH"},{"data":"Uppercut","floor":23,"key":"SMITH"}],"neow_cost":"PERCENT_DAMAGE","seed_source_timestamp":515843016223606,"circlet_count":0,"master_deck":["AscendersBane","Strike_R","Strike_R","Strike_R","Strike_R","Strike_R","Defend_R","Defend_R","Defend_R","Defend_R","Bash+1","Flame Barrier","Corruption","Pommel Strike+1","Anger","True Grit","Flame Barrier","Bludgeon","Uppercut","Whirlwind","Uppercut+1","Pummel","Metallicize","Impervious","Dark Embrace","Ghostly Armor"],"relics":["Burning Blood","MawBank","Pocketwatch","Gremlin Horn","Bottled Flame","Orrery","Membership Card","Matryoshka"],"potions_floor_usage":[5,16,22],"damage_taken":[{"damage":9,"enemies":"Small Slimes","floor":1,"turns":5},{"damage":11,"enemies":"Jaw Worm","floor":2,"turns":4},{"damage":1,"enemies":"2 Louse","floor":5,"turns":6},{"damage":48,"enemies":"Gremlin Nob","floor":7,"turns":5},{"damage":11,"enemies":"Lots of Slimes","floor":8,"turns":5},{"damage":6,"enemies":"Looter","floor":13,"turns":3},{"damage":18,"enemies":"3 Sentries","floor":14,"turns":9},{"damage":25,"enemies":"The Guardian","floor":16,"turns":13},{"damage":9,"enemies":"Chosen","floor":18,"turns":4},{"damage":10,"enemies":"Spheric Guardian","floor":21,"turns":6},{"damage":27,"enemies":"Snake Plant","floor":22,"turns":6},{"damage":40,"enemies":"Book of Stabbing","floor":24,"turns":8}],"seed_played":"5055422179999318571","potions_obtained":[{"floor":1,"key":"GamblersBrew"},{"floor":5,"key":"Fruit Juice"},{"floor":13,"key":"Poison Potion"},{"floor":14,"key":"AttackPotion"}],"is_trial":false,"path_per_floor":["M","M","?","$","M","R","E","M","T","R","?","?","M","E","R","B",null,"M","$","?","M","M","R","E"],"character_chosen":"IRONCLAD","items_purchased":["Membership Card","Matryoshka","Metallicize","Impervious"],"campfire_rested":1,"item_purchase_floors":[19,19,19,19],"current_hp_per_floor":[61,56,44,44,54,54,12,7,7,35,35,58,58,46,46,27,77,74,74,65,61,40,40,0],"gold":111,"neow_bonus":"TWENTY_PERCENT_HP_BONUS","is_prod":false,"is_daily":false,"chose_seed":false,"campfire_upgraded":3,"win_rate":0,"timestamp":1550724352,"path_taken":["M","M","?","$","M","R","E","M","T","R","?","?","M","E","R","BOSS","M","$","?","?","M","R","E"],"build_version":"2019-01-23","purchased_purges":1,"victory":false,"max_hp_per_floor":[89,89,89,89,94,94,94,94,94,94,94,94,94,94,94,94,94,94,91,91,91,91,91,91],"card_choices":[{"not_picked":["Pummel","Flex"],"picked":"Flame Barrier","floor":1},{"not_picked":["Reckless Charge","Sever Soul"],"picked":"Corruption","floor":2},{"not_picked":["Twin Strike","Warcry"],"picked":"Pommel Strike","floor":5},{"not_picked":["Pommel Strike","Fire Breathing"],"picked":"Anger","floor":7},{"not_picked":["Cleave","Entrench"],"picked":"True Grit","floor":8},{"not_picked":["Evolve","Warcry"],"picked":"Flame Barrier","floor":13},{"not_picked":["Havoc","Berserk","Warcry"],"picked":"SKIP","floor":14},{"not_picked":["Offering","Berserk"],"picked":"Bludgeon","floor":16},{"not_picked":["Anger","Combust"],"picked":"Uppercut","floor":17},{"not_picked":["Havoc","Pommel Strike"],"picked":"Whirlwind","floor":17},{"not_picked":["Dual Wield","Body Slam"],"picked":"Uppercut","floor":17},{"not_picked":["Flame Barrier","Havoc"],"picked":"Pummel","floor":17},{"not_picked":["Corruption","Clash","Bloodletting"],"picked":"SKIP","floor":18},{"not_picked":["Flex","Anger"],"picked":"Dark Embrace","floor":21},{"not_picked":["Cleave","Pommel Strike"],"picked":"Ghostly Armor","floor":22}],"player_experience":517847,"relics_obtained":[{"floor":7,"key":"Pocketwatch"},{"floor":9,"key":"Gremlin Horn"},{"floor":14,"key":"Bottled Flame"}],"event_choices":[{"damage_healed":0,"gold_gain":0,"player_choice":"Success","damage_taken":12,"relics_obtained":["MawBank"],"max_hp_gain":0,"max_hp_loss":0,"event_name":"Scrap Ooze","floor":3,"gold_loss":0},{"damage_healed":0,"gold_gain":0,"player_choice":"Left Gold","damage_taken":0,"max_hp_gain":0,"max_hp_loss":0,"event_name":"World of Goop","floor":11,"gold_loss":25},{"damage_healed":23,"gold_gain":0,"player_choice":"Healed and dodged fight","damage_taken":0,"max_hp_gain":0,"max_hp_loss":0,"event_name":"Mushrooms","floor":12,"gold_loss":0,"cards_obtained":["Parasite"]},{"damage_healed":0,"gold_gain":75,"player_choice":"Touch","damage_taken":9,"max_hp_gain":0,"max_hp_loss":0,"event_name":"FaceTrader","floor":20,"gold_loss":0}],"is_beta":false,"boss_relics":[{"not_picked":["Pandora\u0027s Box","Philosopher\u0027s Stone"],"picked":"Orrery"}],"items_purged_floors":[19],"is_endless":false,"potions_floor_spawned":[1,5,13,14],"killed_by":"Book of Stabbing","ascension_level":14}