{"gold_per_floor":[112,112,112,112,112,112,145,145,145,181,195,215,228,198,198,198],"floor_reached":16,"playtime":958,"items_purged":[],"score":113,"play_id":"93de276a-906f-494a-b259-eebe14151af6","local_time":"20181011162506","is_ascension_mode":true,"campfire_choices":[{"floor":6,"key":"REST"},{"floor":8,"key":"REST"},{"data":"Glacier","floor":15,"key":"SMITH"}],"neow_cost":"","seed_source_timestamp":23750799331544,"circlet_count":0,"master_deck":["Strike_B","Strike_B","Strike_B+1","Strike_B","Defend_B+1","Defend_B","Defend_B","Defend_B","Zap+1","Dualcast","Conserve Battery","Coolheaded","BootSequence","Steam","Glacier+1","Heatsinks","Blizzard"],"relics":["Cracked Core","Golden Idol","Darkstone Periapt","Ornamental Fan","Potion Belt"],"potions_floor_usage":[],"damage_taken":[{"damage":0,"enemies":"2 Louse","floor":1,"turns":2},{"damage":23,"enemies":"3 Sentries","floor":7,"turns":11},{"damage":19,"enemies":"Gremlin Nob","floor":10,"turns":5},{"damage":0,"enemies":"Small Slimes","floor":11,"turns":3},{"damage":0,"enemies":"Cultist","floor":12,"turns":4},{"damage":0,"enemies":"Large Slime","floor":13,"turns":7},{"damage":0,"enemies":"Looter","floor":14,"turns":4},{"damage":52,"enemies":"Hexaghost","floor":16,"turns":16}],"seed_played":"-8750832836064669239","potions_obtained":[{"floor":7,"key":"Weak Potion"},{"floor":11,"key":"SkillPotion"}],"is_trial":false,"path_per_floor":["M","?","?","?","?","R","E","R","T","E","M","M","M","M","R"],"character_chosen":"DEFECT","items_purchased":[],"campfire_rested":2,"item_purchase_floors":[],"current_hp_per_floor":[75,57,62,46,46,70,47,71,71,52,52,52,52,52,52,0],"gold":198,"neow_bonus":"","is_prod":false,"is_daily":false,"chose_seed":false,"campfire_upgraded":1,"win_rate":0,"timestamp":1539289506,"path_taken":["M","?","?","?","?","R","E","R","T","E","M","M","?","?","R","BOSS"],"build_version":"2018-10-04v2","purchased_purges":0,"victory":false,"max_hp_per_floor":[75,75,80,80,80,80,80,80,80,80,80,80,80,80,80,80],"card_choices":[{"not_picked":["Hologram","White Noise"],"picked":"Conserve Battery","floor":1},{"not_picked":["Rebound","Reinforced Body"],"picked":"Coolheaded","floor":7},{"not_picked":["Tempest","Gash"],"picked":"BootSequence","floor":10},{"not_picked":["Turbo","Double Energy"],"picked":"Steam","floor":11},{"not_picked":["Streamline","Fusion"],"picked":"Glacier","floor":12},{"not_picked":["Darkness","Beam Cell"],"picked":"Heatsinks","floor":13},{"not_picked":["Streamline","Sweeping Beam"],"picked":"Blizzard","floor":14}],"player_experience":892111,"relics_obtained":[{"floor":7,"key":"Darkstone Periapt"},{"floor":9,"key":"Ornamental Fan"},{"floor":10,"key":"Potion Belt"}],"event_choices":[{"event_name":"Golden Idol","player_choice":"Take Damage","floor":2,"damage_taken":0},{"event_name":"Big Fish","player_choice":"Donut","floor":3,"damage_taken":0},{"event_name":"Shining Light","player_choice":"Entered Light","floor":4,"damage_taken":0},{"event_name":"Living Wall","player_choice":"Grow","floor":5,"damage_taken":0}],"is_beta":false,"boss_relics":[],"items_purged_floors":[],"is_endless":false,"potions_floor_spawned":[7,11],"killed_by":"Hexaghost","ascension_level":1}