{"gold_per_floor":[110,43,43,56,56,56,89,89,89,89,103,21,21,39,39,136,136,147,157,157,12,25,25,58,70,70,82,82,94,94,111,111,207,207,224,244,244,40,40,40,58,88,134,17,28,28,48,62,62,62],"floor_reached":50,"playtime":3042,"items_purged":["Strike_R"],"score":843,"play_id":"20aa5743-dd3c-431c-95e3-095f671b0f72","local_time":"20190306075943","is_ascension_mode":true,"campfire_choices":[{"data":"Uppercut","floor":6,"key":"SMITH"},{"data":"Bash","floor":8,"key":"SMITH"},{"data":"Strike_R","floor":10,"key":"SMITH"},{"data":"Cleave","floor":13,"key":"SMITH"},{"data":"Twin Strike","floor":15,"key":"SMITH"},{"data":"Flame Barrier","floor":23,"key":"SMITH"},{"floor":28,"key":"REST"},{"floor":30,"key":"REST"},{"floor":32,"key":"REST"},{"floor":40,"key":"REST"},{"floor":46,"key":"REST"},{"floor":49,"key":"REST"}],"neow_cost":"NONE","seed_source_timestamp":18575031740147,"circlet_count":0,"master_deck":["AscendersBane","Strike_R","Strike_R+1","Strike_R+1","Strike_R+1","Defend_R","Defend_R","Defend_R","Defend_R","Bash+1","Uppercut+1","Cleave+1","Battle Trance","Twin Strike+1","Demon Form","Uppercut+1","Flame Barrier+1","Demon Form","Heavy Blade+1","Bash"],"relics":["Burning Blood","NeowsBlessing","GremlinMask","Centennial Puzzle","Ornamental Fan","Bottled Flame","Snecko Eye","Whetstone","Question Card","Lizard Tail","Blood Vial","The Courier","Letter Opener","Bag of Preparation","Anchor"],"potions_floor_usage":[14,18,19,24,33,36,42,47,47],"damage_taken":[{"damage":0,"enemies":"Jaw Worm","floor":1,"turns":1},{"damage":0,"enemies":"Cultist","floor":4,"turns":1},{"damage":0,"enemies":"Gremlin Nob","floor":7,"turns":1},{"damage":0,"enemies":"2 Louse","floor":11,"turns":3},{"damage":7,"enemies":"Red Slaver","floor":14,"turns":4},{"damage":19,"enemies":"Slime Boss","floor":16,"turns":8},{"damage":9,"enemies":"3 Byrds","floor":18,"turns":4},{"damage":4,"enemies":"2 Thieves","floor":19,"turns":3},{"damage":22,"enemies":"Cultist and Chosen","floor":22,"turns":7},{"damage":18,"enemies":"Gremlin Leader","floor":24,"turns":6},{"damage":25,"enemies":"Centurion and Healer","floor":25,"turns":5},{"damage":19,"enemies":"Chosen and Byrds","floor":27,"turns":5},{"damage":13,"enemies":"Snake Plant","floor":29,"turns":3},{"damage":10,"enemies":"Sentry and Sphere","floor":31,"turns":3},{"damage":62,"enemies":"Automaton","floor":33,"turns":7},{"damage":24,"enemies":"3 Darklings","floor":35,"turns":7},{"damage":12,"enemies":"Orb Walker","floor":36,"turns":3},{"damage":3,"enemies":"Maw","floor":41,"turns":6},{"damage":69,"enemies":"Reptomancer","floor":42,"turns":6},{"damage":6,"enemies":"3 Darklings","floor":45,"turns":3},{"damage":19,"enemies":"Transient","floor":47,"turns":5},{"damage":20,"enemies":"Maw","floor":48,"turns":5},{"damage":82,"enemies":"Donu and Deca","floor":50,"turns":7}],"seed_played":"6522080171301651833","potions_obtained":[{"floor":7,"key":"SkillPotion"},{"floor":16,"key":"Explosive Potion"},{"floor":18,"key":"Block Potion"},{"floor":22,"key":"Strength Potion"},{"floor":29,"key":"Explosive Potion"},{"floor":35,"key":"Weak Potion"},{"floor":42,"key":"Weak Potion"},{"floor":45,"key":"AttackPotion"}],"is_trial":false,"path_per_floor":["M","$","?","M","?","R","E","R","T","R","M","$","R","M","R","B",null,"M","M","?","$","M","R","E","M","T","M","R","M","R","M","R","B",null,"M","M","?","$","T","R","M","E","T","$","M","R","M","M","R","B"],"character_chosen":"IRONCLAD","items_purchased":["Uppercut","Battle Trance","Twin Strike","Flame Barrier","Blood Vial","Strength Potion","Anchor"],"campfire_rested":6,"item_purchase_floors":[2,12,12,21,38,38,44],"current_hp_per_floor":[78,78,78,80,77,77,80,80,80,80,80,80,80,79,79,66,77,74,76,76,76,60,60,48,29,29,16,40,33,57,53,77,21,65,47,41,41,41,41,65,70,9,9,9,11,35,24,12,36,0],"gold":62,"neow_bonus":"THREE_ENEMY_KILL","is_prod":false,"is_daily":false,"chose_seed":false,"campfire_upgraded":6,"win_rate":0,"timestamp":1551880783,"path_taken":["M","$","?","?","?","R","E","R","T","R","M","$","R","M","R","BOSS","M","M","?","$","?","R","E","M","T","M","R","M","R","M","R","BOSS","M","M","?","$","?","R","M","E","T","?","M","R","?","M","R","BOSS"],"build_version":"2019-01-23","purchased_purges":1,"victory":false,"max_hp_per_floor":[80,80,80,80,80,80,80,80,80,80,80,80,80,80,80,80,80,80,80,80,80,80,80,80,80,80,80,80,80,80,80,80,80,80,80,80,80,80,80,80,80,80,80,80,80,80,80,80,80,80],"card_choices":[{"not_picked":["Sword Boomerang","Second Wind","Armaments"],"picked":"SKIP","floor":1},{"not_picked":["Combust","Clash","Heavy Blade"],"picked":"SKIP","floor":4},{"not_picked":["Clash","Evolve","Warcry"],"picked":"SKIP","floor":7},{"not_picked":["Juggernaut","Wild Strike"],"picked":"Cleave","floor":11},{"not_picked":["Entrench","Battle Trance","Clash"],"picked":"SKIP","floor":14},{"not_picked":["Limit Break","Exhume"],"picked":"Demon Form","floor":16},{"not_picked":["Headbutt","Bloodletting+1","Warcry"],"picked":"SKIP","floor":18},{"not_picked":["Body Slam","Havoc","Intimidate"],"picked":"SKIP","floor":19},{"not_picked":["Sever Soul","Headbutt","Fire Breathing"],"picked":"SKIP","floor":22},{"not_picked":["Rampage","Sever Soul","Bloodletting"],"picked":"SKIP","floor":24},{"not_picked":["Sentinel+1","Pummel","Body Slam"],"picked":"SKIP","floor":25},{"not_picked":["Clothesline","Dropkick","Wild Strike","Whirlwind"],"picked":"SKIP","floor":27},{"not_picked":["Body Slam","Whirlwind","Wild Strike","Flex+1"],"picked":"SKIP","floor":29},{"not_picked":["Shrug It Off","Wild Strike+1","Burning Pact","Sword Boomerang"],"picked":"SKIP","floor":31},{"not_picked":["Fiend Fire","Brutality","Juggernaut"],"picked":"Demon Form","floor":33},{"not_picked":["Fire Breathing+1","Rage","Clothesline"],"picked":"Heavy Blade+1","floor":35},{"not_picked":["Cleave+1","Ghostly Armor+1","Wild Strike","Sword Boomerang+1"],"picked":"SKIP","floor":36},{"not_picked":["Clash","Flex","Armaments","Pommel Strike+1"],"picked":"SKIP","floor":41},{"not_picked":["Twin Strike","Reaper","Iron Wave","Dual Wield+1"],"picked":"SKIP","floor":42},{"not_picked":["Sever Soul+1","Feel No Pain","Body Slam","Wild Strike+1"],"picked":"SKIP","floor":45},{"not_picked":["Havoc","Shrug It Off+1","Ghostly Armor","Iron Wave+1"],"picked":"SKIP","floor":47},{"not_picked":["Feel No Pain","Second Wind+1","Power Through","Flame Barrier"],"picked":"SKIP","floor":48}],"player_experience":212713,"relics_obtained":[{"floor":7,"key":"Ornamental Fan"},{"floor":9,"key":"Bottled Flame"},{"floor":24,"key":"Whetstone"},{"floor":26,"key":"Question Card"},{"floor":39,"key":"The Courier"},{"floor":42,"key":"Letter Opener"},{"floor":43,"key":"Bag of Preparation"}],"event_choices":[{"damage_healed":0,"gold_gain":0,"player_choice":"Trade","damage_taken":0,"relics_obtained":["GremlinMask"],"max_hp_gain":0,"max_hp_loss":0,"event_name":"FaceTrader","floor":3,"gold_loss":0},{"damage_healed":0,"gold_gain":0,"player_choice":"Success","damage_taken":3,"relics_obtained":["Centennial Puzzle"],"max_hp_gain":0,"max_hp_loss":0,"event_name":"Scrap Ooze","floor":5,"gold_loss":0},{"damage_healed":0,"gold_gain":0,"player_choice":"Copied","damage_taken":0,"max_hp_gain":0,"max_hp_loss":0,"event_name":"Duplicator","floor":20,"gold_loss":0,"cards_obtained":["Uppercut"]},{"damage_healed":0,"gold_gain":0,"player_choice":"1 cards matched","damage_taken":0,"max_hp_gain":0,"max_hp_loss":0,"event_name":"Match and Keep!","floor":37,"gold_loss":0,"cards_obtained":["Bash"]}],"is_beta":false,"boss_relics":[{"not_picked":["Ectoplasm","Runic Cube"],"picked":"Snecko Eye"},{"not_picked":["Astrolabe","Black Star"],"picked":"Lizard Tail"}],"items_purged_floors":[21],"is_endless":false,"potions_floor_spawned":[7,16,18,22,29,35,42,45],"killed_by":"Donu and Deca","ascension_level":11}