{"gold_per_floor":[213,233,243,263,280,280,315,327,351,369,380,380,104,136,136,233,233,250,3,3,16,16,47,47,60,114,114,133,147,165,180,180,180],"floor_reached":33,"playtime":1398,"items_purged":["Strike_B"],"score":436,"play_id":"22e88758-50d4-48a4-b4f2-9ee9b6abd44c","local_time":"20181001172738","is_ascension_mode":true,"campfire_choices":[{"data":"Zap","floor":6,"key":"SMITH"},{"data":"Go for the Eyes","floor":12,"key":"SMITH"},{"data":"Defragment","floor":15,"key":"SMITH"},{"data":"Reinforced Body","floor":24,"key":"SMITH"},{"floor":27,"key":"REST"},{"floor":32,"key":"REST"}],"neow_cost":"NONE","seed_source_timestamp":6516324224405,"circlet_count":0,"master_deck":["Strike_B","Defend_B","Defend_B","Defend_B","Defend_B","Zap+1","Dualcast","Sweeping Beam","Turbo","Reinforced Body+1","Go for the Eyes+1","Ball Lightning","Ball Lightning","Self Repair","Gash","Doom and Gloom","Defragment+1","Electrodynamics","Capacitor","Genetic Algorithm+1","Fusion+1","Consume+1","Streamline+1","Beam Cell","Auto Shields+1","Glacier+1","Double Energy+1"],"relics":["Cracked Core","Bag of Marbles","Bag of Preparation","Medical Kit","Bronze Scales","Empty Cage","Toxic Egg 2","Strawberry","Dream Catcher"],"potions_floor_usage":[7,23,25,33,33,33],"damage_taken":[{"damage":0,"enemies":"Small Slimes","floor":1,"turns":2},{"damage":7,"enemies":"Jaw Worm","floor":2,"turns":3},{"damage":0,"enemies":"Cultist","floor":3,"turns":3},{"damage":0,"enemies":"3 Louse","floor":4,"turns":2},{"damage":9,"enemies":"Blue Slaver","floor":5,"turns":4},{"damage":4,"enemies":"Gremlin Nob","floor":7,"turns":3},{"damage":0,"enemies":"2 Fungi Beasts","floor":8,"turns":3},{"damage":7,"enemies":"Large Slime","floor":10,"turns":4},{"damage":5,"enemies":"Gremlin Gang","floor":11,"turns":3},{"damage":7,"enemies":"3 Sentries","floor":14,"turns":4},{"damage":0,"enemies":"Slime Boss","floor":16,"turns":4},{"damage":0,"enemies":"3 Byrds","floor":18,"turns":3},{"damage":7,"enemies":"Chosen","floor":21,"turns":4},{"damage":16,"enemies":"Book of Stabbing","floor":23,"turns":4},{"damage":39,"enemies":"Snecko","floor":25,"turns":4},{"damage":15,"enemies":"Centurion and Healer","floor":28,"turns":5},{"damage":0,"enemies":"Cultist and Chosen","floor":29,"turns":4},{"damage":33,"enemies":"Sentry and Sphere","floor":30,"turns":4},{"damage":7,"enemies":"Chosen and Byrds","floor":31,"turns":4},{"damage":52,"enemies":"Collector","floor":33,"turns":9}],"seed_played":"4559031842219459770","potions_obtained":[{"floor":4,"key":"SkillPotion"},{"floor":5,"key":"SkillPotion"},{"floor":8,"key":"Strength Potion"},{"floor":23,"key":"Dexterity Potion"},{"floor":28,"key":"Swift Potion"},{"floor":30,"key":"SteroidPotion"}],"is_trial":false,"path_per_floor":["M","M","M","M","M","R","E","M","T","M","M","R","$","E","R","B",null,"M","$","?","M","$","E","R","M","T","R","M","M","M","M","R"],"character_chosen":"DEFECT","items_purchased":["Medical Kit","Toxic Egg 2"],"campfire_rested":2,"item_purchase_floors":[13,19],"current_hp_per_floor":[68,61,61,61,52,52,48,48,48,48,43,43,43,36,36,43,67,67,67,67,67,67,58,58,26,26,50,42,49,23,16,40,0],"gold":180,"neow_bonus":"HUNDRED_GOLD","is_prod":false,"is_daily":false,"chose_seed":false,"campfire_upgraded":4,"win_rate":0,"timestamp":1538429258,"path_taken":["M","M","M","M","M","R","E","M","T","M","M","R","$","E","R","BOSS","M","$","?","M","$","E","R","M","T","R","M","M","M","M","R","BOSS"],"build_version":"2018-09-27","purchased_purges":1,"victory":false,"max_hp_per_floor":[75,75,75,75,75,75,75,75,75,75,75,75,75,75,75,75,75,75,75,75,75,75,82,82,82,82,82,82,82,82,82,82,82],"card_choices":[{"not_picked":["Redo","Hologram"],"picked":"Sweeping Beam","floor":1},{"not_picked":["Hologram","Cold Snap"],"picked":"Turbo","floor":2},{"not_picked":["Heatsinks","Chill"],"picked":"Reinforced Body","floor":3},{"not_picked":["Force Field","Fission"],"picked":"Go for the Eyes","floor":4},{"not_picked":["Steam","Sweeping Beam"],"picked":"Ball Lightning","floor":5},{"not_picked":["Redo","Coolheaded"],"picked":"Ball Lightning","floor":7},{"not_picked":["Storm","Hello World"],"picked":"Self Repair","floor":8},{"not_picked":["Compile Driver","Undo"],"picked":"Gash","floor":10},{"not_picked":["Loop","Force Field"],"picked":"Doom and Gloom","floor":11},{"not_picked":["Scrape","Reinforced Body"],"picked":"Defragment","floor":14},{"not_picked":["Machine Learning","Buffer"],"picked":"Electrodynamics","floor":16},{"not_picked":["Stack","Ball Lightning"],"picked":"Capacitor","floor":18},{"not_picked":["Leap+1","Stack+1"],"picked":"Fusion+1","floor":21},{"not_picked":["Go for the Eyes+1","Sweeping Beam","Blizzard+1"],"picked":"SKIP","floor":23},{"not_picked":["Blizzard","Conserve Battery+1"],"picked":"Consume+1","floor":25},{"not_picked":["Meteor Strike","Barrage"],"picked":"Streamline+1","floor":28},{"not_picked":["Chill+1","Gash"],"picked":"Beam Cell","floor":29},{"not_picked":["Redo+1","Cold Snap"],"picked":"Auto Shields+1","floor":30},{"not_picked":["Cold Snap","Ball Lightning"],"picked":"Glacier+1","floor":31},{"not_picked":["Barrage+1","Hologram+1"],"picked":"Double Energy+1","floor":32}],"player_experience":629035,"relics_obtained":[{"floor":7,"key":"Bag of Marbles"},{"floor":9,"key":"Bag of Preparation"},{"floor":14,"key":"Bronze Scales"},{"floor":23,"key":"Strawberry"},{"floor":26,"key":"Dream Catcher"}],"event_choices":[{"event_name":"The Library","player_choice":"Read","floor":20,"damage_taken":0}],"is_beta":false,"boss_relics":[{"not_picked":["Fusion Hammer","Lizard Tail"],"picked":"Empty Cage"}],"items_purged_floors":[13],"is_endless":false,"potions_floor_spawned":[4,5,8,23,28,30,31],"killed_by":"Collector","ascension_level":6}