{"gold_per_floor":[209,228,241,251,29,56,56,56,136,136,136,170,170,195,195,321,321,335,335,182,207,332,332],"floor_reached":23,"playtime":826,"items_purged":["Strike_B"],"score":289,"play_id":"295d17aa-2ab0-40e3-8233-390aa682dd48","local_time":"20181004214419","is_ascension_mode":true,"campfire_choices":[{"floor":7,"key":"DIG"},{"floor":13,"key":"DIG"},{"floor":15,"key":"DIG"}],"neow_cost":"NONE","seed_source_timestamp":5001421261931,"circlet_count":0,"master_deck":["Strike_B+1","Strike_B+1","Defend_B","Defend_B","Defend_B","Defend_B","Zap","Dualcast","Redo","Genetic Algorithm","Auto Shields","Lockon","Electrodynamics","Turbo","White Noise","Creative AI","Recycle","Coolheaded","Leap+1"],"relics":["Cracked Core","DataDisk","Shovel","Strawberry","Golden Idol","Question Card","GremlinMask","Whetstone","Bottled Flame","Lantern","Sozu","PreservedInsect","Bird Faced Urn","Frozen Egg 2"],"potions_floor_usage":[6,22,22,22],"damage_taken":[{"damage":7,"enemies":"Jaw Worm","floor":1,"turns":4},{"damage":1,"enemies":"2 Louse","floor":2,"turns":3},{"damage":1,"enemies":"Cultist","floor":3,"turns":3},{"damage":3,"enemies":"2 Fungi Beasts","floor":4,"turns":4},{"damage":25,"enemies":"3 Sentries","floor":6,"turns":7},{"damage":20,"enemies":"Gremlin Nob","floor":12,"turns":4},{"damage":6,"enemies":"3 Louse","floor":14,"turns":3},{"damage":23,"enemies":"The Guardian","floor":16,"turns":10},{"damage":7,"enemies":"Chosen","floor":18,"turns":3},{"damage":12,"enemies":"2 Thieves","floor":21,"turns":2},{"damage":8,"enemies":"Colosseum Slavers","floor":22,"turns":3},{"damage":19,"enemies":"Colosseum Nobs","floor":22,"turns":5},{"damage":29,"enemies":"Chosen and Byrds","floor":23,"turns":4}],"seed_played":"-8400593606338104723","potions_obtained":[{"floor":3,"key":"Energy Potion"},{"floor":12,"key":"EssenceOfSteel"},{"floor":14,"key":"Fire Potion"},{"floor":16,"key":"SpeedPotion"}],"is_trial":false,"path_per_floor":["M","M","M","M","$","E","R","?","T","?","?","E","R","M","R","B",null,"M","?","$","M","?"],"character_chosen":"DEFECT","items_purchased":["DataDisk","PreservedInsect"],"campfire_rested":0,"item_purchase_floors":[5,20],"current_hp_per_floor":[61,60,59,56,56,31,38,38,38,38,63,43,43,37,37,14,61,54,54,54,42,15,0],"gold":332,"neow_bonus":"HUNDRED_GOLD","is_prod":false,"is_daily":false,"chose_seed":false,"campfire_upgraded":0,"win_rate":0,"timestamp":1538703859,"path_taken":["M","M","M","M","$","E","R","?","T","?","?","E","R","M","R","BOSS","M","?","$","M","?","M"],"build_version":"2018-10-04","purchased_purges":1,"victory":false,"max_hp_per_floor":[75,75,75,75,75,75,82,76,76,76,76,76,76,76,76,76,76,76,76,76,76,76,76],"card_choices":[{"not_picked":["Rip and Tear","Gash"],"picked":"Redo","floor":1},{"not_picked":["Gash","Aggregate"],"picked":"Genetic Algorithm","floor":2},{"not_picked":["Sweeping Beam","Hologram"],"picked":"Auto Shields","floor":3},{"not_picked":["Rebound","Melter"],"picked":"Lockon","floor":4},{"not_picked":["Rebound","Hologram"],"picked":"Electrodynamics","floor":6},{"not_picked":["Barrage","Go for the Eyes","Self Repair"],"picked":"Turbo","floor":12},{"not_picked":["Leap","Heatsinks","Compile Driver"],"picked":"White Noise","floor":14},{"not_picked":["Buffer","Biased Cognition","Machine Learning"],"picked":"Creative AI","floor":16},{"not_picked":["Leap","Hello World","Storm+1","Conserve Battery"],"picked":"SKIP","floor":18},{"not_picked":["Gash","Redo","Static Discharge"],"picked":"Coolheaded","floor":21},{"not_picked":["Ball Lightning","Barrage","Beam Cell"],"picked":"Leap+1","floor":22}],"player_experience":649696,"relics_obtained":[{"floor":6,"key":"Shovel"},{"floor":7,"key":"Strawberry"},{"floor":9,"key":"Question Card"},{"floor":12,"key":"Whetstone"},{"floor":13,"key":"Bottled Flame"},{"floor":15,"key":"Lantern"},{"floor":22,"key":"Bird Faced Urn"},{"floor":22,"key":"Frozen Egg 2"}],"event_choices":[{"event_name":"Golden Idol","player_choice":"Lose Max HP","floor":8,"damage_taken":0},{"event_name":"FaceTrader","player_choice":"Trade","floor":10,"damage_taken":0},{"event_name":"Big Fish","player_choice":"Banana","floor":11,"damage_taken":0},{"event_name":"Transmorgrifier","player_choice":"Transform","floor":19,"damage_taken":0},{"event_name":"Colosseum","player_choice":"Fight","floor":22,"damage_taken":0},{"event_name":"Colosseum","player_choice":"Fought Nobs","floor":22,"damage_taken":0}],"is_beta":false,"boss_relics":[{"not_picked":["Tiny House","Velvet Choker"],"picked":"Sozu"}],"items_purged_floors":[5],"is_endless":false,"potions_floor_spawned":[3,12,14,16,18,21],"killed_by":"Chosen and Byrds","ascension_level":9}