{"gold_per_floor":[119,136,136,14,26,26,60,70,70,70,70,88,114,134,134,233,233,249,259,259,34,50,82,82,97,97,115,135,235,250,270,270,367,367,380,394,253,253,253,285,299,299,299,0,17,17,46,65,65,65],"floor_reached":51,"playtime":4318,"items_purged":["Strike_G","Defend_G","Strike_G"],"score":948,"play_id":"8bdaa1be-1b31-4afc-a08e-60a283ab1a21","local_time":"20190221235308","is_ascension_mode":true,"campfire_choices":[{"data":"Flechettes","floor":6,"key":"SMITH"},{"data":"Dodge and Roll","floor":11,"key":"SMITH"},{"floor":15,"key":"REST"},{"data":"Glass Knife","floor":24,"key":"SMITH"},{"data":"Backflip","floor":32,"key":"SMITH"},{"floor":49,"key":"REST"}],"neow_cost":"NONE","seed_source_timestamp":404823497122500,"circlet_count":0,"master_deck":["Defend_G","Defend_G","Defend_G","Defend_G","Strike_G+1","Strike_G","Strike_G","Survivor","Neutralize","Noxious Fumes","Poisoned Stab","Flechettes+1","PiercingWail","Dodge and Roll+1","Glass Knife+1","Neutralize","Backstab","Deadly Poison","Distraction","Die Die Die+1","Tactician+1","Dagger Throw","Ghostly","Ghostly","Ghostly","Ghostly","Ghostly","Magnetism","Quick Slash","Well Laid Plans","Footwork+1","Backflip+1","After Image","Reflex+1","Acrobatics","Leg Sweep+1","Deflect+1","Terror+1"],"relics":["Ring of the Serpent","Blood Vial","The Courier","Happy Flower","Mercury Hourglass","Ancient Tea Set","Pear","Meat on the Bone","Philosopher\u0027s Stone","Smiling Mask","Whetstone","Red Mask","Oddly Smooth Stone"],"potions_floor_usage":[7,13,16,28,31,33,33,41,47,50,50],"damage_taken":[{"damage":3,"enemies":"2 Louse","floor":1,"turns":4},{"damage":5,"enemies":"Cultist","floor":2,"turns":5},{"damage":3,"enemies":"Jaw Worm","floor":5,"turns":5},{"damage":18,"enemies":"Gremlin Nob","floor":7,"turns":4},{"damage":0,"enemies":"Lots of Slimes","floor":8,"turns":4},{"damage":0,"enemies":"3 Louse","floor":12,"turns":2},{"damage":21,"enemies":"Lagavulin","floor":13,"turns":6},{"damage":0,"enemies":"2 Fungi Beasts","floor":14,"turns":2},{"damage":21,"enemies":"Hexaghost","floor":16,"turns":9},{"damage":7,"enemies":"Shell Parasite","floor":18,"turns":5},{"damage":18,"enemies":"Spheric Guardian","floor":19,"turns":4},{"damage":0,"enemies":"Snake Plant","floor":22,"turns":4},{"damage":22,"enemies":"Book of Stabbing","floor":23,"turns":7},{"damage":4,"enemies":"Centurion and Healer","floor":25,"turns":5},{"damage":3,"enemies":"Sentry and Sphere","floor":27,"turns":5},{"damage":3,"enemies":"3 Cultists","floor":28,"turns":3},{"damage":3,"enemies":"Centurion and Healer","floor":30,"turns":7},{"damage":10,"enemies":"Shelled Parasite and Fungi","floor":31,"turns":5},{"damage":31,"enemies":"Champ","floor":33,"turns":11},{"damage":2,"enemies":"3 Shapes","floor":35,"turns":5},{"damage":12,"enemies":"3 Darklings","floor":36,"turns":6},{"damage":0,"enemies":"Reptomancer","floor":40,"turns":8},{"damage":15,"enemies":"Spire Growth","floor":41,"turns":7},{"damage":0,"enemies":"4 Shapes","floor":45,"turns":6},{"damage":43,"enemies":"Giant Head","floor":47,"turns":12},{"damage":0,"enemies":"Jaw Worm Horde","floor":48,"turns":4},{"damage":30,"enemies":"Time Eater","floor":50,"turns":14}],"seed_played":"-2821384160809998133","potions_obtained":[{"floor":1,"key":"Dexterity Potion"},{"floor":5,"key":"SkillPotion"},{"floor":7,"key":"Dexterity Potion"},{"floor":8,"key":"Strength Potion"},{"floor":18,"key":"PowerPotion"},{"floor":22,"key":"FearPotion"},{"floor":23,"key":"Block Potion"},{"floor":31,"key":"AttackPotion"},{"floor":33,"key":"Ancient Potion"},{"floor":35,"key":"SpeedPotion"},{"floor":36,"key":"Block Potion"},{"floor":39,"key":"EssenceOfSteel"},{"floor":48,"key":"Dexterity Potion"}],"is_trial":false,"path_per_floor":["M","M","?","$","M","R","E","M","T","?","R","M","E","M","R","B",null,"M","M","?","$","M","E","R","M","T","M","M","?","M","M","R","B",null,"M","M","$","?","?","E","M","?","T","?","M","?","E","M","R","B",null],"character_chosen":"THE_SILENT","items_purchased":["Flechettes","Magnetism","Acrobatics"],"campfire_rested":2,"item_purchase_floors":[4,21,37],"current_hp_per_floor":[67,64,64,64,63,63,47,49,49,49,49,51,32,34,55,36,62,57,41,35,35,35,23,23,21,21,32,31,31,30,34,34,17,38,38,28,28,28,28,30,29,29,29,29,31,55,24,38,54,37],"gold":65,"neow_bonus":"RANDOM_COMMON_RELIC","is_prod":false,"is_daily":false,"chose_seed":false,"campfire_upgraded":4,"win_rate":0,"timestamp":1550789588,"path_taken":["M","M","?","$","?","R","E","M","T","?","R","M","E","?","R","BOSS","M","M","?","$","M","E","R","M","T","M","M","?","M","M","R","BOSS","M","M","$","?","?","E","?","?","T","?","M","?","E","M","R","BOSS"],"build_version":"2019-01-23","purchased_purges":3,"victory":true,"max_hp_per_floor":[70,70,70,70,70,70,70,70,70,70,70,70,70,70,70,70,70,70,70,35,35,35,45,45,45,45,45,45,45,45,45,45,45,45,45,45,45,45,45,45,45,45,45,45,45,55,55,55,55,55],"card_choices":[{"not_picked":["Bane","Acrobatics"],"picked":"Noxious Fumes","floor":1},{"not_picked":["Accuracy","Terror"],"picked":"Poisoned Stab","floor":2},{"not_picked":["Dodge and Roll","Dagger Throw"],"picked":"PiercingWail","floor":5},{"not_picked":["Flying Knee","Poisoned Stab"],"picked":"Dodge and Roll","floor":7},{"not_picked":["Finisher","Heel Hook"],"picked":"Glass Knife","floor":8},{"not_picked":["Dodge and Roll","Slice"],"picked":"Backstab","floor":12},{"not_picked":["Flechettes","Burst"],"picked":"Deadly Poison","floor":13},{"not_picked":["Outmaneuver","Poisoned Stab"],"picked":"Distraction","floor":14},{"not_picked":["Venomology","Grand Finale"],"picked":"Die Die Die","floor":16},{"not_picked":["Poisoned Stab+1","Sucker Punch"],"picked":"Tactician+1","floor":18},{"not_picked":["Bane","Bouncing Flask+1"],"picked":"Dagger Throw","floor":19},{"not_picked":["Dagger Throw","Terror"],"picked":"Quick Slash","floor":22},{"not_picked":["Flying Knee","Grand Finale"],"picked":"Well Laid Plans","floor":23},{"not_picked":["Bane","Sucker Punch"],"picked":"Footwork+1","floor":25},{"not_picked":["Footwork","Choke","Bane"],"picked":"SKIP","floor":27},{"not_picked":["Caltrops","Underhanded Strike","Backflip"],"picked":"SKIP","floor":28},{"not_picked":["Poisoned Stab","Skewer","Caltrops"],"picked":"SKIP","floor":30},{"not_picked":["Sucker Punch","Finisher"],"picked":"Backflip","floor":31},{"not_picked":["Venomology","A Thousand Cuts"],"picked":"After Image","floor":33},{"not_picked":["Riddle With Holes+1","Skewer","Noxious Fumes+1"],"picked":"SKIP","floor":35},{"not_picked":["PiercingWail+1","Blur"],"picked":"Reflex+1","floor":36},{"not_picked":["Distraction","Skewer"],"picked":"Leg Sweep+1","floor":40},{"not_picked":["Cloak And Dagger+1","Backflip","Underhanded Strike"],"picked":"SKIP","floor":41},{"not_picked":["Deep Breath","Purity"],"picked":"Sadistic Nature","floor":42},{"not_picked":["Dagger Spray","PiercingWail+1","Dagger Throw+1"],"picked":"SKIP","floor":45},{"not_picked":["Glass Knife","Quick Slash+1"],"picked":"Deflect+1","floor":47},{"not_picked":["Crippling Poison+1","Blade Dance+1"],"picked":"Terror+1","floor":48}],"player_experience":336969,"relics_obtained":[{"floor":7,"key":"Happy Flower"},{"floor":9,"key":"Mercury Hourglass"},{"floor":13,"key":"Ancient Tea Set"},{"floor":23,"key":"Pear"},{"floor":26,"key":"Meat on the Bone"},{"floor":40,"key":"Smiling Mask"},{"floor":43,"key":"Whetstone"},{"floor":47,"key":"Oddly Smooth Stone"}],"event_choices":[{"damage_healed":0,"gold_gain":0,"player_choice":"Gave Potion","damage_taken":0,"relics_obtained":["The Courier"],"max_hp_gain":0,"max_hp_loss":0,"event_name":"WeMeetAgain","floor":3,"gold_loss":0},{"damage_healed":0,"gold_gain":0,"player_choice":"1 cards matched","damage_taken":0,"max_hp_gain":0,"max_hp_loss":0,"event_name":"Match and Keep!","floor":10,"gold_loss":0,"cards_obtained":["Neutralize"]},{"damage_healed":0,"gold_gain":0,"player_choice":"Became a Ghost","damage_taken":0,"max_hp_gain":0,"max_hp_loss":35,"event_name":"Ghosts","floor":20,"gold_loss":0,"cards_obtained":["Ghostly","Ghostly","Ghostly","Ghostly","Ghostly"]},{"damage_healed":0,"gold_gain":100,"player_choice":"Pray","damage_taken":0,"max_hp_gain":0,"max_hp_loss":0,"event_name":"Golden Shrine","floor":29,"gold_loss":0},{"damage_healed":0,"gold_gain":0,"player_choice":"Ignored","damage_taken":0,"max_hp_gain":0,"max_hp_loss":0,"event_name":"Mysterious Sphere","floor":38,"gold_loss":0},{"damage_healed":0,"gold_gain":0,"player_choice":"Got Potions","damage_taken":0,"max_hp_gain":0,"max_hp_loss":0,"event_name":"Lab","floor":39,"gold_loss":0},{"damage_healed":0,"gold_gain":0,"player_choice":"Memory 1","damage_taken":0,"max_hp_gain":0,"max_hp_loss":0,"event_name":"SensoryStone","floor":42,"gold_loss":0},{"damage_healed":0,"gold_gain":0,"player_choice":"Paid","damage_taken":0,"relics_obtained":["Red Mask"],"max_hp_gain":0,"max_hp_loss":0,"event_name":"Tomb of Lord Red Mask","floor":44,"gold_loss":299},{"cards_removed":["Sadistic Nature"],"damage_healed":14,"gold_gain":0,"player_choice":"Offered Rare","damage_taken":0,"max_hp_gain":10,"max_hp_loss":0,"event_name":"Bonfire Elementals","floor":46,"gold_loss":0}],"is_beta":false,"boss_relics":[{"not_picked":["Ectoplasm","Coffee Dripper"],"picked":"Ring of the Serpent"},{"not_picked":["WristBlade","Orrery"],"picked":"Philosopher\u0027s Stone"}],"items_purged_floors":[4,21,37],"is_endless":false,"potions_floor_spawned":[1,5,7,8,18,22,23,31,33,35,36,40,48],"ascension_level":5}