{"gold_per_floor":[117,130,55,1,14,14,39,65,147,161,161,236,263,49,49,124,124,141,61,61,72,72,72,72],"floor_reached":24,"playtime":1209,"items_purged":["Strike_B"],"score":479,"play_id":"b71a2288-b2ea-4c1e-bc1c-f9d7aa3161cb","local_time":"20190225191751","is_ascension_mode":true,"campfire_choices":[{"data":"Zap","floor":6,"key":"SMITH"},{"floor":11,"key":"REST"},{"floor":15,"key":"REST"},{"data":"Defragment","floor":23,"key":"SMITH"}],"neow_cost":"NONE","seed_source_timestamp":935237352620921,"circlet_count":0,"master_deck":["AscendersBane","Defend_B","Defend_B","Defend_B","Defend_B","Zap+1","Dualcast","Gash","Beam Cell","Sweeping Beam","Conserve Battery","Coolheaded","Leap","Defragment+1","Coolheaded","Cold Snap","Echo Form","Genetic Algorithm","Barrage"],"relics":["Cracked Core","Happy Flower","Odd Mushroom","Letter Opener","DataDisk","Runic Pyramid"],"potions_floor_usage":[7,16,24,24],"damage_taken":[{"damage":0,"enemies":"2 Louse","floor":1,"turns":2},{"damage":2,"enemies":"Jaw Worm","floor":2,"turns":3},{"damage":7,"enemies":"Small Slimes","floor":5,"turns":3},{"damage":20,"enemies":"3 Sentries","floor":7,"turns":6},{"damage":14,"enemies":"The Mushroom Lair","floor":8,"turns":4},{"damage":6,"enemies":"Blue Slaver","floor":10,"turns":3},{"damage":9,"enemies":"Lagavulin","floor":13,"turns":7},{"damage":0,"enemies":"The Guardian","floor":16,"turns":10},{"damage":4,"enemies":"Spheric Guardian","floor":18,"turns":4},{"damage":20,"enemies":"2 Thieves","floor":19,"turns":4},{"damage":18,"enemies":"Chosen and Byrds","floor":21,"turns":8},{"damage":26,"enemies":"Slavers","floor":24,"turns":2}],"seed_played":"170253624777891125","potions_obtained":[{"floor":1,"key":"Swift Potion"},{"floor":16,"key":"GamblersBrew"},{"floor":21,"key":"EssenceOfSteel"}],"is_trial":false,"path_per_floor":["M","M","?","$","M","R","E","?","T","M","R","?","E","$","R","B",null,"M","M","?","M","$","R","E"],"character_chosen":"DEFECT","items_purchased":["Strength Potion","Coolheaded","Cold Snap","Strength Potion"],"campfire_rested":2,"item_purchase_floors":[4,14,14,14],"current_hp_per_floor":[64,62,62,62,55,55,35,21,21,15,36,25,16,16,37,37,63,59,39,39,21,21,21,0],"gold":72,"neow_bonus":"REMOVE_CARD","is_prod":false,"is_daily":false,"chose_seed":false,"campfire_upgraded":2,"win_rate":0,"timestamp":1551143871,"path_taken":["M","M","?","$","M","R","E","?","T","M","R","?","E","$","R","BOSS","M","M","?","M","$","R","E"],"build_version":"2019-01-23","purchased_purges":1,"victory":false,"max_hp_per_floor":[71,71,71,71,71,71,71,71,71,71,71,71,71,71,71,71,71,71,71,71,71,71,71,71],"card_choices":[{"not_picked":["Tempest","Hello World"],"picked":"Gash","floor":1},{"not_picked":["Compile Driver","Stack"],"picked":"Beam Cell","floor":2},{"not_picked":["Skim","Hologram"],"picked":"Sweeping Beam","floor":5},{"not_picked":["Rebound","Redo"],"picked":"Conserve Battery","floor":7},{"not_picked":["White Noise","Beam Cell"],"picked":"Coolheaded","floor":8},{"not_picked":["FTL","Lockon"],"picked":"Leap","floor":10},{"not_picked":["Steam","Core Surge"],"picked":"Defragment","floor":13},{"not_picked":["Core Surge","Machine Learning"],"picked":"Echo Form","floor":16},{"not_picked":["Streamline","Reprogram"],"picked":"Genetic Algorithm","floor":18},{"not_picked":["Turbo","Streamline"],"picked":"Barrage","floor":19},{"not_picked":["Barrage","Sweeping Beam","Hologram"],"picked":"SKIP","floor":21}],"player_experience":535084,"relics_obtained":[{"floor":7,"key":"Happy Flower"},{"floor":8,"key":"Odd Mushroom"},{"floor":9,"key":"Letter Opener"},{"floor":13,"key":"DataDisk"}],"event_choices":[{"cards_removed":["Strike_B"],"damage_healed":0,"gold_gain":0,"player_choice":"Card Removal","damage_taken":0,"max_hp_gain":0,"max_hp_loss":0,"event_name":"The Cleric","floor":3,"gold_loss":75},{"damage_healed":0,"gold_gain":0,"player_choice":"Fought Mushrooms","damage_taken":0,"max_hp_gain":0,"max_hp_loss":0,"event_name":"Mushrooms","floor":8,"gold_loss":0},{"damage_healed":0,"gold_gain":75,"player_choice":"Gather Gold","damage_taken":11,"max_hp_gain":0,"max_hp_loss":0,"event_name":"World of Goop","floor":12,"gold_loss":0},{"cards_removed":["Strike_B"],"damage_healed":0,"gold_gain":0,"player_choice":"Elegance","damage_taken":0,"max_hp_gain":0,"max_hp_loss":0,"event_name":"Back to Basics","floor":20,"gold_loss":0}],"is_beta":false,"boss_relics":[{"not_picked":["Inserter","White Beast Statue"],"picked":"Runic Pyramid"}],"items_purged_floors":[14],"is_endless":false,"potions_floor_spawned":[1,16,21],"killed_by":"Slavers","ascension_level":18}