{"gold_per_floor":[110,127,127,127,143,143,172,172,240,270,288,319,319,350,350,423,423,443,461,39,39,39,39,70,84,110,142,142,142,161,175,175,248,248,263,263,42,58,31,60,60,70,70,99,99,109,122,148,148,148],"floor_reached":51,"playtime":2769,"items_purged":["Strike_B","Strike_B"],"score":1503,"play_id":"3ae17e1c-e833-46c9-8349-9c657ef34b0b","local_time":"20190303190225","is_ascension_mode":true,"campfire_choices":[{"data":"Self Repair","floor":6,"key":"SMITH"},{"data":"Beam Cell","floor":8,"key":"SMITH"},{"data":"Echo Form","floor":15,"key":"SMITH"},{"floor":23,"key":"REST"},{"floor":28,"key":"REST"},{"floor":32,"key":"RECALL"},{"floor":41,"key":"REST"},{"floor":45,"key":"REST"},{"floor":49,"key":"REST"}],"neow_cost":"NONE","seed_source_timestamp":3377363034964,"circlet_count":0,"master_deck":["AscendersBane","Strike_B","Strike_B","Defend_B","Defend_B","Defend_B","Defend_B","Zap+1","Dualcast","Self Repair+1","Rip and Tear+1","Cold Snap","Beam Cell+1","Echo Form+1","Ball Lightning","Cold Snap","Electrodynamics","Conserve Battery+1","Defragment","White Noise","Go for the Eyes","Echo Form","Conserve Battery","Coolheaded+1","White Noise","Coolheaded+1","Buffer"],"relics":["Cracked Core","WarpedTongs","Anchor","Pear","Torii","Pocketwatch","Darkstone Periapt","Fusion Hammer","Membership Card","Potion Belt","Bronze Scales","Lantern","Blue Candle","Snecko Eye","Molten Egg 2","Shuriken","Toxic Egg 2","The Courier","Vajra"],"potions_floor_usage":[7,16,24,27,27,30,33,50,50,50],"damage_taken":[{"damage":0,"enemies":"Cultist","floor":1,"turns":3},{"damage":0,"enemies":"Small Slimes","floor":2,"turns":2},{"damage":10,"enemies":"Jaw Worm","floor":5,"turns":3},{"damage":12,"enemies":"Gremlin Nob","floor":7,"turns":3},{"damage":15,"enemies":"3 Sentries","floor":10,"turns":8},{"damage":3,"enemies":"2 Fungi Beasts","floor":11,"turns":2},{"damage":33,"enemies":"Gremlin Nob","floor":12,"turns":4},{"damage":20,"enemies":"Lagavulin","floor":14,"turns":5},{"damage":5,"enemies":"Hexaghost","floor":16,"turns":7},{"damage":0,"enemies":"Chosen","floor":18,"turns":3},{"damage":13,"enemies":"Spheric Guardian","floor":19,"turns":4},{"damage":14,"enemies":"Slavers","floor":24,"turns":4},{"damage":12,"enemies":"3 Cultists","floor":25,"turns":4},{"damage":8,"enemies":"Book of Stabbing","floor":27,"turns":5},{"damage":12,"enemies":"Snecko","floor":30,"turns":5},{"damage":1,"enemies":"Centurion and Healer","floor":31,"turns":4},{"damage":35,"enemies":"Champ","floor":33,"turns":11},{"damage":14,"enemies":"3 Darklings","floor":35,"turns":5},{"damage":0,"enemies":"3 Shapes","floor":38,"turns":4},{"damage":54,"enemies":"Nemesis","floor":40,"turns":9},{"damage":2,"enemies":"Sphere and 2 Shapes","floor":42,"turns":5},{"damage":0,"enemies":"Giant Head","floor":44,"turns":10},{"damage":0,"enemies":"4 Shapes","floor":46,"turns":3},{"damage":15,"enemies":"Maw","floor":47,"turns":10},{"damage":26,"enemies":"Reptomancer","floor":48,"turns":7},{"damage":53,"enemies":"Time Eater","floor":50,"turns":14}],"seed_played":"-5955826927946862048","potions_obtained":[{"floor":1,"key":"Fire Potion"},{"floor":7,"key":"EssenceOfSteel"},{"floor":14,"key":"LiquidBronze"},{"floor":16,"key":"EssenceOfSteel"},{"floor":25,"key":"Swift Potion"},{"floor":27,"key":"Regen Potion"},{"floor":29,"key":"Energy Potion"},{"floor":30,"key":"Explosive Potion"},{"floor":33,"key":"SmokeBomb"},{"floor":42,"key":"FairyPotion"},{"floor":47,"key":"Block Potion"}],"is_trial":false,"path_per_floor":["M","M","?","?","M","R","E","R","T","E","M","E","?","E","R","B",null,"M","M","$","?","?","R","E","M","T","E","R","?","M","M","R","B",null,"M","?","$","M","$","E","R","M","T","E","R","M","M","E","R","B",null],"character_chosen":"DEFECT","items_purchased":["Membership Card","Conserve Battery","Potion Belt","Swift Potion","Energy Potion","Molten Egg 2","Conserve Battery","PowerPotion"],"campfire_rested":5,"item_purchase_floors":[20,20,20,20,20,37,37,39],"current_hp_per_floor":[64,64,64,64,61,61,59,59,69,64,71,48,41,41,41,46,72,72,69,69,69,69,81,77,75,75,77,81,81,81,81,81,65,77,81,81,81,81,81,47,71,79,79,81,81,81,76,70,81,38],"gold":148,"neow_bonus":"UPGRADE_CARD","is_prod":false,"is_daily":false,"chose_seed":false,"campfire_upgraded":3,"win_rate":0,"timestamp":1551607345,"path_taken":["M","M","?","?","?","R","E","R","T","E","M","E","?","E","R","BOSS","M","M","$","?","?","R","E","?","T","E","R","?","M","M","R","BOSS","M","?","$","M","?","E","R","M","T","E","R","M","M","E","R","BOSS"],"build_version":"2019-01-23","purchased_purges":2,"victory":true,"max_hp_per_floor":[71,71,71,71,71,71,71,71,81,81,81,81,81,81,81,81,81,81,81,81,81,81,81,81,81,81,81,81,81,81,81,81,81,81,81,81,81,81,81,81,81,81,81,81,81,81,81,81,81,81],"card_choices":[{"not_picked":["Stack","Gash"],"picked":"Self Repair","floor":1},{"not_picked":["Leap","Undo"],"picked":"Rip and Tear","floor":2},{"not_picked":["Rebound","Darkness"],"picked":"Cold Snap","floor":5},{"not_picked":["All For One","Redo"],"picked":"Beam Cell","floor":7},{"not_picked":["Sweeping Beam","Turbo"],"picked":"Echo Form","floor":10},{"not_picked":["Scrape","Redo"],"picked":"Ball Lightning","floor":11},{"not_picked":["Scrape","Machine Learning","Fusion"],"picked":"SKIP","floor":12},{"not_picked":["Chill","Undo"],"picked":"Cold Snap","floor":14},{"not_picked":["All For One","Meteor Strike"],"picked":"Electrodynamics","floor":16},{"not_picked":["Beam Cell","Stack","Barrage"],"picked":"SKIP","floor":18},{"not_picked":["Ball Lightning","Steam Power","Lockon"],"picked":"SKIP","floor":19},{"not_picked":["FTL","Stack","Reprogram+1"],"picked":"SKIP","floor":24},{"not_picked":["Barrage","Coolheaded"],"picked":"Defragment","floor":25},{"not_picked":["Sunder","Sweeping Beam"],"picked":"White Noise","floor":27},{"not_picked":["Beam Cell","Ball Lightning","Turbo"],"picked":"SKIP","floor":30},{"not_picked":["Beam Cell","Steam"],"picked":"Go for the Eyes","floor":31},{"not_picked":["Machine Learning","Seek"],"picked":"Echo Form","floor":33},{"not_picked":["Go for the Eyes","Gash","Tempest"],"picked":"SKIP","floor":35},{"not_picked":["Rebound+1","Stack+1"],"picked":"Coolheaded+1","floor":38},{"not_picked":["Machine Learning","Fusion+1","Melter+1"],"picked":"SKIP","floor":40},{"not_picked":["Streamline+1","Self Repair+1"],"picked":"White Noise","floor":42},{"not_picked":["Rebound+1","Double Energy+1"],"picked":"Coolheaded+1","floor":44},{"not_picked":["Redo+1","Ball Lightning+1","Conserve Battery+1"],"picked":"SKIP","floor":46},{"not_picked":["Cold Snap+1","Sweeping Beam+1","Steam Power+1"],"picked":"SKIP","floor":47},{"not_picked":["Cold Snap+1","Turbo+1"],"picked":"Buffer","floor":48}],"player_experience":815222,"relics_obtained":[{"floor":7,"key":"Anchor"},{"floor":9,"key":"Pear"},{"floor":10,"key":"Torii"},{"floor":12,"key":"Pocketwatch"},{"floor":14,"key":"Darkstone Periapt"},{"floor":24,"key":"Bronze Scales"},{"floor":26,"key":"Lantern"},{"floor":27,"key":"Blue Candle"},{"floor":40,"key":"Shuriken"},{"floor":43,"key":"Toxic Egg 2"},{"floor":44,"key":"The Courier"},{"floor":48,"key":"Vajra"}],"event_choices":[{"damage_healed":0,"gold_gain":0,"player_choice":"Grow","damage_taken":0,"max_hp_gain":0,"max_hp_loss":0,"event_name":"Living Wall","floor":3,"gold_loss":0,"cards_upgraded":["Rip and Tear"]},{"damage_healed":0,"gold_gain":0,"player_choice":"Rummage","damage_taken":0,"relics_obtained":["WarpedTongs"],"max_hp_gain":0,"max_hp_loss":0,"event_name":"Accursed Blacksmith","floor":4,"gold_loss":0,"cards_obtained":["Pain"]},{"cards_removed":["Pain"],"damage_healed":0,"gold_gain":0,"player_choice":"Card Removal","damage_taken":7,"max_hp_gain":0,"max_hp_loss":0,"event_name":"Golden Wing","floor":13,"gold_loss":0},{"damage_healed":0,"gold_gain":0,"player_choice":"Upgraded","damage_taken":0,"max_hp_gain":0,"max_hp_loss":0,"event_name":"Upgrade Shrine","floor":22,"gold_loss":0,"cards_upgraded":["Conserve Battery"]},{"damage_healed":0,"gold_gain":0,"player_choice":"Got Potions","damage_taken":0,"max_hp_gain":0,"max_hp_loss":0,"event_name":"Lab","floor":29,"gold_loss":0},{"damage_healed":0,"gold_gain":0,"player_choice":"Ignored","damage_taken":0,"max_hp_gain":0,"max_hp_loss":0,"event_name":"Tomb of Lord Red Mask","floor":36,"gold_loss":0}],"is_beta":false,"boss_relics":[{"not_picked":["Empty Cage","Runic Pyramid"],"picked":"Fusion Hammer"},{"not_picked":["Tiny House","Nuclear Battery"],"picked":"Snecko Eye"}],"items_purged_floors":[20,37],"is_endless":false,"potions_floor_spawned":[1,7,14,16,18,25,27,30,33,40,42,46,47],"ascension_level":18}