{"gold_per_floor":[111,111,63,75,89,89,89,114,114,114,134,144,171,183,183,282,282,293,15,28,38,54,86,103,131,131,131,131,147,147,164,164,265,265,282,210,220,220,167,167,201,215,215,227,227,253,265,39,39,39],"floor_reached":51,"playtime":5350,"items_purged":[],"score":789,"play_id":"85f6eb3f-8760-405c-9cad-de489ad3e46b","local_time":"20190302033340","is_ascension_mode":false,"campfire_choices":[{"data":"Coolheaded","floor":7,"key":"SMITH"},{"data":"Defragment","floor":10,"key":"SMITH"},{"data":"Aggregate","floor":15,"key":"SMITH"},{"data":"Defragment","floor":28,"key":"SMITH"},{"data":"Self Repair","floor":30,"key":"SMITH"},{"data":"Coolheaded","floor":32,"key":"SMITH"},{"data":"Barrage","floor":40,"key":"SMITH"},{"data":"Amplify","floor":45,"key":"SMITH"},{"data":"Capacitor","floor":47,"key":"SMITH"},{"data":"Heatsinks","floor":49,"key":"SMITH"}],"neow_cost":"NONE","seed_source_timestamp":138824355253810,"circlet_count":0,"master_deck":["Strike_B","Strike_B","Defend_B","Defend_B","Defend_B","Defend_B","Zap+1","Dualcast","Ball Lightning","Streamline","Coolheaded+1","Beam Cell","Defragment+1","Conserve Battery","Undo","Coolheaded+1","Aggregate+1","Buffer","Steam","Defragment+1","Self Repair+1","Steam Power","Amplify+1","Heatsinks+1","FTL+1","White Noise","Machine Learning","Conserve Battery+1","Capacitor+1","Barrage+1","Glacier","Hologram+1"],"relics":["FrozenCore","Gambling Chip","Cables","Art of War","Sozu","Runic Capacitor","Gremlin Horn","Red Mask","Symbiotic Virus","Unceasing Top","Dodecahedron","Bottled Tornado","MawBank","Mummified Hand"],"potions_floor_usage":[13,13,50],"damage_taken":[{"damage":1,"enemies":"Jaw Worm","floor":1,"turns":4},{"damage":0,"enemies":"2 Louse","floor":4,"turns":2},{"damage":0,"enemies":"Cultist","floor":5,"turns":2},{"damage":22,"enemies":"Lagavulin","floor":8,"turns":4},{"damage":0,"enemies":"Large Slime","floor":11,"turns":3},{"damage":3,"enemies":"Lots of Slimes","floor":12,"turns":3},{"damage":8,"enemies":"Gremlin Nob","floor":13,"turns":3},{"damage":0,"enemies":"Exordium Thugs","floor":14,"turns":4},{"damage":0,"enemies":"Slime Boss","floor":16,"turns":9},{"damage":0,"enemies":"Shell Parasite","floor":18,"turns":4},{"damage":0,"enemies":"Chosen","floor":20,"turns":4},{"damage":3,"enemies":"Centurion and Healer","floor":21,"turns":7},{"damage":19,"enemies":"3 Cultists","floor":22,"turns":5},{"damage":11,"enemies":"Book of Stabbing","floor":23,"turns":5},{"damage":12,"enemies":"Shelled Parasite and Fungi","floor":24,"turns":6},{"damage":39,"enemies":"Masked Bandits","floor":25,"turns":5},{"damage":0,"enemies":"Centurion and Healer","floor":29,"turns":4},{"damage":0,"enemies":"Snecko","floor":31,"turns":4},{"damage":36,"enemies":"Collector","floor":33,"turns":7},{"damage":0,"enemies":"3 Shapes","floor":35,"turns":5},{"damage":0,"enemies":"Orb Walker","floor":37,"turns":6},{"damage":0,"enemies":"Nemesis","floor":41,"turns":9},{"damage":13,"enemies":"4 Shapes","floor":42,"turns":5},{"damage":0,"enemies":"Spire Growth","floor":44,"turns":4},{"damage":0,"enemies":"Giant Head","floor":46,"turns":8},{"damage":6,"enemies":"Time Eater","floor":50,"turns":13}],"seed_played":"-1931215667906688343","potions_obtained":[{"floor":1,"key":"PowerPotion"},{"floor":4,"key":"Explosive Potion"},{"floor":5,"key":"Energy Potion"}],"is_trial":false,"path_per_floor":["M","?","$","M","M","?","R","E","T","R","M","M","E","M","R","B",null,"M","$","M","M","M","E","M","?","T","?","R","M","R","M","R","B",null,"M","$","M","?","$","R","E","M","T","M","R","E","R","$","R","B",null],"character_chosen":"DEFECT","items_purchased":["Streamline","Runic Capacitor","Defragment","Capacitor","Barrage","Mummified Hand"],"campfire_rested":0,"item_purchase_floors":[3,19,19,36,39,48],"current_hp_per_floor":[81,81,81,81,81,74,74,52,52,52,52,49,41,41,41,41,82,82,82,82,79,67,63,65,40,40,40,40,47,47,57,57,31,82,82,82,82,82,82,82,82,79,79,79,79,82,82,82,82,82],"gold":39,"neow_bonus":"TEN_PERCENT_HP_BONUS","is_prod":false,"is_daily":false,"chose_seed":false,"campfire_upgraded":10,"win_rate":0,"timestamp":1551490420,"path_taken":["M","?","$","M","M","?","R","E","T","R","?","M","E","M","R","BOSS","M","$","M","M","M","E","M","?","T","?","R","M","R","?","R","BOSS","M","$","M","?","$","R","E","M","T","M","R","E","R","?","R","BOSS"],"build_version":"2019-01-23","purchased_purges":0,"victory":true,"max_hp_per_floor":[82,82,82,82,82,82,82,82,82,82,82,82,82,82,82,82,82,82,82,82,82,82,82,82,82,82,82,82,82,82,82,82,82,82,82,82,82,82,82,82,82,82,82,82,82,82,82,82,82,82],"card_choices":[{"not_picked":["Steam Power","Fusion"],"picked":"Ball Lightning","floor":1},{"not_picked":["Heatsinks","Rebound"],"picked":"Coolheaded","floor":4},{"not_picked":["Lockon","Storm"],"picked":"Beam Cell","floor":5},{"not_picked":["Steam","Turbo"],"picked":"Defragment","floor":8},{"not_picked":["Blizzard","Beam Cell"],"picked":"Conserve Battery","floor":11},{"not_picked":["Cold Snap","Beam Cell"],"picked":"Undo","floor":12},{"not_picked":["Fusion","Double Energy"],"picked":"Coolheaded","floor":13},{"not_picked":["Cold Snap","Leap"],"picked":"Aggregate","floor":14},{"not_picked":["All For One","Meteor Strike"],"picked":"Buffer","floor":16},{"not_picked":["Redo+1","Rebound+1"],"picked":"Steam","floor":18},{"not_picked":["Gash+1","Stack","Turbo"],"picked":"SKIP","floor":20},{"not_picked":["Turbo","Coolheaded"],"picked":"Self Repair","floor":21},{"not_picked":["Force Field+1","Beam Cell"],"picked":"Steam Power","floor":22},{"not_picked":["Steam+1","Cold Snap"],"picked":"Amplify","floor":23},{"not_picked":["Rip and Tear","Steam","Rebound+1"],"picked":"SKIP","floor":24},{"not_picked":["BootSequence+1","Sweeping Beam+1"],"picked":"Heatsinks","floor":25},{"not_picked":["Turbo","Reprogram"],"picked":"FTL+1","floor":29},{"not_picked":["Leap","Beam Cell"],"picked":"White Noise","floor":31},{"not_picked":["Buffer","Thunder Strike"],"picked":"Machine Learning","floor":33},{"not_picked":["Stack+1","Coolheaded"],"picked":"Conserve Battery+1","floor":35},{"not_picked":["Steam","Defragment","Hello World"],"picked":"SKIP","floor":37},{"not_picked":["Conserve Battery","Fission","Steam+1"],"picked":"SKIP","floor":41},{"not_picked":["Coolheaded","Rebound"],"picked":"Glacier","floor":42},{"not_picked":["Sweeping Beam+1","Leap+1"],"picked":"Hologram+1","floor":44},{"not_picked":["Redo","Cold Snap+1","Scrape+1"],"picked":"SKIP","floor":46}],"player_experience":558817,"relics_obtained":[{"floor":8,"key":"Gambling Chip"},{"floor":9,"key":"Cables"},{"floor":13,"key":"Art of War"},{"floor":23,"key":"Gremlin Horn"},{"floor":25,"key":"Red Mask"},{"floor":26,"key":"Symbiotic Virus"},{"floor":38,"key":"Unceasing Top"},{"floor":41,"key":"Dodecahedron"},{"floor":43,"key":"Bottled Tornado"},{"floor":46,"key":"MawBank"}],"event_choices":[{"damage_healed":0,"gold_gain":0,"player_choice":"Grow","damage_taken":0,"max_hp_gain":0,"max_hp_loss":0,"event_name":"Living Wall","floor":2,"gold_loss":0,"cards_upgraded":["Zap"]},{"cards_removed":["Strike_B"],"damage_healed":0,"gold_gain":0,"player_choice":"Card Removal","damage_taken":7,"max_hp_gain":0,"max_hp_loss":0,"event_name":"Golden Wing","floor":6,"gold_loss":0},{"damage_healed":0,"gold_gain":0,"player_choice":"Fought Bandits","damage_taken":0,"max_hp_gain":0,"max_hp_loss":0,"event_name":"Masked Bandits","floor":25,"gold_loss":0},{"cards_removed":["Strike_B"],"damage_healed":0,"gold_gain":0,"player_choice":"Offered Basic","damage_taken":0,"max_hp_gain":0,"max_hp_loss":0,"event_name":"Bonfire Elementals","floor":27,"gold_loss":0},{"damage_healed":0,"gold_gain":0,"player_choice":"Relic","damage_taken":0,"max_hp_gain":0,"max_hp_loss":0,"event_name":"Wheel of Change","floor":38,"gold_loss":0}],"is_beta":false,"boss_relics":[{"not_picked":["Black Star","Coffee Dripper"],"picked":"Sozu"},{"not_picked":["Snecko Eye","Empty Cage"],"picked":"FrozenCore"}],"items_purged_floors":[],"is_endless":false,"potions_floor_spawned":[1,4,5,18,22,23,24,29,37,42,44],"ascension_level":0}