{"gold_per_floor":[17,31,31,46,56,87,99,125,125,136,166,166,176,192,192,296,296,310,310,328,328,340,370,381,406,406,433,448,297,297,325,325,427,427,444,444,454,468,368,368,397,272,297,316,166,198,198,210,210,210],"floor_reached":51,"playtime":5227,"items_purged":["Darkness+1","Go for the Eyes","Go for the Eyes","Parasite"],"score":967,"play_id":"5fa7256a-3e11-4d9f-8c0c-cf8fc9eb5a0f","local_time":"20181008225915","is_ascension_mode":true,"campfire_choices":[{"floor":12,"key":"REST"},{"data":"Fission","floor":15,"key":"SMITH"},{"data":"Echo Form","floor":30,"key":"SMITH"},{"data":"Loop","floor":32,"key":"SMITH"},{"data":"Blizzard","floor":40,"key":"SMITH"},{"floor":49,"key":"REST"}],"neow_cost":"NO_GOLD","seed_source_timestamp":740266348238875,"circlet_count":0,"master_deck":["Defend_B+1","Zap+1","Dualcast+1","Reinforced Body+1","Conserve Battery+1","Loop+1","Cold Snap+1","Cold Snap+1","Fission+1","Glacier+1","Barrage+1","Echo Form+1","Rip and Tear+1","Go for the Eyes+1","Chill+1","Ball Lightning+1","Glacier+1","Core Surge+1","Cold Snap+1","Blizzard+1","Sunder+1","Biased Cognition+1","Ball Lightning+1","Ball Lightning+1","Defragment+1"],"relics":["Cracked Core","Mercury Hourglass","Orichalcum","War Paint","PreservedInsect","Astrolabe","Pear","Ice Cream","Ornamental Fan","Mummified Hand","Red Mask","Anchor","Cursed Key","Strawberry","Centennial Puzzle","Blood Vial","Mark of the Bloom"],"potions_floor_usage":[6,8,8,11,16,22,23,33,33,41,41,50],"damage_taken":[{"damage":4,"enemies":"2 Louse","floor":1,"turns":3},{"damage":2,"enemies":"Jaw Worm","floor":2,"turns":5},{"damage":0,"enemies":"Small Slimes","floor":4,"turns":3},{"damage":13,"enemies":"Exordium Wildlife","floor":5,"turns":5},{"damage":20,"enemies":"Lagavulin","floor":6,"turns":7},{"damage":1,"enemies":"3 Louse","floor":7,"turns":2},{"damage":3,"enemies":"3 Sentries","floor":8,"turns":5},{"damage":0,"enemies":"Gremlin Gang","floor":10,"turns":3},{"damage":11,"enemies":"Gremlin Nob","floor":11,"turns":5},{"damage":0,"enemies":"Exordium Wildlife","floor":13,"turns":2},{"damage":3,"enemies":"3 Louse","floor":14,"turns":2},{"damage":6,"enemies":"Hexaghost","floor":16,"turns":14},{"damage":9,"enemies":"3 Byrds","floor":18,"turns":5},{"damage":1,"enemies":"Spheric Guardian","floor":20,"turns":4},{"damage":0,"enemies":"Snecko","floor":22,"turns":5},{"damage":12,"enemies":"Book of Stabbing","floor":23,"turns":4},{"damage":4,"enemies":"Cultist and Chosen","floor":24,"turns":7},{"damage":12,"enemies":"Gremlin Leader","floor":25,"turns":6},{"damage":8,"enemies":"Masked Bandits","floor":27,"turns":4},{"damage":0,"enemies":"3 Cultists","floor":28,"turns":4},{"damage":0,"enemies":"Book of Stabbing","floor":31,"turns":5},{"damage":0,"enemies":"Collector","floor":33,"turns":9},{"damage":0,"enemies":"3 Darklings","floor":35,"turns":5},{"damage":26,"enemies":"3 Shapes","floor":37,"turns":4},{"damage":0,"enemies":"Sphere and 2 Shapes","floor":38,"turns":4},{"damage":0,"enemies":"Giant Head","floor":41,"turns":6},{"damage":8,"enemies":"Transient","floor":44,"turns":5},{"damage":7,"enemies":"2 Orb Walkers","floor":46,"turns":4},{"damage":0,"enemies":"Maw","floor":48,"turns":5},{"damage":20,"enemies":"Awakened One","floor":50,"turns":10}],"seed_played":"-1876170371179862528","potions_obtained":[{"floor":1,"key":"SteroidPotion"},{"floor":2,"key":"Fire Potion"},{"floor":6,"key":"SkillPotion"},{"floor":10,"key":"SkillPotion"},{"floor":14,"key":"Ancient Potion"},{"floor":20,"key":"EntropicBrew"},{"floor":22,"key":"PowerPotion"},{"floor":28,"key":"Block Potion"},{"floor":33,"key":"Energy Potion"},{"floor":35,"key":"GamblersBrew"},{"floor":46,"key":"FearPotion"}],"is_trial":false,"path_per_floor":["M","M","?","M","M","E","M","E","T","M","E","R","M","M","R","B",null,"M","?","M","?","M","E","M","E","T","?","M","$","R","E","R","B",null,"M","?","M","M","$","R","E","$","T","M","$","E","?","M","R","B"],"character_chosen":"DEFECT","items_purchased":["Blizzard"],"campfire_rested":2,"item_purchase_floors":[29],"current_hp_per_floor":[71,69,62,62,49,29,28,25,25,25,14,36,36,33,33,27,75,66,66,65,75,75,63,59,47,47,39,39,39,39,39,39,39,85,85,85,59,59,59,59,66,66,66,58,58,51,51,51,51,31],"gold":210,"neow_bonus":"REMOVE_TWO","is_prod":false,"is_daily":false,"chose_seed":false,"campfire_upgraded":4,"win_rate":0,"timestamp":1539057555,"path_taken":["M","M","?","M","M","E","M","E","T","M","E","R","M","M","R","BOSS","M","?","M","?","M","E","?","E","T","?","?","$","R","E","R","BOSS","M","?","M","?","$","R","E","$","T","M","?","E","?","M","R","BOSS"],"build_version":"2018-10-04v2","purchased_purges":4,"victory":true,"max_hp_per_floor":[75,75,75,75,75,75,75,75,75,75,75,75,75,75,75,75,75,75,75,75,85,85,85,85,85,85,85,85,85,85,85,85,85,85,85,85,85,85,85,85,92,92,92,92,89,89,89,89,89,89],"card_choices":[{"not_picked":["Recycle","Stack"],"picked":"Reinforced Body","floor":1},{"not_picked":["Streamline","Rip and Tear","Blizzard"],"picked":"SKIP","floor":2},{"not_picked":["Compile Driver","Barrage"],"picked":"Go for the Eyes","floor":4},{"not_picked":["Hologram","Leap"],"picked":"Conserve Battery","floor":5},{"not_picked":["Heatsinks","Compile Driver"],"picked":"Go for the Eyes","floor":6},{"not_picked":["Conserve Battery","Rebound"],"picked":"Loop","floor":7},{"not_picked":["Reinforced Body","Steam"],"picked":"Cold Snap","floor":8},{"not_picked":["Turbo","Compile Driver"],"picked":"Cold Snap","floor":10},{"not_picked":["Skim","Cold Snap"],"picked":"Fission","floor":11},{"not_picked":["Redo","Rebound"],"picked":"Glacier","floor":13},{"not_picked":["Turbo","Sweeping Beam"],"picked":"Barrage","floor":14},{"not_picked":["Meteor Strike","Reboot"],"picked":"Echo Form","floor":16},{"not_picked":["Beam Cell+1","Go for the Eyes+1","Doom and Gloom"],"picked":"SKIP","floor":18},{"not_picked":["Heatsinks","Compile Driver+1"],"picked":"Ball Lightning","floor":20},{"not_picked":["Reprogram","Sweeping Beam"],"picked":"Glacier","floor":22},{"not_picked":["Fission","Heatsinks"],"picked":"Core Surge","floor":23},{"not_picked":["Barrage","Beam Cell+1","Rebound+1"],"picked":"SKIP","floor":24},{"not_picked":["Chill","Heatsinks"],"picked":"Cold Snap","floor":25},{"not_picked":["Genetic Algorithm","Compile Driver+1","Barrage"],"picked":"SKIP","floor":28},{"not_picked":["Tempest","Leap"],"picked":"Sunder","floor":31},{"not_picked":["Seek","Fission"],"picked":"Biased Cognition","floor":33},{"not_picked":["Leap+1","Redo+1"],"picked":"Ball Lightning+1","floor":35},{"not_picked":["Genetic Algorithm+1","Turbo+1","Darkness+1"],"picked":"SKIP","floor":37},{"not_picked":["Loop+1","Turbo"],"picked":"Ball Lightning+1","floor":38},{"not_picked":["Static Discharge","Cold Snap+1"],"picked":"Defragment+1","floor":41},{"not_picked":["Fusion","Melter+1","BootSequence"],"picked":"SKIP","floor":44},{"not_picked":["Melter","Compile Driver+1","Force Field+1"],"picked":"SKIP","floor":46},{"not_picked":["Rebound","Storm+1","Streamline"],"picked":"SKIP","floor":48}],"player_experience":110463,"relics_obtained":[{"floor":6,"key":"Mercury Hourglass"},{"floor":8,"key":"Orichalcum"},{"floor":9,"key":"War Paint"},{"floor":11,"key":"PreservedInsect"},{"floor":23,"key":"Ice Cream"},{"floor":25,"key":"Ornamental Fan"},{"floor":26,"key":"Mummified Hand"},{"floor":27,"key":"Red Mask"},{"floor":31,"key":"Anchor"},{"floor":41,"key":"Strawberry"},{"floor":43,"key":"Centennial Puzzle"},{"floor":46,"key":"Blood Vial"}],"event_choices":[{"event_name":"Golden Wing","player_choice":"Card Removal","floor":3,"damage_taken":0},{"event_name":"The Library","player_choice":"Read","floor":19,"damage_taken":0},{"event_name":"The Mausoleum","player_choice":"Yes","floor":21,"damage_taken":0},{"event_name":"Masked Bandits","player_choice":"Fought Bandits","floor":27,"damage_taken":0},{"event_name":"Falling","player_choice":"Removed Skill","floor":36,"damage_taken":0},{"event_name":"MindBloom","player_choice":"Upgrade","floor":47,"damage_taken":0}],"is_beta":false,"boss_relics":[{"not_picked":["FrozenCore","Nuclear Battery"],"picked":"Astrolabe"},{"not_picked":["Eternal Feather","Empty Cage"],"picked":"Cursed Key"}],"items_purged_floors":[29,39,42,45],"is_endless":false,"potions_floor_spawned":[1,2,6,10,14,20,22,28,33,35,46],"ascension_level":3}