{"path_per_floor":["M","?","M","M","$","E","R","M","T","M","$","R","M","M","R","B",null,"M","M","M","?","M","R","?","M","T"],"character_chosen":"THE_SILENT","items_purchased":["Strength Potion"],"gold_per_floor":[117,117,133,151,24,57,57,73,73,83,83,83,102,122,122,220,220,230,197,210,210,227,227,227,237,237],"floor_reached":27,"campfire_rested":1,"playtime":2575,"current_hp_per_floor":[70,63,56,65,65,49,49,37,37,37,37,37,26,25,25,23,70,67,43,36,36,17,38,38,22,22],"items_purged":["Strike_G"],"gold":237,"play_id":"d77517ee-a481-4d57-81da-966baf54047e","is_prod":false,"is_daily":false,"is_ascension_mode":true,"campfire_upgraded":3,"path_taken":["M","?","M","M","$","E","R","M","T","M","$","R","?","M","R","BOSS","M","?","M","?","?","R","?","?","T","E"],"build_version":"2018-01-25-PROD3","purchased_purges":1,"victory":false,"master_deck":["Defend_G+1","Defend_G+1","Defend_G+1","Defend_G+1","Defend_G+1","Strike_G+1","Strike_G+1","Survivor","Neutralize+1","Dagger Spray","Flying Knee","Footwork+1","Escape Plan","Predator+1","Venomology","PiercingWail","Masterful Stab+1","All Out Attack","Acrobatics","Backflip"],"max_hp_per_floor":[70,70,70,70,70,70,70,70,70,70,70,70,70,70,70,70,70,70,70,70,70,70,70,70,70,70],"relics":["Ring of the Snake","Peace Pipe","Unceasing Top","Runic Dome","Ice Cream"],"card_choices":[{"not_picked":["Underhanded Strike","Heel Hook"],"picked":"Dagger Spray"},{"not_picked":["Sucker Punch","Quick Slash"],"picked":"Flying Knee"},{"not_picked":["Heel Hook","Wraith Form"],"picked":"Footwork"},{"not_picked":["Dodge and Roll","Poisoned Stab"],"picked":"Escape Plan"},{"not_picked":["Underhanded Strike","Acrobatics"],"picked":"Predator"},{"not_picked":["Storm of Steel","Grand Finale"],"picked":"Venomology"},{"not_picked":["Heel Hook","Prepared"],"picked":"PiercingWail"},{"not_picked":["Deadly Poison","Quick Slash"],"picked":"Masterful Stab"},{"not_picked":["Dagger Spray","Underhanded Strike"],"picked":"Acrobatics"},{"not_picked":["Dagger Spray","Dagger Throw"],"picked":"Backflip"}],"player_experience":288466,"potions_floor_usage":[18,19,22,22],"damage_taken":[{"damage":0.0,"enemies":"Cultist","floor":1.0,"turns":5.0},{"damage":7.0,"enemies":"Small Slimes","floor":3.0,"turns":8.0},{"damage":5.0,"enemies":"Blue Slaver","floor":4.0,"turns":6.0},{"damage":16.0,"enemies":"3 Sentries","floor":6.0,"turns":3.0},{"damage":12.0,"enemies":"Gremlin Gang","floor":8.0,"turns":10.0},{"damage":0.0,"enemies":"2 Fungi Beasts","floor":10.0,"turns":4.0},{"damage":11.0,"enemies":"Exordium Wildlife","floor":13.0,"turns":9.0},{"damage":1.0,"enemies":"Red Slaver","floor":14.0,"turns":4.0},{"damage":2.0,"enemies":"Hexaghost","floor":16.0,"turns":8.0},{"damage":3,"enemies":"Chosen","floor":18,"turns":4},{"damage":24,"enemies":"2 Thieves","floor":19,"turns":5},{"damage":7,"enemies":"Centurion and Healer","floor":20,"turns":7},{"damage":19,"enemies":"Slaver and Parasite","floor":22,"turns":9},{"damage":16,"enemies":"Sentry and Sphere","floor":25,"turns":8},{"damage":26,"enemies":"Gremlin Leader","floor":27,"turns":4}],"event_choices":[{"event_name":"Golden Wing","player_choice":"Card Removal","floor":2.0,"damage_taken":0.0},{"event_name":"Transmorgrifier","player_choice":"Transform","floor":21,"damage_taken":0},{"event_name":"Back to Basics","player_choice":"Simplicity","floor":24,"damage_taken":0}],"boss_relics":[{"not_picked":["Black Star","Ectoplasm"],"picked":"Runic Dome"}],"potions_floor_spawned":[1,10,13,14,18,20],"seed_played":"7233537818155802827","killed_by":"Gremlin Leader","ascension_level":2,"is_trial":false}