{"gold_per_floor":[112,112,128,144,157,157,10,10,36,55,90,104,133,150,150,252,252,267,20,34,34,34,50,70,89,143,143,48,74,94,122,122,122],"floor_reached":33,"playtime":4033,"items_purged":[],"score":326,"play_id":"cc61fbcf-36ef-4516-acd5-c6df7e78c724","local_time":"20190201211025","is_ascension_mode":false,"campfire_choices":[{"data":"Dramatic Entrance","floor":6,"key":"SMITH"},{"data":"Zap","floor":8,"key":"SMITH"},{"floor":15,"key":"REST"},{"data":"Redo","floor":27,"key":"SMITH"},{"floor":32,"key":"REST"}],"neow_cost":"NONE","seed_source_timestamp":1677205461378323,"circlet_count":0,"master_deck":["Strike_B+1","Strike_B+1","Strike_B+1","Strike_B+1","Defend_B+1","Defend_B+1","Defend_B+1","Defend_B+1","Zap+1","Dualcast","Dramatic Entrance+1","Rebound","Hologram","Steam Power","Gash","Core Surge","Ball Lightning","Coolheaded","Go for the Eyes","Gash","Leap","Reboot","Redo+1","Hologram","White Noise","Hello World","Double Energy+1","Scrape","Sunder+1","Turbo","Impatience","Coolheaded","Beam Cell","Chaos","Scrape"],"relics":["FrozenCore","Oddly Smooth Stone","PreservedInsect","WingedGreaves","Dodecahedron","Membership Card","Tiny Chest","Bottled Tornado","Pantograph"],"potions_floor_usage":[5,12,16,16,18,23,29,31],"damage_taken":[{"damage":1,"enemies":"Jaw Worm","floor":1,"turns":4},{"damage":0,"enemies":"Small Slimes","floor":3,"turns":2},{"damage":0,"enemies":"2 Louse","floor":4,"turns":2},{"damage":8,"enemies":"Exordium Wildlife","floor":5,"turns":4},{"damage":0,"enemies":"Blue Slaver","floor":10,"turns":3},{"damage":6,"enemies":"3 Sentries","floor":11,"turns":3},{"damage":0,"enemies":"Exordium Thugs","floor":12,"turns":2},{"damage":10,"enemies":"Gremlin Nob","floor":13,"turns":3},{"damage":4,"enemies":"Exordium Wildlife","floor":14,"turns":2},{"damage":25,"enemies":"Hexaghost","floor":16,"turns":10},{"damage":8,"enemies":"Shell Parasite","floor":18,"turns":6},{"damage":11,"enemies":"Spheric Guardian","floor":20,"turns":6},{"damage":9,"enemies":"Centurion and Healer","floor":23,"turns":7},{"damage":2,"enemies":"Shelled Parasite and Fungi","floor":24,"turns":5},{"damage":4,"enemies":"Sentry and Sphere","floor":25,"turns":8},{"damage":11,"enemies":"Gremlin Leader","floor":29,"turns":6},{"damage":0,"enemies":"Centurion and Healer","floor":30,"turns":6},{"damage":1,"enemies":"Book of Stabbing","floor":31,"turns":5},{"damage":77,"enemies":"Champ","floor":33,"turns":12}],"seed_played":"-5506839794546247904","potions_obtained":[{"floor":3,"key":"SpeedPotion"},{"floor":4,"key":"GamblersBrew"},{"floor":10,"key":"Explosive Potion"},{"floor":12,"key":"Regen Potion"},{"floor":16,"key":"AttackPotion"},{"floor":18,"key":"PowerPotion"},{"floor":25,"key":"Fire Potion"},{"floor":30,"key":"SteroidPotion"}],"is_trial":false,"path_per_floor":["M","?","M","M","M","R","$","R","T","M","E","M","E","M","R","B",null,"M","$","M","?","?","M","M","M","T","R","$","E","M","E","R","B"],"character_chosen":"DEFECT","items_purchased":["Core Surge","Membership Card","Hologram","White Noise","Turbo","Impatience","Coolheaded"],"campfire_rested":2,"item_purchase_floors":[7,19,19,19,28,28,28],"current_hp_per_floor":[74,56,56,56,48,48,48,48,48,48,42,42,32,28,50,40,75,67,67,56,56,56,47,45,41,41,41,41,30,30,29,51,0],"gold":122,"neow_bonus":"RANDOM_COLORLESS","is_prod":false,"is_daily":false,"chose_seed":false,"campfire_upgraded":3,"win_rate":0,"timestamp":1549051825,"path_taken":["M","?","M","M","M","R","$","R","T","M","E","M","E","M","R","BOSS","M","$","M","?","?","M","M","?","T","R","$","E","M","E","R","BOSS"],"build_version":"2019-01-23","purchased_purges":0,"victory":false,"max_hp_per_floor":[75,75,75,75,75,75,75,75,75,75,75,75,75,75,75,75,75,75,75,75,75,75,75,75,75,75,75,75,75,75,75,75,75],"card_choices":[{"not_picked":["Reinforced Body","Reprogram"],"picked":"Rebound","floor":1},{"not_picked":["Coolheaded","Reprogram"],"picked":"Hologram","floor":3},{"not_picked":["Recycle","Hologram"],"picked":"Steam Power","floor":4},{"not_picked":["Sweeping Beam","Chill"],"picked":"Gash","floor":5},{"not_picked":["Steam","Sweeping Beam"],"picked":"Ball Lightning","floor":10},{"not_picked":["Conserve Battery","Melter"],"picked":"Coolheaded","floor":11},{"not_picked":["Blizzard","Redo"],"picked":"Go for the Eyes","floor":12},{"not_picked":["Seek","Ball Lightning"],"picked":"Gash","floor":13},{"not_picked":["Streamline","Static Discharge"],"picked":"Leap","floor":14},{"not_picked":["Thunder Strike","Amplify"],"picked":"Reboot","floor":16},{"not_picked":["Undo+1","Aggregate"],"picked":"Redo","floor":18},{"not_picked":["Rebound+1","Ball Lightning"],"picked":"Hello World","floor":20},{"not_picked":["Coolheaded","Amplify"],"picked":"Double Energy+1","floor":23},{"not_picked":["Hello World","Stack"],"picked":"Scrape","floor":24},{"not_picked":["Redo","Stack"],"picked":"Sunder+1","floor":25},{"not_picked":["Ball Lightning","Scrape"],"picked":"Beam Cell","floor":29},{"not_picked":["Sunder","Double Energy"],"picked":"Chaos","floor":30},{"not_picked":["Stack","Undo"],"picked":"Scrape","floor":31}],"player_experience":121759,"relics_obtained":[{"floor":9,"key":"PreservedInsect"},{"floor":11,"key":"WingedGreaves"},{"floor":13,"key":"Dodecahedron"},{"floor":26,"key":"Tiny Chest"},{"floor":29,"key":"Bottled Tornado"},{"floor":31,"key":"Pantograph"}],"event_choices":[{"damage_healed":0,"gold_gain":0,"player_choice":"Success","damage_taken":18,"relics_obtained":["Oddly Smooth Stone"],"max_hp_gain":0,"max_hp_loss":0,"event_name":"Scrap Ooze","floor":2,"gold_loss":0},{"damage_healed":0,"gold_gain":0,"player_choice":"Ignored","damage_taken":0,"max_hp_gain":0,"max_hp_loss":0,"event_name":"The Mausoleum","floor":21,"gold_loss":0},{"damage_healed":0,"gold_gain":0,"player_choice":"Simplicity","damage_taken":0,"max_hp_gain":0,"max_hp_loss":0,"event_name":"Back to Basics","floor":22,"gold_loss":0,"cards_upgraded":["Strike_B","Strike_B","Strike_B","Strike_B","Defend_B","Defend_B","Defend_B","Defend_B"]}],"is_beta":false,"boss_relics":[{"not_picked":["Cursed Key","Runic Pyramid"],"picked":"FrozenCore"}],"items_purged_floors":[],"is_endless":false,"potions_floor_spawned":[3,4,10,12,16,18,25,30],"killed_by":"Champ","ascension_level":0}