{"gold_per_floor":[119,119,69,69,79,79,114,133,156,168,168,197,211,243,243,340,340,360,360,88,101,119,119],"floor_reached":23,"playtime":1333,"items_purged":["Strike_B"],"score":307,"play_id":"202de962-8c3b-4d00-9a63-360d9ef52565","local_time":"20190214203041","is_ascension_mode":true,"campfire_choices":[{"data":"Go for the Eyes","floor":6,"key":"SMITH"},{"data":"Zap","floor":11,"key":"SMITH"},{"data":"Dualcast","floor":15,"key":"SMITH"}],"neow_cost":"NONE","seed_source_timestamp":143987222372719,"circlet_count":0,"master_deck":["Strike_B","Strike_B","Defend_B","Defend_B","Defend_B","Defend_B","Zap+1","Dualcast+1","Go for the Eyes+1","Scrape","Doom and Gloom","Capacitor","Compile Driver","Conserve Battery","Steam","Echo Form","Capacitor","Consume","Mayhem","Genetic Algorithm+1","Coolheaded"],"relics":["Cracked Core","NeowsBlessing","Ornamental Fan","StoneCalendar","Anchor","Potion Belt","Ancient Tea Set","Fusion Hammer"],"potions_floor_usage":[16,16,22,23],"damage_taken":[{"damage":0,"enemies":"Small Slimes","floor":1,"turns":1},{"damage":0,"enemies":"2 Louse","floor":5,"turns":1},{"damage":0,"enemies":"3 Sentries","floor":7,"turns":1},{"damage":0,"enemies":"Jaw Worm","floor":8,"turns":3},{"damage":0,"enemies":"Exordium Wildlife","floor":10,"turns":2},{"damage":21,"enemies":"Lagavulin","floor":12,"turns":5},{"damage":1,"enemies":"Looter","floor":13,"turns":2},{"damage":1,"enemies":"3 Sentries","floor":14,"turns":6},{"damage":10,"enemies":"The Guardian","floor":16,"turns":8},{"damage":17,"enemies":"Spheric Guardian","floor":18,"turns":4},{"damage":7,"enemies":"3 Byrds","floor":21,"turns":4},{"damage":20,"enemies":"Snake Plant","floor":22,"turns":5},{"damage":21,"enemies":"Book of Stabbing","floor":23,"turns":5}],"seed_played":"-5178987591609116260","potions_obtained":[{"floor":7,"key":"Poison Potion"},{"floor":10,"key":"Dexterity Potion"},{"floor":12,"key":"GamblersBrew"},{"floor":18,"key":"Weak Potion"},{"floor":21,"key":"FearPotion"}],"is_trial":false,"path_per_floor":["M","?","?","T","M","R","E","M","T","M","R","E","M","E","R","B",null,"M","?","$","M","M","E"],"character_chosen":"DEFECT","items_purchased":["Mayhem"],"campfire_rested":0,"item_purchase_floors":[20],"current_hp_per_floor":[68,68,68,68,68,68,68,68,68,68,68,47,46,45,45,35,65,48,48,48,41,21,0],"gold":119,"neow_bonus":"THREE_ENEMY_KILL","is_prod":false,"is_daily":false,"chose_seed":false,"campfire_upgraded":3,"win_rate":0,"timestamp":1550194241,"path_taken":["M","?","?","?","?","R","E","M","T","M","R","E","M","E","R","BOSS","M","?","$","M","M","E"],"build_version":"2019-01-23","purchased_purges":1,"victory":false,"max_hp_per_floor":[75,75,75,75,75,75,75,75,75,75,75,75,75,75,75,75,75,75,75,75,75,75,75],"card_choices":[{"not_picked":["Hologram","Storm"],"picked":"Go for the Eyes","floor":1},{"not_picked":["Turbo","Barrage"],"picked":"Scrape","floor":5},{"not_picked":["Heatsinks","Sweeping Beam"],"picked":"Doom and Gloom","floor":7},{"not_picked":["Darkness","Static Discharge"],"picked":"Capacitor","floor":8},{"not_picked":["Tempest","Heatsinks","Streamline"],"picked":"SKIP","floor":10},{"not_picked":["Tempest","Heatsinks","Streamline"],"picked":"SKIP","floor":10},{"not_picked":["Stack","Go for the Eyes"],"picked":"Compile Driver","floor":12},{"not_picked":["Hologram","Turbo"],"picked":"Conserve Battery","floor":13},{"not_picked":["Electrodynamics","Melter"],"picked":"Steam","floor":14},{"not_picked":["Hyperbeam","All For One"],"picked":"Echo Form","floor":16},{"not_picked":["Go for the Eyes","Turbo"],"picked":"Capacitor","floor":18},{"not_picked":["Go for the Eyes","Turbo"],"picked":"Genetic Algorithm+1","floor":21},{"not_picked":["Compile Driver","Reboot"],"picked":"Coolheaded","floor":22}],"player_experience":1557653,"relics_obtained":[{"floor":4,"key":"Ornamental Fan"},{"floor":7,"key":"StoneCalendar"},{"floor":9,"key":"Anchor"},{"floor":12,"key":"Potion Belt"},{"floor":14,"key":"Ancient Tea Set"}],"event_choices":[{"damage_healed":0,"gold_gain":0,"player_choice":"Ignored","damage_taken":0,"max_hp_gain":0,"max_hp_loss":0,"event_name":"Liars Game","floor":2,"gold_loss":0},{"cards_removed":["Strike_B"],"damage_healed":0,"gold_gain":0,"player_choice":"Card Removal","damage_taken":0,"max_hp_gain":0,"max_hp_loss":0,"event_name":"The Cleric","floor":3,"gold_loss":50},{"damage_healed":0,"gold_gain":0,"player_choice":"Read","damage_taken":0,"max_hp_gain":0,"max_hp_loss":0,"event_name":"The Library","floor":19,"gold_loss":0,"cards_obtained":["Consume"]}],"is_beta":false,"boss_relics":[{"not_picked":["Astrolabe","Cursed Key"],"picked":"Fusion Hammer"}],"items_purged_floors":[20],"is_endless":false,"potions_floor_spawned":[7,10,12,18,21],"killed_by":"Book of Stabbing","ascension_level":6}