{"path_per_floor":["M","$","M","M","$","R","?","M","T","M","R","M","?","M","R","B",null,"M","M","?","M","$","R","M","R","T","R"],"character_chosen":"THE_SILENT","items_purchased":["Footwork"],"gold_per_floor":[117,42,57,70,70,70,130,143,224,237,237,249,249,265,265,365,365,378,397,397,407,237,237,247,247,247,247,247],"floor_reached":28,"campfire_rested":0,"playtime":1521,"current_hp_per_floor":[66,66,66,66,66,66,37,33,33,33,33,19,19,15,15,13,70,53,49,35,16,16,16,13,13,13,13,0],"items_purged":["Strike_G","Strike_G"],"gold":247,"score":237,"play_id":"b5b6b46c-9e69-4d7c-9eae-201ba39ad64e","local_time":"20180414095917","is_prod":false,"is_daily":false,"chose_seed":false,"is_ascension_mode":false,"campfire_upgraded":2,"timestamp":1523692757,"path_taken":["M","$","M","M","?","R","?","M","T","M","R","M","?","M","R","BOSS","M","M","?","?","$","R","M","R","T","R","M"],"build_version":"2018-04-12","seed_source_timestamp":179940461511111,"purchased_purges":2,"victory":false,"master_deck":["Defend_G","Defend_G","Defend_G","Defend_G","Defend_G","Survivor+1","Deadly Poison","Caltrops","Deadly Poison","PiercingWail","Noxious Fumes+1","Backflip","Doppelganger","Ghostly","Ghostly","Ghostly","Ghostly","Ghostly","Footwork","Footwork"],"max_hp_per_floor":[70,70,70,70,70,70,70,70,70,70,70,70,70,70,70,70,70,70,70,35,35,35,35,35,35,35,35,35],"relics":["Ring of the Snake","Peace Pipe","Kunai","Black Star","The Courier"],"card_choices":[{"not_picked":["Terror","Sucker Punch"],"picked":"Deadly Poison","floor":1},{"not_picked":["Dash","Deflect"],"picked":"Caltrops","floor":3},{"not_picked":["Finisher","Blade Dance"],"picked":"Deadly Poison","floor":7},{"not_picked":["Terror","Acrobatics"],"picked":"PiercingWail","floor":8},{"not_picked":["Dagger Throw","PiercingWail"],"picked":"Noxious Fumes","floor":10},{"not_picked":["Doppelganger","Bane"],"picked":"Backflip","floor":14},{"not_picked":["Night Terror","Venomology"],"picked":"Doppelganger","floor":16},{"not_picked":["Deflect","Slice"],"picked":"Footwork","floor":21}],"player_experience":257972,"potions_floor_usage":[7,12,16,16,16],"damage_taken":[{"damage":4,"enemies":"Cultist","floor":1,"turns":4},{"damage":0,"enemies":"Small Slimes","floor":3,"turns":3},{"damage":0,"enemies":"2 Louse","floor":4,"turns":3},{"damage":29,"enemies":"3 Sentries","floor":7,"turns":11},{"damage":4,"enemies":"Red Slaver","floor":8,"turns":3},{"damage":0,"enemies":"Looter","floor":10,"turns":4},{"damage":14,"enemies":"Lots of Slimes","floor":12,"turns":4},{"damage":4,"enemies":"Exordium Wildlife","floor":14,"turns":6},{"damage":2,"enemies":"Slime Boss","floor":16,"turns":13},{"damage":17,"enemies":"Chosen","floor":18,"turns":6},{"damage":4,"enemies":"Shell Parasite","floor":19,"turns":6},{"damage":19,"enemies":"Centurion and Healer","floor":21,"turns":11},{"damage":3,"enemies":"Snake Plant","floor":24,"turns":6},{"damage":15,"enemies":"3 Cultists","floor":28,"turns":5}],"event_choices":[{"event_name":"Dead Adventurer","player_choice":"Searched \u00272\u0027 times","floor":7,"damage_taken":0},{"event_name":"The Lab","player_choice":"Got Potions","floor":13,"damage_taken":0},{"event_name":"Ghosts","player_choice":"Became a Ghost","floor":20,"damage_taken":0}],"boss_relics":[{"not_picked":["Lizard Tail","Orrery"],"picked":"Black Star"}],"potions_floor_spawned":[3,4,7,8,14,16,21],"seed_played":"1048983478904776303","killed_by":"3 Cultists","ascension_level":0,"is_trial":false}