{"path_per_floor":["M","M","M","?","?","E","R","E","T","R","E","$","R","M","R","B",null,"M","M","?","M","?","R","E","R","T","R","E","R","M","M","R"],"character_chosen":"IRONCLAD","items_purchased":["Offering","Singing Bowl"],"gold_per_floor":[112,131,145,145,145,186,186,224,224,224,255,31,31,44,44,165,165,179,204,204,220,250,250,290,290,290,290,326,326,340,356,356,356],"floor_reached":33,"campfire_rested":2,"playtime":3263,"current_hp_per_floor":[72,69,72,54,54,34,34,19,19,40,45,45,45,53,53,25,62,60,48,48,32,32,55,63,63,63,63,52,52,55,49,49,0],"items_purged":[],"gold":356,"score":455,"play_id":"ada990d4-cd6d-412d-9167-187fe6700d15","local_time":"20180506001231","is_prod":false,"is_daily":false,"chose_seed":false,"is_ascension_mode":true,"campfire_upgraded":7,"timestamp":1525579951,"path_taken":["M","M","M","?","?","E","R","E","T","R","E","$","R","M","R","BOSS","M","M","?","M","?","R","E","R","T","R","E","R","M","?","R","BOSS"],"build_version":"2018-05-03","seed_source_timestamp":349386443601513,"purchased_purges":0,"victory":false,"master_deck":["Strike_R","Strike_R","Strike_R","Strike_R","Strike_R","Defend_R","Defend_R","Defend_R","Defend_R","Bash+1","AscendersBane","Reaper","Sever Soul+1","True Grit+1","Shrug It Off","Cleave+1","Shockwave","Uppercut+1","Offering+1","Impervious","Inflame+1","Evolve+1","Disarm+1","Dual Wield+1"],"max_hp_per_floor":[72,72,72,72,72,72,72,72,72,72,72,72,72,74,74,74,74,76,76,76,78,78,78,80,80,80,80,80,80,80,80,80,80],"relics":["Burning Blood","Golden Idol","Ancient Tea Set","Ornamental Fan","Dodecahedron","Omamori","Singing Bowl","Sozu","Tiny Chest","Centennial Puzzle","Bottled Flame"],"card_choices":[{"not_picked":["Limit Break","Double Tap"],"picked":"Reaper","floor":0.0},{"not_picked":["Sentinel","Sword Boomerang"],"picked":"Sever Soul","floor":1.0},{"not_picked":["Havoc","Clothesline"],"picked":"True Grit","floor":2.0},{"not_picked":["Feel No Pain","Heavy Blade"],"picked":"Shrug It Off","floor":3.0},{"not_picked":["Havoc","Clash"],"picked":"Cleave","floor":6.0},{"not_picked":["Sentinel","True Grit"],"picked":"Shockwave","floor":8.0},{"not_picked":["Carnage","Sentinel"],"picked":"Uppercut","floor":11.0},{"not_picked":["Brutality","Limit Break"],"picked":"Impervious","floor":16.0},{"not_picked":["Searing Blow","Wild Strike"],"picked":"Inflame","floor":19.0},{"not_picked":["Burning Pact","Bludgeon"],"picked":"Evolve","floor":28.0},{"not_picked":["Rupture","Dual Wield"],"picked":"Disarm","floor":30.0},{"not_picked":["True Grit","Corruption"],"picked":"Dual Wield","floor":31.0}],"player_experience":508816,"potions_floor_usage":[],"damage_taken":[{"damage":9.0,"enemies":"2 Louse","floor":1.0,"turns":3.0},{"damage":13.0,"enemies":"Jaw Worm","floor":2.0,"turns":4.0},{"damage":3.0,"enemies":"Small Slimes","floor":3.0,"turns":4.0},{"damage":30.0,"enemies":"Lagavulin","floor":6.0,"turns":6.0},{"damage":21.0,"enemies":"Gremlin Nob","floor":8.0,"turns":4.0},{"damage":19.0,"enemies":"3 Sentries","floor":11.0,"turns":6.0},{"damage":12.0,"enemies":"Exordium Wildlife","floor":14.0,"turns":3.0},{"damage":38.0,"enemies":"Slime Boss","floor":16.0,"turns":10.0},{"damage":18.0,"enemies":"3 Byrds","floor":18.0,"turns":7.0},{"damage":18.0,"enemies":"Spheric Guardian","floor":19.0,"turns":5.0},{"damage":30.0,"enemies":"Snake Plant","floor":21.0,"turns":5.0},{"damage":21.0,"enemies":"Slavers","floor":24.0,"turns":6.0},{"damage":17.0,"enemies":"Gremlin Leader","floor":28.0,"turns":4.0},{"damage":13.0,"enemies":"Centurion and Healer","floor":30.0,"turns":7.0},{"damage":19.0,"enemies":"Slaver and Parasite","floor":31.0,"turns":5.0},{"damage":68,"enemies":"Collector","floor":33,"turns":7}],"event_choices":[{"event_name":"Golden Idol","player_choice":"Take Damage","floor":4.0,"damage_taken":0.0},{"event_name":"Living Wall","player_choice":"Grow","floor":5.0,"damage_taken":0.0},{"event_name":"The Woman in Blue","player_choice":"Bought 0 Potions","floor":20.0,"damage_taken":0.0},{"event_name":"The Mausoleum","player_choice":"Yes","floor":22.0,"damage_taken":0.0}],"boss_relics":[],"potions_floor_spawned":[1,2,11,21,24,28,31],"seed_played":"-4399687685157330477","killed_by":"Collector","ascension_level":10,"is_trial":false}