{"path_per_floor":["M","$","?","?","$","E","M","E","T","E","M","E","M","E","R","B",null,"M","M","M","$","M","E","M","R","T","R","E","R","E","M","R","B",null,"M","?","M","?","M","?","M","R","T","E","R","$","M","M","R","B"],"character_chosen":"DEFECT","items_purchased":["Cold Snap","DataDisk","Rainbow","Skim","Sundial"],"gold_per_floor":[110,10,10,10,10,41,52,86,110,136,152,179,197,226,226,323,323,342,360,370,81,98,125,139,139,220,220,247,247,277,295,295,399,399,416,416,432,432,442,489,508,508,508,539,539,88,105,123,123,123],"floor_reached":51,"campfire_rested":0,"playtime":4304,"current_hp_per_floor":[75,75,75,72,72,72,72,75,75,65,65,48,54,60,60,60,82,82,75,74,74,81,82,82,82,82,82,82,82,77,82,82,80,82,82,82,76,66,74,64,78,78,78,82,82,82,82,82,82,82],"items_purged":["Strike_B","Strike_B"],"gold":123,"score":893,"play_id":"d442625e-111f-4f61-abf1-40cd7513ded8","local_time":"20180515203026","is_prod":false,"is_daily":false,"chose_seed":false,"is_ascension_mode":true,"campfire_upgraded":8,"timestamp":1526430626,"path_taken":["M","$","?","?","?","E","?","E","T","E","M","E","M","E","R","BOSS","M","M","M","$","M","E","M","R","T","R","E","R","E","M","R","BOSS","M","?","M","?","?","?","M","R","T","E","R","$","M","M","R","BOSS"],"build_version":"2018-05-14v2","seed_source_timestamp":569598429004867,"purchased_purges":2,"victory":true,"master_deck":["Strike_B","Strike_B","Defend_B","Defend_B","Defend_B","Defend_B","Dualcast+1","Chaos+1","Cold Snap","Glacier+1","Hologram+1","Sunder+1","Go for the Eyes+1","Barrage+1","Self Repair","Hologram+1","Electrodynamics+1","Echo Form+1","Leap+1","Capacitor+1","Rainbow+1","Ball Lightning","Glacier+1","Multi-Cast+1","Coolheaded+1","Steam+1","Fusion+1","Hologram+1","Madness+1","Madness+1","Ball Lightning+1","Reprogram+1","Blizzard+1","Skim+1","Conserve Battery+1"],"max_hp_per_floor":[75,75,75,75,75,75,75,82,82,82,82,82,82,82,82,82,82,82,82,82,82,82,82,82,82,82,82,82,82,82,82,82,82,82,82,82,82,82,82,82,82,82,82,82,82,82,82,82,82,82],"relics":["Cracked Core","NeowsBlessing","Anchor","Toxic Egg 2","Strawberry","Bag of Marbles","Oddly Smooth Stone","Vajra","Emotion Chip","Sozu","DataDisk","Calipers","Molten Egg 2","Kunai","Blue Candle","Inserter","Gambling Chip","Unceasing Top","Happy Flower","Sundial"],"card_choices":[{"not_picked":["Go for the Eyes","Steam Power"],"picked":"Chaos","floor":1},{"not_picked":["Barrage","BootSequence"],"picked":"Glacier","floor":6},{"not_picked":["Sunder","Skim+1"],"picked":"Hologram+1","floor":7},{"not_picked":["Undo+1","Steam+1"],"picked":"Sunder","floor":8},{"not_picked":["Rebound","Aggregate+1"],"picked":"Go for the Eyes","floor":10},{"not_picked":["Conserve Battery+1","Go for the Eyes"],"picked":"Barrage","floor":11},{"not_picked":["Hologram+1","Blizzard"],"picked":"Self Repair","floor":12},{"not_picked":["Sweeping Beam","Rebound"],"picked":"Hologram+1","floor":13},{"not_picked":["Hologram+1","Force Field+1"],"picked":"Electrodynamics","floor":14},{"not_picked":["Thunder Strike","Nova"],"picked":"Echo Form","floor":16},{"not_picked":["Hologram+1","Streamline"],"picked":"Leap+1","floor":18},{"not_picked":["Cold Snap","Beam Cell","Barrage+1"],"picked":"SKIP","floor":19},{"not_picked":["Conserve Battery+1","Auto Shields+1"],"picked":"Capacitor","floor":20},{"not_picked":["Leap+1","Streamline+1"],"picked":"Ball Lightning","floor":22},{"not_picked":["Static Discharge","Beam Cell"],"picked":"Glacier+1","floor":23},{"not_picked":["Leap+1","Gash","Barrage"],"picked":"SKIP","floor":24},{"not_picked":["Rebound+1","Beam Cell+1"],"picked":"Multi-Cast+1","floor":28},{"not_picked":["Hello World+1","Capacitor"],"picked":"Coolheaded+1","floor":30},{"not_picked":["Capacitor+1","Turbo+1"],"picked":"Steam+1","floor":31},{"not_picked":["Multi-Cast+1","Nova+1"],"picked":"Fusion+1","floor":33},{"not_picked":["Storm","Hello World+1"],"picked":"Hologram+1","floor":35},{"not_picked":["Scrape+1","Heatsinks","Sweeping Beam+1"],"picked":"SKIP","floor":37},{"not_picked":["Sweeping Beam+1","Barrage+1","Leap+1"],"picked":"SKIP","floor":39},{"not_picked":["Cold Snap+1","Coolheaded+1"],"picked":"Ball Lightning+1","floor":40},{"not_picked":["Sweeping Beam+1","Barrage+1"],"picked":"Reprogram+1","floor":41},{"not_picked":["Turbo+1","Sweeping Beam+1"],"picked":"Blizzard+1","floor":44},{"not_picked":["Fusion+1","Streamline+1"],"picked":"Conserve Battery+1","floor":47},{"not_picked":["Leap+1","Ball Lightning+1","Axe Kick+1"],"picked":"SKIP","floor":48}],"player_experience":159093,"potions_floor_usage":[10,16,18,23],"damage_taken":[{"damage":0,"enemies":"Small Slimes","floor":1,"turns":1},{"damage":0,"enemies":"Gremlin Nob","floor":6,"turns":1},{"damage":0,"enemies":"2 Louse","floor":7,"turns":1},{"damage":4,"enemies":"3 Sentries","floor":8,"turns":11},{"damage":10,"enemies":"Gremlin Nob","floor":10,"turns":5},{"damage":0,"enemies":"Jaw Worm","floor":11,"turns":2},{"damage":17,"enemies":"Lagavulin","floor":12,"turns":7},{"damage":1,"enemies":"Looter","floor":13,"turns":3},{"damage":1,"enemies":"3 Sentries","floor":14,"turns":7},{"damage":7,"enemies":"The Guardian","floor":16,"turns":10},{"damage":0,"enemies":"3 Byrds","floor":18,"turns":4},{"damage":7,"enemies":"Chosen","floor":19,"turns":5},{"damage":8,"enemies":"Sentry and Sphere","floor":20,"turns":8},{"damage":0,"enemies":"Snecko","floor":22,"turns":4},{"damage":0,"enemies":"Slavers","floor":23,"turns":6},{"damage":6,"enemies":"Slaver and Parasite","floor":24,"turns":6},{"damage":6,"enemies":"Book of Stabbing","floor":28,"turns":7},{"damage":5,"enemies":"Gremlin Leader","floor":30,"turns":3},{"damage":0,"enemies":"Centurion and Healer","floor":31,"turns":6},{"damage":9,"enemies":"Champ","floor":33,"turns":14},{"damage":0,"enemies":"3 Shapes","floor":35,"turns":3},{"damage":13,"enemies":"Orb Walker","floor":37,"turns":3},{"damage":6,"enemies":"3 Darklings","floor":39,"turns":7},{"damage":17,"enemies":"Mysterious Sphere","floor":40,"turns":5},{"damage":0,"enemies":"4 Shapes","floor":41,"turns":9},{"damage":6,"enemies":"Giant Head","floor":44,"turns":10},{"damage":0,"enemies":"Flame Bruiser 2 Orb","floor":47,"turns":7},{"damage":0,"enemies":"Sphere and 2 Shapes","floor":48,"turns":3},{"damage":0,"enemies":"Awakened One","floor":50,"turns":11}],"relics_obtained":[{"floor":6,"key":"Toxic Egg 2"},{"floor":8,"key":"Strawberry"},{"floor":9,"key":"Bag of Marbles"},{"floor":10,"key":"Oddly Smooth Stone"},{"floor":12,"key":"Vajra"},{"floor":14,"key":"Emotion Chip"},{"floor":23,"key":"Calipers"},{"floor":26,"key":"Molten Egg 2"},{"floor":28,"key":"Kunai"},{"floor":30,"key":"Blue Candle"},{"floor":40,"key":"Gambling Chip"},{"floor":43,"key":"Unceasing Top"},{"floor":44,"key":"Happy Flower"}],"event_choices":[{"event_name":"The Cleric","player_choice":"Leave","floor":3,"damage_taken":0},{"event_name":"Scrap Ooze","player_choice":"success","floor":4,"damage_taken":3},{"event_name":"Winding Halls","player_choice":"Embrace Madness","floor":38,"damage_taken":0},{"event_name":"Mysterious Sphere","player_choice":"Fight","floor":40,"damage_taken":0}],"boss_relics":[{"not_picked":["Runic Dome","White Beast Statue"],"picked":"Sozu"},{"not_picked":["Eternal Feather","Pandora\u0027s Box"],"picked":"Inserter"}],"potions_floor_spawned":[6,10,13,14,16,19,20,22,31,33,35,39,47],"seed_played":"6276201939629824869","ascension_level":1,"potions_obtained":[{"floor":6,"key":"FearPotion"},{"floor":10,"key":"Explosive Potion"},{"floor":13,"key":"Energy Potion"},{"floor":14,"key":"Fire Potion"},{"floor":16,"key":"SpeedPotion"}],"is_trial":false}