{"gold_per_floor":[20,37,47,62,79,79,79,154,154,168,168,2,27,47,47,150,150,164,88,103,18,28,62,62,73,73,100,117,38,38,48,48,145,145,163,163,63,63,76,101,120,120,143,158,158,193,71,102,102,102],"floor_reached":50,"playtime":6098,"items_purged":["Strike_B","Chaos"],"score":739,"play_id":"4b82bd09-09aa-4f5c-82a3-4d7950388ba2","local_time":"20190208231510","is_ascension_mode":true,"campfire_choices":[{"data":"Zap","floor":6,"key":"SMITH"},{"data":"Redo","floor":11,"key":"SMITH"},{"data":"Discovery","floor":15,"key":"SMITH"},{"data":"Hologram","floor":24,"key":"SMITH"},{"data":"Go for the Eyes","floor":30,"key":"SMITH"},{"data":"Double Energy","floor":32,"key":"SMITH"},{"floor":42,"key":"REST"},{"floor":45,"key":"REST"},{"floor":49,"key":"RECALL"}],"neow_cost":"NO_GOLD","seed_source_timestamp":437816972482015,"circlet_count":0,"master_deck":["Zap+1","Dualcast","Sweeping Beam","Gash","Leap","Go for the Eyes+1","Barrage","Redo+1","Discovery+1","Steam","FTL","Buffer","Chill","Seek","Tempest","Auto Shields+1","Hologram+1","Genetic Algorithm+1","Self Repair","Loop","Leap","Double Energy+1","Beam Cell","Hello World","Sweeping Beam+1","All For One","Recycle+1","Flash of Steel","Genetic Algorithm+1","Coolheaded","Aggregate","Gash+1","Defragment"],"relics":["Cracked Core","Pear","Letter Opener","Pandora\u0027s Box","Strawberry","War Paint","Pantograph","Du-Vu Doll","Fusion Hammer","Bag of Preparation","Oddly Smooth Stone","Mummified Hand","Blue Candle"],"potions_floor_usage":[4,5,16,33,33,40,50,50,50],"damage_taken":[{"damage":5,"enemies":"Small Slimes","floor":1,"turns":4},{"damage":2,"enemies":"Jaw Worm","floor":2,"turns":3},{"damage":0,"enemies":"2 Louse","floor":3,"turns":2},{"damage":16,"enemies":"Gremlin Gang","floor":4,"turns":3},{"damage":8,"enemies":"Exordium Thugs","floor":5,"turns":4},{"damage":3,"enemies":"3 Louse","floor":10,"turns":2},{"damage":24,"enemies":"Gremlin Nob","floor":13,"turns":4},{"damage":0,"enemies":"2 Fungi Beasts","floor":14,"turns":3},{"damage":34,"enemies":"Slime Boss","floor":16,"turns":10},{"damage":11,"enemies":"Spheric Guardian","floor":18,"turns":4},{"damage":18,"enemies":"3 Byrds","floor":20,"turns":4},{"damage":4,"enemies":"Centurion and Healer","floor":22,"turns":4},{"damage":19,"enemies":"Slavers","floor":23,"turns":5},{"damage":11,"enemies":"Snake Plant","floor":25,"turns":4},{"damage":8,"enemies":"Book of Stabbing","floor":27,"turns":6},{"damage":0,"enemies":"Snecko","floor":28,"turns":3},{"damage":18,"enemies":"Cultist and Chosen","floor":31,"turns":6},{"damage":49,"enemies":"Collector","floor":33,"turns":14},{"damage":10,"enemies":"3 Shapes","floor":35,"turns":4},{"damage":17,"enemies":"3 Darklings","floor":39,"turns":5},{"damage":29,"enemies":"Nemesis","floor":40,"turns":9},{"damage":12,"enemies":"Spire Growth","floor":41,"turns":4},{"damage":3,"enemies":"Transient","floor":44,"turns":5},{"damage":0,"enemies":"Giant Head","floor":46,"turns":7},{"damage":0,"enemies":"Reptomancer","floor":48,"turns":7},{"damage":104,"enemies":"Time Eater","floor":50,"turns":10}],"seed_played":"5506882949427357317","potions_obtained":[{"floor":2,"key":"PowerPotion"},{"floor":4,"key":"EssenceOfSteel"},{"floor":14,"key":"LiquidBronze"},{"floor":22,"key":"EssenceOfSteel"},{"floor":25,"key":"Swift Potion"},{"floor":27,"key":"GamblersBrew"},{"floor":28,"key":"Explosive Potion"},{"floor":35,"key":"Fire Potion"},{"floor":39,"key":"Weak Potion"},{"floor":44,"key":"GamblersBrew"}],"is_trial":false,"path_per_floor":["M","M","M","M","M","R","?","?","T","M","R","$","E","M","R","B",null,"M","$","M","?","M","E","R","M","T","E","M","$","R","M","R","B",null,"M","?","$","?","M","E","M","R","T","M","R","E","$","E","R","B"],"character_chosen":"DEFECT","items_purchased":["Discovery","Genetic Algorithm","Hello World","Defragment","Dexterity Potion"],"campfire_rested":2,"item_purchase_floors":[12,19,29,47,47],"current_hp_per_floor":[70,68,68,52,44,44,69,58,68,65,65,65,41,41,41,7,85,74,74,56,63,66,54,54,50,50,49,56,56,56,45,45,28,92,89,89,89,89,79,50,45,72,72,76,92,92,92,92,92,0],"gold":102,"neow_bonus":"REMOVE_TWO","is_prod":false,"is_daily":false,"chose_seed":false,"campfire_upgraded":6,"win_rate":0,"timestamp":1549664110,"path_taken":["M","M","M","M","M","R","?","?","T","M","R","?","E","M","R","BOSS","M","$","M","?","M","E","R","M","T","E","M","$","R","M","R","BOSS","M","?","$","?","?","E","M","R","T","M","R","E","?","E","R","BOSS"],"build_version":"2019-01-23","purchased_purges":2,"victory":false,"max_hp_per_floor":[75,75,75,75,75,75,75,75,85,85,85,85,85,85,85,85,85,85,85,85,92,92,92,92,92,92,92,92,92,92,92,92,92,92,92,92,92,92,92,92,92,92,92,92,92,92,92,92,92,92],"card_choices":[{"not_picked":["Stack","Double Energy"],"picked":"Sweeping Beam","floor":1},{"not_picked":["Static Discharge","Compile Driver"],"picked":"Gash","floor":2},{"not_picked":["Gash","Force Field"],"picked":"Leap","floor":3},{"not_picked":["Redo","Gash"],"picked":"Go for the Eyes","floor":4},{"not_picked":["Force Field","Gash"],"picked":"Barrage","floor":5},{"not_picked":["Turbo","Sunder"],"picked":"Redo","floor":10},{"not_picked":["Creative AI","Leap"],"picked":"Steam","floor":13},{"not_picked":["Leap","Darkness"],"picked":"FTL","floor":14},{"not_picked":["Biased Cognition","Meteor Strike"],"picked":"Buffer","floor":16},{"not_picked":["White Noise","Reinforced Body"],"picked":"Hologram","floor":18},{"not_picked":["Sunder","Double Energy"],"picked":"Self Repair","floor":20},{"not_picked":["Compile Driver","Cold Snap+1"],"picked":"Loop","floor":22},{"not_picked":["Barrage","Loop"],"picked":"Leap","floor":23},{"not_picked":["Redo","Leap","Steam"],"picked":"SKIP","floor":25},{"not_picked":["Echo Form","Go for the Eyes"],"picked":"Double Energy","floor":27},{"not_picked":["Glacier","Compile Driver"],"picked":"Beam Cell","floor":28},{"not_picked":["Stack","Undo"],"picked":"Sweeping Beam+1","floor":31},{"not_picked":["Amplify","Seek"],"picked":"All For One","floor":33},{"not_picked":["Redo","Tempest+1"],"picked":"Recycle+1","floor":35},{"not_picked":["Jack Of All Trades","Mayhem"],"picked":"Flash of Steel","floor":36},{"not_picked":["Stack+1","Leap"],"picked":"Coolheaded","floor":39},{"not_picked":["Steam","Go for the Eyes"],"picked":"Aggregate","floor":40},{"not_picked":["Fusion","Sunder"],"picked":"Gash+1","floor":41},{"not_picked":["Genetic Algorithm","Tempest","Static Discharge+1"],"picked":"SKIP","floor":44},{"not_picked":["Lockon","Redo+1","Rebound"],"picked":"SKIP","floor":46},{"not_picked":["Glacier+1","Amplify","Leap+1"],"picked":"SKIP","floor":48}],"player_experience":234843,"relics_obtained":[{"floor":9,"key":"Pear"},{"floor":13,"key":"Letter Opener"},{"floor":23,"key":"War Paint"},{"floor":26,"key":"Pantograph"},{"floor":27,"key":"Du-Vu Doll"},{"floor":40,"key":"Bag of Preparation"},{"floor":43,"key":"Oddly Smooth Stone"},{"floor":46,"key":"Mummified Hand"},{"floor":48,"key":"Blue Candle"}],"event_choices":[{"damage_healed":25,"gold_gain":0,"player_choice":"Banana","damage_taken":0,"max_hp_gain":0,"max_hp_loss":0,"event_name":"Big Fish","floor":7,"gold_loss":0},{"damage_healed":0,"gold_gain":75,"player_choice":"Gather Gold","damage_taken":11,"max_hp_gain":0,"max_hp_loss":0,"event_name":"World of Goop","floor":8,"gold_loss":0},{"damage_healed":0,"gold_gain":0,"player_choice":"Obtained Relic","damage_taken":0,"relics_obtained":["Strawberry"],"max_hp_gain":0,"max_hp_loss":0,"event_name":"Addict","floor":21,"gold_loss":85},{"damage_healed":0,"gold_gain":0,"player_choice":"Memory 1","damage_taken":0,"max_hp_gain":0,"max_hp_loss":0,"event_name":"SensoryStone","floor":36,"gold_loss":0},{"damage_healed":0,"gold_gain":0,"player_choice":"Copied","damage_taken":0,"max_hp_gain":0,"max_hp_loss":0,"event_name":"Duplicator","floor":38,"gold_loss":0,"cards_obtained":["Genetic Algorithm"]}],"is_beta":false,"boss_relics":[{"not_picked":["Velvet Choker","Eternal Feather"],"picked":"Pandora\u0027s Box"},{"not_picked":["Runic Pyramid","White Beast Statue"],"picked":"Fusion Hammer"}],"items_purged_floors":[12,37],"is_endless":false,"potions_floor_spawned":[2,4,14,22,25,27,28,35,39,44],"killed_by":"Time Eater","ascension_level":2}