{"gold_per_floor":[217,217,243,53,53,53,87,87,87,117,117,117,130,150,150,252,252,267,267,192,192,207,207],"floor_reached":23,"playtime":1690,"items_purged":[],"score":322,"play_id":"e75e3594-536a-4358-82b5-ba4f6379fe39","local_time":"20190225211353","is_ascension_mode":true,"campfire_choices":[{"data":"Sword Boomerang","floor":6,"key":"SMITH"},{"data":"Shockwave","floor":8,"key":"SMITH"},{"data":"Feel No Pain","floor":12,"key":"SMITH"},{"data":"Disarm","floor":15,"key":"SMITH"}],"neow_cost":"NONE","seed_source_timestamp":894780373959553,"circlet_count":0,"master_deck":["Strike_R","Strike_R","Strike_R","Defend_R","Defend_R","Defend_R","Defend_R","Bash+1","Sword Boomerang+1","Shockwave+1","Disarm+1","Feel No Pain+1","Metallicize","Iron Wave","Dark Embrace","Anger","True Grit"],"relics":["Burning Blood","MawBank","Bronze Scales","Juzu Bracelet","Ornamental Fan","Mummified Hand","Sozu"],"potions_floor_usage":[7,10,23],"damage_taken":[{"damage":13,"enemies":"Jaw Worm","floor":1,"turns":4},{"damage":5,"enemies":"2 Louse","floor":3,"turns":3},{"damage":0,"enemies":"Gremlin Nob","floor":7,"turns":2},{"damage":38,"enemies":"3 Sentries","floor":10,"turns":11},{"damage":2,"enemies":"Cultist","floor":13,"turns":4},{"damage":4,"enemies":"2 Fungi Beasts","floor":14,"turns":4},{"damage":27,"enemies":"The Guardian","floor":16,"turns":13},{"damage":1,"enemies":"Shell Parasite","floor":18,"turns":6},{"damage":1,"enemies":"3 Byrds","floor":22,"turns":4},{"damage":84,"enemies":"Gremlin Leader","floor":23,"turns":10}],"seed_played":"7350324626757115354","potions_obtained":[{"floor":3,"key":"BloodPotion"},{"floor":7,"key":"SkillPotion"}],"is_trial":false,"path_per_floor":["M","?","M","$","?","R","E","R","T","E","T","R","M","M","R","B",null,"M","?","?","?","M","E"],"character_chosen":"IRONCLAD","items_purchased":["Bronze Scales","SteroidPotion"],"campfire_rested":0,"item_purchase_floors":[4,4],"current_hp_per_floor":[65,58,59,59,59,59,65,65,65,33,33,33,37,39,39,18,65,70,70,70,70,75,0],"gold":207,"neow_bonus":"HUNDRED_GOLD","is_prod":false,"is_daily":false,"chose_seed":false,"campfire_upgraded":4,"win_rate":0,"timestamp":1551147233,"path_taken":["M","?","M","$","?","R","E","R","T","E","?","R","M","M","R","BOSS","M","?","?","?","M","E"],"build_version":"2019-01-23","purchased_purges":0,"victory":false,"max_hp_per_floor":[80,80,80,80,80,80,80,80,80,80,80,80,80,80,80,80,80,80,80,80,80,80,80],"card_choices":[{"not_picked":["Havoc","Clash"],"picked":"Sword Boomerang","floor":1},{"not_picked":["Sentinel","Heavy Blade"],"picked":"Shockwave","floor":3},{"not_picked":["True Grit","Ghostly Armor"],"picked":"Disarm","floor":7},{"not_picked":["Shockwave","Clash"],"picked":"Feel No Pain","floor":10},{"not_picked":["Power Through","Cleave"],"picked":"Metallicize","floor":13},{"not_picked":["Shrug It Off","Clothesline"],"picked":"Iron Wave","floor":14},{"not_picked":["Brutality","Barricade"],"picked":"Dark Embrace","floor":16},{"not_picked":["Metallicize","Sever Soul"],"picked":"Anger","floor":18},{"not_picked":["Bloodletting","Anger","Clothesline"],"picked":"SKIP","floor":22},{"not_picked":["Bloodletting","Anger","Clothesline"],"picked":"SKIP","floor":22}],"player_experience":1678921,"relics_obtained":[{"floor":7,"key":"Juzu Bracelet"},{"floor":9,"key":"Ornamental Fan"},{"floor":10,"key":"Mummified Hand"}],"event_choices":[{"damage_healed":0,"gold_gain":0,"player_choice":"Success","damage_taken":7,"relics_obtained":["MawBank"],"max_hp_gain":0,"max_hp_loss":0,"event_name":"Scrap Ooze","floor":2,"gold_loss":0},{"damage_healed":0,"gold_gain":0,"player_choice":"Grow","damage_taken":0,"max_hp_gain":0,"max_hp_loss":0,"event_name":"Living Wall","floor":5,"gold_loss":0,"cards_upgraded":["Bash"]},{"damage_healed":0,"gold_gain":0,"player_choice":"Read","damage_taken":0,"max_hp_gain":0,"max_hp_loss":0,"event_name":"The Library","floor":19,"gold_loss":0,"cards_obtained":["True Grit"]},{"cards_removed":["Strike_R"],"damage_healed":0,"gold_gain":0,"player_choice":"Gave Gold","damage_taken":0,"max_hp_gain":0,"max_hp_loss":0,"event_name":"Beggar","floor":20,"gold_loss":75},{"cards_removed":["Strike_R"],"damage_healed":0,"gold_gain":0,"player_choice":"Elegance","damage_taken":0,"max_hp_gain":0,"max_hp_loss":0,"event_name":"Back to Basics","floor":21,"gold_loss":0}],"is_beta":false,"boss_relics":[{"not_picked":["Orrery","Runic Pyramid"],"picked":"Sozu"}],"items_purged_floors":[],"is_endless":false,"potions_floor_spawned":[3,7,22],"killed_by":"Gremlin Leader","ascension_level":9}