{"gold_per_floor":[119,119,119,129,129,129,79,89,113,143,155,180,211,254,266,379,391,413,441,466,494,506,518,558,580,641,666,678,719,745,773,785,797],"floor_reached":33,"playtime":2067,"items_purged":[],"score":293,"play_id":"511ec19a-b640-47cc-9278-a2f182b1355f","local_time":"20190223151727","is_ascension_mode":false,"campfire_choices":[{"data":"Survivor","floor":6,"key":"SMITH"},{"data":"Dagger Throw","floor":11,"key":"SMITH"},{"data":"Envenom","floor":15,"key":"SMITH"},{"floor":23,"key":"REST"},{"floor":28,"key":"REST"},{"floor":32,"key":"REST"}],"neow_cost":"NONE","seed_source_timestamp":51081064932700,"circlet_count":0,"master_deck":["Defend_G","Defend_G","Defend_G","Defend_G","Strike_G","Strike_G","Strike_G","Strike_G","Survivor+1","Neutralize","Dagger Throw+1","Bane","Bane","Prepared","Backflip+1","Envenom+1","Quick Slash","Venomology","Tactician+1","Dodge and Roll","Quick Slash","Blade Dance","Backflip","Blur+1","Acrobatics","Terror","Blur+1","Infinite Blades"],"relics":["Ring of the Snake","Art of War","Lantern","MawBank","Fusion Hammer","Nloth\u0027s Gift","PreservedInsect","Centennial Puzzle","War Paint"],"potions_floor_usage":[19,20,21,24,25,27,29,30,31,33,33],"damage_taken":[{"damage":0,"enemies":"Small Slimes","floor":1,"turns":5},{"damage":0,"enemies":"Jaw Worm","floor":4,"turns":3},{"damage":0,"enemies":"Cultist","floor":8,"turns":3},{"damage":4,"enemies":"3 Louse","floor":10,"turns":4},{"damage":4,"enemies":"Gremlin Gang","floor":12,"turns":5},{"damage":0,"enemies":"Large Slime","floor":13,"turns":5},{"damage":14,"enemies":"Gremlin Nob","floor":14,"turns":4},{"damage":20,"enemies":"The Guardian","floor":16,"turns":11},{"damage":1,"enemies":"Shell Parasite","floor":18,"turns":5},{"damage":2,"enemies":"Chosen","floor":19,"turns":4},{"damage":18,"enemies":"Shelled Parasite and Fungi","floor":20,"turns":6},{"damage":1,"enemies":"Snecko","floor":21,"turns":4},{"damage":38,"enemies":"Slavers","floor":24,"turns":6},{"damage":14,"enemies":"Centurion and Healer","floor":25,"turns":7},{"damage":7,"enemies":"Snake Plant","floor":27,"turns":5},{"damage":28,"enemies":"Book of Stabbing","floor":29,"turns":7},{"damage":15,"enemies":"Cultist and Chosen","floor":30,"turns":7},{"damage":0,"enemies":"Shelled Parasite and Fungi","floor":31,"turns":6},{"damage":76,"enemies":"Collector","floor":33,"turns":7}],"seed_played":"2454769742633976376","potions_obtained":[{"floor":1,"key":"Regen Potion"},{"floor":8,"key":"SneckoOil"},{"floor":14,"key":"Ancient Potion"},{"floor":29,"key":"Explosive Potion"},{"floor":31,"key":"Explosive Potion"}],"is_trial":false,"path_per_floor":["M","?","?","M","?","R","?","M","T","M","R","M","M","E","R","B",null,"M","M","M","M","?","R","E","M","T","M","R","E","M","M","R","B"],"character_chosen":"THE_SILENT","items_purchased":[],"campfire_rested":3,"item_purchase_floors":[],"current_hp_per_floor":[70,63,38,38,61,61,61,61,61,57,57,53,53,39,39,19,70,69,67,49,48,48,69,31,32,32,25,46,18,3,3,24,0],"gold":797,"neow_bonus":"RANDOM_COMMON_RELIC","is_prod":false,"is_daily":false,"chose_seed":false,"campfire_upgraded":3,"win_rate":0,"timestamp":1550931447,"path_taken":["M","?","?","?","?","R","?","?","T","M","R","M","M","E","R","BOSS","M","?","M","M","?","R","E","M","T","M","R","E","M","M","R","BOSS"],"build_version":"2019-01-23","purchased_purges":0,"victory":false,"max_hp_per_floor":[70,70,70,70,70,70,70,70,70,70,70,70,70,70,70,70,70,70,70,70,70,70,70,70,70,70,70,70,70,70,70,70,70],"card_choices":[{"not_picked":["Outmaneuver","Underhanded Strike"],"picked":"Dagger Throw","floor":1},{"not_picked":["Sucker Punch","Underhanded Strike"],"picked":"Bane","floor":4},{"not_picked":["Expertise","Dash"],"picked":"Bane","floor":8},{"not_picked":["Tactician","Quick Slash"],"picked":"Prepared","floor":10},{"not_picked":["Backstab","Dodge and Roll"],"picked":"Backflip","floor":12},{"not_picked":["Sucker Punch","Bane"],"picked":"Envenom","floor":13},{"not_picked":["Dagger Spray","Sucker Punch"],"picked":"Quick Slash","floor":14},{"not_picked":["Doppelganger","Night Terror"],"picked":"Venomology","floor":16},{"not_picked":["Dagger Spray","Deflect"],"picked":"Tactician+1","floor":18},{"not_picked":["Eviscerate+1","Flying Knee+1"],"picked":"Dodge and Roll","floor":19},{"not_picked":["Dagger Throw+1","PiercingWail"],"picked":"Quick Slash","floor":20},{"not_picked":["Dodge and Roll","Dagger Throw"],"picked":"Blade Dance","floor":21},{"not_picked":["Envenom","Dagger Spray"],"picked":"Backflip","floor":24},{"not_picked":["Underhanded Strike","Sucker Punch"],"picked":"Blur","floor":25},{"not_picked":["Deflect","Sucker Punch"],"picked":"Acrobatics","floor":27},{"not_picked":["Sucker Punch","Riddle With Holes"],"picked":"Terror","floor":29},{"not_picked":["Caltrops","Dagger Spray+1"],"picked":"Blur+1","floor":30},{"not_picked":["PiercingWail","Acrobatics+1"],"picked":"Infinite Blades","floor":31}],"player_experience":349943,"relics_obtained":[{"floor":9,"key":"MawBank"},{"floor":14,"key":"Nunchaku"},{"floor":24,"key":"PreservedInsect"},{"floor":26,"key":"Centennial Puzzle"},{"floor":29,"key":"War Paint"}],"event_choices":[{"cards_removed":["Strike_G"],"damage_healed":0,"gold_gain":0,"player_choice":"Card Removal","damage_taken":7,"max_hp_gain":0,"max_hp_loss":0,"event_name":"Golden Wing","floor":2,"gold_loss":0},{"damage_healed":0,"gold_gain":0,"player_choice":"Success","damage_taken":25,"relics_obtained":["Lantern"],"max_hp_gain":0,"max_hp_loss":0,"event_name":"Scrap Ooze","floor":3,"gold_loss":0},{"damage_healed":23,"gold_gain":0,"player_choice":"Banana","damage_taken":0,"max_hp_gain":0,"max_hp_loss":0,"event_name":"Big Fish","floor":5,"gold_loss":0},{"cards_removed":["Defend_G"],"damage_healed":0,"gold_gain":0,"player_choice":"Card Removal","damage_taken":0,"max_hp_gain":0,"max_hp_loss":0,"event_name":"The Cleric","floor":7,"gold_loss":50},{"damage_healed":0,"gold_gain":0,"player_choice":"Traded Relic","damage_taken":0,"relics_obtained":["Nloth\u0027s Gift"],"max_hp_gain":0,"max_hp_loss":0,"event_name":"N\u0027loth","floor":22,"relics_lost":["Nunchaku"],"gold_loss":0}],"is_beta":false,"boss_relics":[{"not_picked":["Velvet Choker","Snecko Eye"],"picked":"Fusion Hammer"}],"items_purged_floors":[],"is_endless":false,"potions_floor_spawned":[1,8,14,19,21,29,31],"killed_by":"Collector","ascension_level":0}