{"path_per_floor":["M","M","M","?","?","R","M","M","T","R","?","M","M","M","R","B",null,"M","$","M","?","$","R","M","?","T","M","$","M","R","?","R"],"character_chosen":"IRONCLAD","items_purchased":["Matryoshka","Omamori"],"gold_per_floor":[116,133,147,147,147,147,164,181,181,181,181,195,210,223,223,347,347,361,34,54,54,54,54,69,169,169,190,34,54,54,54,54],"floor_reached":33,"campfire_rested":1,"playtime":4386,"current_hp_per_floor":[41,38,42,42,42,42,48,33,33,33,33,29,35,39,39,19,74,58,58,52,37,37,37,35,35,45,40,40,30,59,59,59],"items_purged":["Strike_R"],"gold":54,"play_id":"d7fa566d-d361-4d29-8bc7-3fb7dbc02305","is_prod":false,"is_daily":false,"is_ascension_mode":false,"campfire_upgraded":4,"path_taken":["M","M","M","?","?","R","M","M","T","R","?","M","?","M","R","BOSS","M","$","M","?","$","R","M","?","T","M","?","?","R","?","R","BOSS"],"build_version":"2018-01-25-PROD3","purchased_purges":1,"victory":false,"master_deck":["Strike_R","Strike_R","Strike_R","Defend_R","Defend_R","Defend_R","Defend_R","Bash","Whirlwind+1","Iron Wave+1","Pommel Strike+1","Headbutt","Shrug It Off+1","Double Tap+1","Feed","Metallicize+1","Clothesline+1","Pommel Strike+1","Seeing Red"],"max_hp_per_floor":[80,80,80,80,80,80,80,80,80,80,74,74,74,74,74,74,74,77,77,77,82,82,82,82,82,92,95,95,98,98,98,98],"relics":["Burning Blood","Calipers","Shovel","Golden Idol","Sozu","Matryoshka","Mercury Hourglass","Pear","Du-Vu Doll","Omamori"],"card_choices":[{"not_picked":["True Grit","Twin Strike"],"picked":"Whirlwind"},{"not_picked":["Combust","Carnage"],"picked":"Iron Wave"},{"not_picked":["Flex","Sword Boomerang"],"picked":"Pommel Strike"},{"not_picked":["Wild Strike","Pommel Strike"],"picked":"Headbutt"},{"not_picked":["Dual Wield","Seeing Red"],"picked":"Shrug It Off"},{"not_picked":["Searing Blow","Perfected Strike"],"picked":"Double Tap"},{"not_picked":["Fiend Fire","Offering"],"picked":"Feed"},{"not_picked":["Wild Strike","Pommel Strike"],"picked":"Metallicize"},{"not_picked":["Corruption","Sword Boomerang"],"picked":"Clothesline"},{"not_picked":["Armaments","Wild Strike"],"picked":"Pommel Strike"},{"not_picked":["Limit Break","Pommel Strike"],"picked":"Seeing Red"}],"player_experience":315127,"potions_floor_usage":[2,12,16],"damage_taken":[{"damage":5,"enemies":"Small Slimes","floor":1,"turns":3},{"damage":9,"enemies":"Blue Slaver","floor":2,"turns":3},{"damage":2,"enemies":"2 Louse","floor":3,"turns":3},{"damage":0,"enemies":"Large Slime","floor":7,"turns":3},{"damage":21,"enemies":"Exordium Wildlife","floor":8,"turns":3},{"damage":10,"enemies":"Looter","floor":12,"turns":2},{"damage":0,"enemies":"3 Louse","floor":13,"turns":1},{"damage":2,"enemies":"Large Slime","floor":14,"turns":6},{"damage":26,"enemies":"Slime Boss","floor":16,"turns":7},{"damage":25,"enemies":"2 Thieves","floor":18,"turns":4},{"damage":12,"enemies":"Shell Parasite","floor":20,"turns":3},{"damage":8,"enemies":"3 Cultists","floor":24,"turns":3},{"damage":14,"enemies":"Centurion and Healer","floor":27,"turns":5},{"damage":19,"enemies":"Slaver and Parasite","floor":29,"turns":8},{"damage":93,"enemies":"Automaton","floor":33,"turns":12}],"event_choices":[{"event_name":"Wheel of Change","player_choice":"Card Removal","floor":4,"damage_taken":0},{"event_name":"Upgrade Shrine","player_choice":"Upgraded","floor":5,"damage_taken":0},{"event_name":"Golden Idol","player_choice":"Lose Max HP","floor":11,"damage_taken":0},{"event_name":"Forgotten Altar","player_choice":"Shed Blood","floor":21,"damage_taken":0},{"event_name":"Golden Shrine","player_choice":"Pray","floor":25,"damage_taken":0},{"event_name":"Upgrade Shrine","player_choice":"Upgraded","floor":31,"damage_taken":0}],"boss_relics":[{"not_picked":["Tiny House","Snecko Eye"],"picked":"Sozu"}],"potions_floor_spawned":[1,8,12,13,16,18,20],"seed_played":"-5486932686130853770","killed_by":"Automaton","ascension_level":0,"is_trial":false}