{"gold_per_floor":[119,119,131,4,4,4,38,38,38,67,19,19,36,36,36,132,132,142,142,142,21,120,120,0,0,0,64,64,64,76,90,90,195,195,205,205,53,67,86,86,100,100,124,124,124,73,85,101,101,101],"floor_reached":51,"playtime":2352,"items_purged":[],"score":1009,"play_id":"057cc5b8-c165-46e1-8f31-fef22129d2a4","local_time":"20190308193553","is_ascension_mode":true,"campfire_choices":[{"data":"Defragment","floor":6,"key":"SMITH"},{"floor":8,"key":"REST"},{"floor":12,"key":"REST"},{"data":"Cold Snap","floor":15,"key":"SMITH"},{"data":"Rainbow","floor":23,"key":"SMITH"},{"floor":25,"key":"REST"},{"floor":29,"key":"REST"},{"data":"Doom and Gloom","floor":32,"key":"SMITH"},{"floor":40,"key":"REST"},{"data":"Dualcast","floor":42,"key":"SMITH"},{"floor":49,"key":"REST"}],"neow_cost":"PERCENT_DAMAGE","seed_source_timestamp":100247008390771,"circlet_count":0,"master_deck":["Strike_B","Strike_B","Strike_B","Defend_B","Defend_B","Defend_B","Zap","Dualcast+1","Conserve Battery","Defragment+1","Cold Snap+1","Rainbow+1","Necronomicurse","Doom and Gloom+1","Defragment+1","Cold Snap+1","Capacitor+1","Defragment+1","Consume+1","Auto Shields"],"relics":["FrozenCore","Incense Burner","Regal Pillow","Singing Bowl","Bottled Flame","Philosopher\u0027s Stone","Necronomicon","Frozen Egg 2","Bag of Preparation","Tiny Chest","Darkstone Periapt","DataDisk","Pen Nib"],"potions_floor_usage":[7,7,16,18,27,33,33,35,47,50],"damage_taken":[{"damage":2,"enemies":"Jaw Worm","floor":1,"turns":3},{"damage":0,"enemies":"Cultist","floor":3,"turns":3},{"damage":26,"enemies":"3 Sentries","floor":7,"turns":7},{"damage":33,"enemies":"Lagavulin","floor":10,"turns":7},{"damage":0,"enemies":"2 Louse","floor":13,"turns":3},{"damage":64,"enemies":"Slime Boss","floor":16,"turns":16},{"damage":10,"enemies":"2 Thieves","floor":18,"turns":4},{"damage":34,"enemies":"Book of Stabbing","floor":27,"turns":5},{"damage":0,"enemies":"Chosen","floor":30,"turns":4},{"damage":0,"enemies":"Sentry and Sphere","floor":31,"turns":3},{"damage":67,"enemies":"Automaton","floor":33,"turns":8},{"damage":16,"enemies":"3 Shapes","floor":35,"turns":3},{"damage":20,"enemies":"Orb Walker","floor":38,"turns":4},{"damage":0,"enemies":"Maw","floor":39,"turns":8},{"damage":3,"enemies":"3 Darklings","floor":41,"turns":5},{"damage":21,"enemies":"Writhing Mass","floor":47,"turns":5},{"damage":12,"enemies":"Sphere and 2 Shapes","floor":48,"turns":5},{"damage":23,"enemies":"Time Eater","floor":50,"turns":24}],"seed_played":"5709905559506527577","potions_obtained":[{"floor":1,"key":"Block Potion"},{"floor":13,"key":"Regen Potion"},{"floor":16,"key":"Block Potion"},{"floor":18,"key":"FearPotion"},{"floor":31,"key":"EssenceOfSteel"},{"floor":33,"key":"Poison Potion"},{"floor":38,"key":"SpeedPotion"},{"floor":39,"key":"Weak Potion"},{"floor":47,"key":"Poison Potion"}],"is_trial":false,"path_per_floor":["M","?","M","$","?","R","E","R","T","E","?","R","M","?","R","B",null,"M","?","?","$","?","R","$","R","T","E","T","R","M","M","R","B",null,"M","?","$","M","M","R","M","R","T","$","?","$","M","M","R","B",null],"character_chosen":"DEFECT","items_purchased":["Defragment","Strength Potion","Doom and Gloom","Weak Potion","Defragment+1","PowerPotion","DataDisk","PowerPotion"],"campfire_rested":6,"item_purchase_floors":[4,4,21,21,24,24,37,46],"current_hp_per_floor":[48,48,48,48,48,48,22,59,59,26,26,63,65,65,65,16,62,54,38,38,38,38,38,38,76,76,44,44,81,83,83,83,18,68,52,52,52,32,34,75,74,74,74,74,74,74,55,45,87,64],"gold":101,"neow_bonus":"ONE_RARE_RELIC","is_prod":false,"is_daily":false,"chose_seed":false,"campfire_upgraded":5,"win_rate":0,"timestamp":1552095353,"path_taken":["M","?","?","$","?","R","E","R","T","E","?","R","M","?","R","BOSS","M","?","?","$","?","R","$","R","T","E","?","R","M","M","R","BOSS","M","?","$","M","?","R","M","R","T","$","?","$","?","M","R","BOSS"],"build_version":"2019-01-23","purchased_purges":0,"victory":true,"max_hp_per_floor":[75,75,75,75,75,75,75,75,75,75,75,75,77,77,77,77,77,79,79,79,79,79,79,79,79,79,81,81,81,83,83,83,85,85,85,85,85,85,87,87,89,89,89,89,89,89,91,93,93,93],"card_choices":[{"not_picked":["Darkness","Loop"],"picked":"Conserve Battery","floor":1},{"not_picked":["Streamline","Sweeping Beam","Go for the Eyes"],"picked":"SKIP","floor":3},{"not_picked":["Rebound","Streamline","Beam Cell"],"picked":"SKIP","floor":7},{"not_picked":["Sweeping Beam","Gash"],"picked":"Cold Snap","floor":10},{"not_picked":["Turbo","Redo","Compile Driver"],"picked":"Singing Bowl","floor":13},{"not_picked":["Meteor Strike","All For One"],"picked":"Rainbow","floor":16},{"not_picked":["Redo+1","Go for the Eyes+1","Genetic Algorithm"],"picked":"Singing Bowl","floor":18},{"not_picked":["Barrage+1","Steam","Streamline"],"picked":"Singing Bowl","floor":27},{"not_picked":["Leap","Redo+1","Rip and Tear+1"],"picked":"Singing Bowl","floor":30},{"not_picked":["Fusion+1","Hello World+1"],"picked":"Cold Snap+1","floor":31},{"not_picked":["Rainbow","All For One","Fission"],"picked":"Singing Bowl","floor":33},{"not_picked":["Stack","Turbo+1"],"picked":"Capacitor+1","floor":35},{"not_picked":["Sunder","Compile Driver"],"picked":"Consume+1","floor":38},{"not_picked":["BootSequence","Turbo","Leap+1"],"picked":"Singing Bowl","floor":39},{"not_picked":["Ball Lightning+1","Redo","Leap"],"picked":"Singing Bowl","floor":41},{"not_picked":["Sunder+1","Ball Lightning+1","Sweeping Beam"],"picked":"Singing Bowl","floor":47},{"not_picked":["Ball Lightning","Tempest+1","Recycle+1"],"picked":"Singing Bowl","floor":48}],"player_experience":311975,"relics_obtained":[{"floor":7,"key":"Regal Pillow"},{"floor":9,"key":"Singing Bowl"},{"floor":10,"key":"Bottled Flame"},{"floor":19,"key":"Necronomicon"},{"floor":26,"key":"Bag of Preparation"},{"floor":27,"key":"Tiny Chest"},{"floor":28,"key":"Darkstone Periapt"},{"floor":43,"key":"Pen Nib"}],"event_choices":[{"cards_removed":["Defend_B"],"damage_healed":0,"gold_gain":0,"player_choice":"Purged","damage_taken":0,"max_hp_gain":0,"max_hp_loss":0,"event_name":"Purifier","floor":2,"gold_loss":0},{"damage_healed":0,"gold_gain":0,"player_choice":"Ignored","damage_taken":0,"max_hp_gain":0,"max_hp_loss":0,"event_name":"Golden Wing","floor":5,"gold_loss":0},{"damage_healed":0,"gold_gain":0,"player_choice":"Left Gold","damage_taken":0,"max_hp_gain":0,"max_hp_loss":0,"event_name":"World of Goop","floor":11,"gold_loss":48},{"damage_healed":0,"gold_gain":0,"player_choice":"Ignored","damage_taken":0,"max_hp_gain":0,"max_hp_loss":0,"event_name":"Liars Game","floor":14,"gold_loss":0},{"damage_healed":0,"gold_gain":0,"player_choice":"Obtained Book","damage_taken":16,"max_hp_gain":0,"max_hp_loss":0,"event_name":"Cursed Tome","floor":19,"gold_loss":0},{"damage_healed":0,"gold_gain":0,"player_choice":"Opened","damage_taken":0,"relics_obtained":["Frozen Egg 2"],"max_hp_gain":0,"max_hp_loss":0,"event_name":"The Mausoleum","floor":20,"gold_loss":0},{"damage_healed":0,"gold_gain":99,"player_choice":"Stole From Cult","damage_taken":0,"max_hp_gain":0,"max_hp_loss":0,"event_name":"Nest","floor":22,"gold_loss":0},{"damage_healed":0,"gold_gain":0,"player_choice":"Copied","damage_taken":0,"max_hp_gain":0,"max_hp_loss":0,"event_name":"Duplicator","floor":36,"gold_loss":0,"cards_obtained":["Defragment"]},{"damage_healed":0,"gold_gain":0,"cards_transformed":["Strike_B"],"player_choice":"Transformed","damage_taken":0,"max_hp_gain":0,"max_hp_loss":0,"event_name":"Transmorgrifier","floor":45,"gold_loss":0,"cards_obtained":["Auto Shields"]}],"is_beta":false,"boss_relics":[{"not_picked":["Empty Cage","Orrery"],"picked":"Philosopher\u0027s Stone"},{"not_picked":["Runic Dome","Tiny House"],"picked":"FrozenCore"}],"items_purged_floors":[],"is_endless":false,"potions_floor_spawned":[1,13,16,18,31,33,38,39,47],"ascension_level":9}