{"gold_per_floor":[110,110,60,60,78,119,119,150,150,189,214,233,134,134,134,259,259,252,302,3,3,3,3,39,52,52,0,40,55,75,98,98,98],"floor_reached":33,"playtime":1449,"items_purged":["Pain"],"score":630,"play_id":"c2ce5343-9d54-4972-8169-35a9705b4240","local_time":"20190309083147","is_ascension_mode":true,"campfire_choices":[{"data":"Zap","floor":7,"key":"SMITH"},{"data":"Dualcast","floor":15,"key":"SMITH"},{"data":"Sunder","floor":23,"key":"SMITH"},{"data":"1","floor":32,"key":"LIFT"}],"neow_cost":"NONE","seed_source_timestamp":147722064370211,"circlet_count":0,"master_deck":["AscendersBane","Strike_B","Strike_B","Strike_B","Strike_B","Defend_B","Defend_B","Defend_B","Defend_B","Zap+1","Dualcast+1","Conserve Battery","Core Surge","Regret","Injury","Hologram+1","Sunder+1","Ghostly","Ghostly","Ghostly","Ghostly","Ghostly","White Noise"],"relics":["Cracked Core","NeowsBlessing","Golden Idol","Pantograph","PreservedInsect","Letter Opener","StoneCalendar","Dead Branch","Calling Bell","Juzu Bracelet","Meat on the Bone","Girya","Orichalcum","Dodecahedron","Regal Pillow","Lantern","Question Card"],"potions_floor_usage":[8,12,16,24,30,33,33],"damage_taken":[{"damage":0,"enemies":"2 Louse","floor":1,"turns":1},{"damage":0,"enemies":"Jaw Worm","floor":5,"turns":1},{"damage":0,"enemies":"3 Sentries","floor":6,"turns":1},{"damage":24,"enemies":"Gremlin Nob","floor":8,"turns":4},{"damage":15,"enemies":"3 Sentries","floor":10,"turns":5},{"damage":0,"enemies":"Cultist","floor":11,"turns":4},{"damage":13,"enemies":"Exordium Thugs","floor":12,"turns":4},{"damage":14,"enemies":"Slime Boss","floor":16,"turns":7},{"damage":27,"enemies":"2 Thieves","floor":18,"turns":4},{"damage":2,"enemies":"Gremlin Leader","floor":24,"turns":7},{"damage":3,"enemies":"3 Byrds","floor":25,"turns":5},{"damage":1,"enemies":"Book of Stabbing","floor":28,"turns":6},{"damage":1,"enemies":"Cultist and Chosen","floor":29,"turns":7},{"damage":6,"enemies":"Snake Plant","floor":30,"turns":3},{"damage":2,"enemies":"Chosen and Byrds","floor":31,"turns":7},{"damage":39,"enemies":"Champ","floor":33,"turns":8}],"seed_played":"-2061192415918438441","potions_obtained":[{"floor":5,"key":"GamblersBrew"},{"floor":10,"key":"FearPotion"},{"floor":29,"key":"Weak Potion"},{"floor":30,"key":"Dexterity Potion"}],"is_trial":false,"path_per_floor":["M","?","?","T","M","E","R","E","T","E","M","M","$","?","R","B",null,"M","?","$","?","T","R","E","M","T","$","E","M","M","M","R","B"],"character_chosen":"DEFECT","items_purchased":["SpeedPotion","AttackPotion","Orichalcum","Sunder","Explosive Potion"],"campfire_rested":0,"item_purchase_floors":[13,13,20,20,27],"current_hp_per_floor":[68,68,68,68,68,68,68,44,44,29,29,16,16,75,75,61,72,45,45,45,37,37,37,35,32,32,32,31,30,24,22,22,0],"gold":98,"neow_bonus":"THREE_ENEMY_KILL","is_prod":false,"is_daily":false,"chose_seed":false,"campfire_upgraded":3,"win_rate":0,"timestamp":1552141907,"path_taken":["M","?","?","?","M","E","R","E","T","E","M","M","$","?","R","BOSS","M","?","?","?","?","R","E","M","T","$","E","M","M","M","R","BOSS"],"build_version":"2019-01-23","purchased_purges":1,"victory":false,"max_hp_per_floor":[75,75,75,75,75,75,75,75,75,75,75,75,75,75,75,75,75,75,75,75,37,37,37,37,37,37,37,37,37,37,37,37,37],"card_choices":[{"not_picked":["Sweeping Beam","Steam","Leap"],"picked":"SKIP","floor":1},{"not_picked":["Barrage","Leap","Turbo"],"picked":"SKIP","floor":5},{"not_picked":["Rebound","Blizzard","Melter"],"picked":"SKIP","floor":6},{"not_picked":["Darkness","Thunder Strike"],"picked":"Conserve Battery","floor":8},{"not_picked":["Force Field","Sweeping Beam","Beam Cell"],"picked":"SKIP","floor":10},{"not_picked":["Gash","Steam","Conserve Battery"],"picked":"SKIP","floor":11},{"not_picked":["Sweeping Beam","Turbo","Redo"],"picked":"SKIP","floor":12},{"not_picked":["Meteor Strike","All For One"],"picked":"Core Surge","floor":16},{"not_picked":["Force Field","Fusion+1"],"picked":"Hologram+1","floor":18},{"not_picked":["Compile Driver","Blizzard","Auto Shields"],"picked":"SKIP","floor":24},{"not_picked":["Capacitor","Redo"],"picked":"White Noise","floor":25},{"not_picked":["Rebound","Go for the Eyes","Multi-Cast"],"picked":"SKIP","floor":28},{"not_picked":["Conserve Battery","Barrage","Go for the Eyes","Streamline"],"picked":"SKIP","floor":29},{"not_picked":["Hologram","Steam","Gash","Self Repair"],"picked":"SKIP","floor":30},{"not_picked":["Doom and Gloom","Redo","Coolheaded","Gash"],"picked":"SKIP","floor":31}],"player_experience":329713,"relics_obtained":[{"floor":4,"key":"Pantograph"},{"floor":6,"key":"PreservedInsect"},{"floor":8,"key":"Letter Opener"},{"floor":9,"key":"StoneCalendar"},{"floor":10,"key":"Dead Branch"},{"floor":17,"key":"Juzu Bracelet"},{"floor":17,"key":"Meat on the Bone"},{"floor":17,"key":"Girya"},{"floor":22,"key":"Dodecahedron"},{"floor":24,"key":"Regal Pillow"},{"floor":26,"key":"Lantern"},{"floor":28,"key":"Question Card"}],"event_choices":[{"damage_healed":0,"gold_gain":0,"player_choice":"Take Wound","damage_taken":0,"relics_obtained":["Golden Idol"],"max_hp_gain":0,"max_hp_loss":0,"event_name":"Golden Idol","floor":2,"gold_loss":0,"cards_obtained":["Injury"]},{"cards_removed":["Injury"],"damage_healed":0,"gold_gain":0,"player_choice":"Card Removal","damage_taken":0,"max_hp_gain":0,"max_hp_loss":0,"event_name":"The Cleric","floor":3,"gold_loss":50},{"damage_healed":59,"gold_gain":0,"player_choice":"Full Heal","damage_taken":0,"max_hp_gain":0,"max_hp_loss":0,"event_name":"Wheel of Change","floor":14,"gold_loss":0},{"damage_healed":0,"gold_gain":100,"player_choice":"Bet on Murderer","damage_taken":0,"max_hp_gain":0,"max_hp_loss":0,"event_name":"The Joust","floor":19,"gold_loss":50},{"damage_healed":0,"gold_gain":0,"player_choice":"Became a Ghost","damage_taken":0,"max_hp_gain":0,"max_hp_loss":38,"event_name":"Ghosts","floor":21,"gold_loss":0,"cards_obtained":["Ghostly","Ghostly","Ghostly","Ghostly","Ghostly"]}],"is_beta":false,"boss_relics":[{"not_picked":["Busted Crown","Empty Cage"],"picked":"Calling Bell"}],"items_purged_floors":[20],"is_endless":false,"potions_floor_spawned":[5,10,29,30],"killed_by":"Champ","ascension_level":12}