{"gold_per_floor":[109,109,59,59,78,111,286,286,286,49,49,65,84,84,84,187,187,204,176,276,286,306,338,60,76,101,101],"floor_reached":27,"playtime":2336,"items_purged":["Decay","Doubt"],"score":233,"play_id":"78eb8997-3b12-4fe7-90f9-39360714a7fe","local_time":"20190131210126","is_ascension_mode":false,"campfire_choices":[{"data":"Backflip","floor":8,"key":"SMITH"},{"data":"Venomology","floor":11,"key":"SMITH"},{"data":"Survivor","floor":15,"key":"SMITH"}],"neow_cost":"NONE","seed_source_timestamp":1591959935622518,"circlet_count":0,"master_deck":["Defend_G","Defend_G","Defend_G","Defend_G","Strike_G","Strike_G","Strike_G","Strike_G","Survivor+1","Neutralize","Backflip+1","Deadly Poison","Escape Plan","Venomology+1","Noxious Fumes","Flying Knee","Burst","Backflip","Bouncing Flask","Concentrate","Backflip","Distraction","The Bomb","Infinite Blades+1"],"relics":["Ring of the Snake","NeowsBlessing","Tingsha","Ornamental Fan","Eternal Feather","Peace Pipe","Centennial Puzzle"],"potions_floor_usage":[13,13,16,16,18,19,19,19,19,21,22,23,23,23,23,25,25,27,27],"damage_taken":[{"damage":0,"enemies":"Cultist","floor":1,"turns":1},{"damage":0,"enemies":"2 Louse","floor":5,"turns":1},{"damage":2,"enemies":"Lagavulin","floor":6,"turns":1},{"damage":3,"enemies":"Small Slimes","floor":12,"turns":3},{"damage":1,"enemies":"Gremlin Gang","floor":13,"turns":4},{"damage":46,"enemies":"Slime Boss","floor":16,"turns":14},{"damage":0,"enemies":"Shell Parasite","floor":18,"turns":8},{"damage":15,"enemies":"2 Thieves","floor":19,"turns":5},{"damage":0,"enemies":"Snecko","floor":21,"turns":5},{"damage":19,"enemies":"Chosen and Byrds","floor":22,"turns":7},{"damage":9,"enemies":"Book of Stabbing","floor":23,"turns":9},{"damage":18,"enemies":"3 Cultists","floor":25,"turns":4},{"damage":12,"enemies":"Cultist and Chosen","floor":27,"turns":4}],"seed_played":"5988429322544098441","potions_obtained":[{"floor":5,"key":"Fire Potion"},{"floor":12,"key":"LiquidBronze"},{"floor":16,"key":"AttackPotion"},{"floor":18,"key":"Energy Potion"},{"floor":21,"key":"SpeedPotion"},{"floor":23,"key":"LiquidBronze"}],"is_trial":false,"path_per_floor":["M","?","?","?","M","E","?","R","T","$","R","M","M","T","R","B",null,"M","M","?","M","M","E","$","M","T","M"],"character_chosen":"THE_SILENT","items_purchased":["Venomology","The Bomb"],"campfire_rested":0,"item_purchase_floors":[10,24],"current_hp_per_floor":[70,63,63,63,63,61,61,61,61,61,61,58,57,57,57,11,70,70,55,55,55,36,27,27,9,9,0],"gold":101,"neow_bonus":"THREE_ENEMY_KILL","is_prod":false,"is_daily":false,"chose_seed":false,"campfire_upgraded":3,"win_rate":0,"timestamp":1548964886,"path_taken":["M","?","?","?","?","E","?","R","T","$","R","M","M","?","R","BOSS","M","M","?","M","M","E","$","M","T","?"],"build_version":"2019-01-23","purchased_purges":2,"victory":false,"max_hp_per_floor":[70,70,70,70,70,70,70,70,70,70,70,70,70,70,70,70,70,70,70,70,70,70,70,70,70,70,70],"card_choices":[{"not_picked":["Riddle With Holes","Blade Dance"],"picked":"Backflip","floor":1},{"not_picked":["Eviscerate","Blade Dance"],"picked":"Deadly Poison","floor":5},{"not_picked":["Dodge and Roll","Poisoned Stab"],"picked":"Escape Plan","floor":6},{"not_picked":["Calculated Gamble","Acrobatics"],"picked":"Noxious Fumes","floor":12},{"not_picked":["Dagger Spray","Outmaneuver"],"picked":"Flying Knee","floor":13},{"not_picked":["Phantasmal Killer","Tools of the Trade"],"picked":"Burst","floor":16},{"not_picked":["Dodge and Roll","Catalyst"],"picked":"Backflip","floor":18},{"not_picked":["Dodge and Roll","Deflect"],"picked":"Bouncing Flask","floor":19},{"not_picked":["Masterful Stab","Noxious Fumes"],"picked":"Concentrate","floor":21},{"not_picked":["Setup","PiercingWail"],"picked":"Backflip","floor":22},{"not_picked":["Dagger Spray","Outmaneuver"],"picked":"Distraction","floor":23},{"not_picked":["Phantasmal Killer","Accuracy+1"],"picked":"Infinite Blades+1","floor":25}],"player_experience":112394,"relics_obtained":[{"floor":6,"key":"Tingsha"},{"floor":9,"key":"Ornamental Fan"},{"floor":23,"key":"Peace Pipe"},{"floor":26,"key":"Centennial Puzzle"}],"event_choices":[{"cards_removed":["Defend_G"],"damage_healed":0,"gold_gain":0,"player_choice":"Card Removal","damage_taken":7,"max_hp_gain":0,"max_hp_loss":0,"event_name":"Golden Wing","floor":2,"gold_loss":0},{"cards_removed":["Strike_G"],"damage_healed":0,"gold_gain":0,"player_choice":"Card Removal","damage_taken":0,"max_hp_gain":0,"max_hp_loss":0,"event_name":"The Cleric","floor":3,"gold_loss":50},{"damage_healed":0,"gold_gain":0,"player_choice":"Cursed","damage_taken":0,"max_hp_gain":0,"max_hp_loss":0,"event_name":"Wheel of Change","floor":4,"gold_loss":0,"cards_obtained":["Decay"]},{"damage_healed":0,"gold_gain":175,"player_choice":"AGREE","damage_taken":0,"max_hp_gain":0,"max_hp_loss":0,"event_name":"Liars Game","floor":7,"gold_loss":0,"cards_obtained":["Doubt"]},{"damage_healed":0,"gold_gain":100,"player_choice":"Pray","damage_taken":0,"max_hp_gain":0,"max_hp_loss":0,"event_name":"Golden Shrine","floor":20,"gold_loss":0}],"is_beta":false,"boss_relics":[{"not_picked":["White Beast Statue","Cursed Key"],"picked":"Eternal Feather"}],"items_purged_floors":[10,24],"is_endless":false,"potions_floor_spawned":[5,12,16,18,21,23],"killed_by":"Cultist and Chosen","ascension_level":0}