{"gold_per_floor":[113,129,147,147,147,147,181,181,204,215,249,268,282,207,207,280,280,296,296,313,68,82,115,115,142,198,198,198,198,211,66,66,140,140,152,152,152,163,163,163,176,176,254,273,273],"floor_reached":45,"playtime":3270,"items_purged":["Regret","Purity"],"score":787,"play_id":"f1939779-9715-413b-9807-6d6334adae9f","local_time":"20190302200806","is_ascension_mode":true,"campfire_choices":[{"data":"Conserve Battery","floor":6,"key":"SMITH"},{"data":"Zap","floor":8,"key":"SMITH"},{"data":"Ball Lightning","floor":15,"key":"SMITH"},{"data":"Go for the Eyes","floor":24,"key":"SMITH"},{"data":"Barrage","floor":32,"key":"SMITH"},{"data":"Loop","floor":40,"key":"SMITH"},{"data":"Panache","floor":42,"key":"SMITH"}],"neow_cost":"NONE","seed_source_timestamp":145050785995,"circlet_count":0,"master_deck":["AscendersBane","Strike_B+1","Strike_B+1","Strike_B+1","Strike_B+1","Defend_B+1","Defend_B+1","Defend_B+1","Defend_B+1","Zap+1","Dualcast+1","Skim+1","Conserve Battery+1","Cold Snap","Reboot+1","Ball Lightning+1","Glacier","Self Repair","Tempest","Buffer","Barrage+1","Static Discharge+1","Conserve Battery","Go for the Eyes+1","Chill","Core Surge","Echo Form","Loop+1","Coolheaded+1","Panache+1","Hologram+1"],"relics":["Cracked Core","Juzu Bracelet","Ancient Tea Set","Whetstone","Art of War","Inserter","DataDisk","Ornamental Fan","Dodecahedron","Tiny Chest","War Paint","Sozu"],"potions_floor_usage":[7,11,13,16,23,25,33,33],"damage_taken":[{"damage":6,"enemies":"Cultist","floor":1,"turns":4},{"damage":3,"enemies":"Jaw Worm","floor":2,"turns":4},{"damage":0,"enemies":"2 Louse","floor":3,"turns":3},{"damage":20,"enemies":"3 Sentries","floor":7,"turns":7},{"damage":0,"enemies":"2 Fungi Beasts","floor":10,"turns":3},{"damage":11,"enemies":"Lagavulin","floor":11,"turns":5},{"damage":8,"enemies":"Exordium Thugs","floor":12,"turns":4},{"damage":3,"enemies":"Gremlin Gang","floor":13,"turns":4},{"damage":9,"enemies":"Hexaghost","floor":16,"turns":10},{"damage":0,"enemies":"Spheric Guardian","floor":18,"turns":4},{"damage":0,"enemies":"Chosen","floor":20,"turns":4},{"damage":0,"enemies":"Sentry and Sphere","floor":22,"turns":6},{"damage":35,"enemies":"Slavers","floor":23,"turns":5},{"damage":14,"enemies":"Book of Stabbing","floor":25,"turns":5},{"damage":2,"enemies":"Centurion and Healer","floor":30,"turns":8},{"damage":31,"enemies":"Champ","floor":33,"turns":12},{"damage":1,"enemies":"Orb Walker","floor":35,"turns":5},{"damage":9,"enemies":"3 Shapes","floor":38,"turns":8},{"damage":0,"enemies":"Sphere and 2 Shapes","floor":41,"turns":4},{"damage":13,"enemies":"Spire Growth","floor":44,"turns":5},{"damage":49,"enemies":"2 Orb Walkers","floor":45,"turns":4}],"seed_played":"-6776904282155433676","potions_obtained":[{"floor":1,"key":"Explosive Potion"},{"floor":2,"key":"Weak Potion"},{"floor":10,"key":"Dexterity Potion"},{"floor":12,"key":"Fire Potion"},{"floor":13,"key":"Energy Potion"},{"floor":18,"key":"Swift Potion"},{"floor":23,"key":"Swift Potion"},{"floor":25,"key":"SpeedPotion"}],"is_trial":false,"path_per_floor":["M","M","M","?","?","R","E","R","T","M","E","M","M","$","R","B",null,"M","?","M","$","M","E","R","E","T","T","?","?","M","$","R","B",null,"M","$","?","M","?","R","M","R","T","M","?"],"character_chosen":"DEFECT","items_purchased":["DataDisk","Core Surge"],"campfire_rested":0,"item_purchase_floors":[21,31],"current_hp_per_floor":[58,55,55,55,55,55,35,35,35,35,24,16,20,20,20,18,58,65,65,65,65,71,43,43,29,29,29,29,52,57,57,57,33,62,68,68,67,58,53,53,53,53,53,47,0],"gold":273,"neow_bonus":"RANDOM_COLORLESS","is_prod":false,"is_daily":false,"chose_seed":false,"campfire_upgraded":7,"win_rate":0,"timestamp":1551575286,"path_taken":["M","M","?","?","?","R","E","R","T","M","E","M","M","$","R","BOSS","M","?","M","$","M","E","R","E","T","?","?","?","M","$","R","BOSS","M","$","?","M","?","R","M","R","T","M","?"],"build_version":"2019-01-23","purchased_purges":2,"victory":false,"max_hp_per_floor":[71,71,71,71,71,71,71,71,71,71,71,71,71,71,71,71,71,71,71,71,71,71,71,71,71,71,71,71,71,71,71,71,71,71,71,71,67,67,67,67,67,67,67,67,67],"card_choices":[{"not_picked":["Cold Snap","BootSequence"],"picked":"Skim","floor":1},{"not_picked":["Turbo","Compile Driver"],"picked":"Conserve Battery","floor":2},{"not_picked":["Consume","Rebound"],"picked":"Cold Snap","floor":3},{"not_picked":["Aggregate","Heatsinks"],"picked":"Reboot","floor":7},{"not_picked":["Steam","Gash"],"picked":"Ball Lightning","floor":10},{"not_picked":["Beam Cell","Redo"],"picked":"Glacier","floor":11},{"not_picked":["Beam Cell","Leap"],"picked":"Self Repair","floor":12},{"not_picked":["Fusion","Undo"],"picked":"Tempest","floor":13},{"not_picked":["Reboot","Thunder Strike"],"picked":"Buffer","floor":16},{"not_picked":["Steam Power","Leap"],"picked":"Barrage","floor":18},{"not_picked":["Glacier","BootSequence"],"picked":"Static Discharge+1","floor":20},{"not_picked":["Compile Driver","Beam Cell"],"picked":"Conserve Battery","floor":22},{"not_picked":["Redo","Conserve Battery"],"picked":"Go for the Eyes","floor":23},{"not_picked":["Go for the Eyes","Steam Power+1"],"picked":"Chill","floor":25},{"not_picked":["Sweeping Beam","Redo","Genetic Algorithm+1"],"picked":"SKIP","floor":30},{"not_picked":["Fission","Machine Learning"],"picked":"Echo Form","floor":33},{"not_picked":["Capacitor","Sweeping Beam+1"],"picked":"Loop","floor":35},{"not_picked":["Go for the Eyes","Sunder"],"picked":"Coolheaded+1","floor":38},{"not_picked":["Metamorphosis","Forethought"],"picked":"Panache","floor":39},{"not_picked":["Melter","Compile Driver","Beam Cell"],"picked":"SKIP","floor":41},{"not_picked":["Melter","Compile Driver","Beam Cell"],"picked":"SKIP","floor":41},{"not_picked":["Ball Lightning","Compile Driver"],"picked":"Hologram+1","floor":44}],"player_experience":771570,"relics_obtained":[{"floor":7,"key":"Ancient Tea Set"},{"floor":9,"key":"Whetstone"},{"floor":11,"key":"Art of War"},{"floor":23,"key":"Ornamental Fan"},{"floor":25,"key":"Dodecahedron"},{"floor":26,"key":"Tiny Chest"},{"floor":27,"key":"War Paint"}],"event_choices":[{"damage_healed":0,"gold_gain":0,"player_choice":"Grow","damage_taken":0,"max_hp_gain":0,"max_hp_loss":0,"event_name":"Living Wall","floor":4,"gold_loss":0,"cards_upgraded":["Skim"]},{"damage_healed":0,"gold_gain":0,"player_choice":"Box","damage_taken":0,"relics_obtained":["Juzu Bracelet"],"max_hp_gain":0,"max_hp_loss":0,"event_name":"Big Fish","floor":5,"gold_loss":0,"cards_obtained":["Regret"]},{"damage_healed":0,"gold_gain":0,"player_choice":"Simplicity","damage_taken":0,"max_hp_gain":0,"max_hp_loss":0,"event_name":"Back to Basics","floor":19,"gold_loss":0,"cards_upgraded":["Strike_B","Strike_B","Defend_B","Defend_B","Defend_B","Defend_B"]},{"damage_healed":0,"gold_gain":0,"player_choice":"Ignored","damage_taken":0,"max_hp_gain":0,"max_hp_loss":0,"event_name":"N\u0027loth","floor":28,"gold_loss":0},{"damage_healed":23,"gold_gain":0,"player_choice":"Heal","damage_taken":0,"max_hp_gain":0,"max_hp_loss":0,"event_name":"The Library","floor":29,"gold_loss":0},{"damage_healed":0,"gold_gain":0,"player_choice":"Max HP","damage_taken":0,"max_hp_gain":0,"max_hp_loss":4,"event_name":"Winding Halls","floor":37,"gold_loss":0},{"damage_healed":0,"gold_gain":0,"player_choice":"Memory 2","damage_taken":5,"max_hp_gain":0,"max_hp_loss":0,"event_name":"SensoryStone","floor":39,"gold_loss":0},{"damage_healed":0,"gold_gain":0,"player_choice":"Fight","damage_taken":0,"max_hp_gain":0,"max_hp_loss":0,"event_name":"Mysterious Sphere","floor":45,"gold_loss":0}],"is_beta":false,"boss_relics":[{"not_picked":["Calling Bell","FrozenCore"],"picked":"Inserter"},{"not_picked":["Black Star","Nuclear Battery"],"picked":"Sozu"}],"items_purged_floors":[14,21],"is_endless":false,"potions_floor_spawned":[1,2,10,12,13,18,23,25,30,35,41],"killed_by":"2 Orb Walkers","ascension_level":14}