{"gold_per_floor":[114,131,81,94,107,107,118,150,174,174,204,221,248,266,266,367,367,382,307,307,339,354,354,380,380,405,405,423,423,457,476,476,576,876,893,913,428,441,541,541,571,47,73,89,106,106,131,131,131,131],"floor_reached":50,"playtime":8151,"items_purged":["Defend_B","Writhe"],"score":567,"play_id":"1b10f4a6-1815-45c0-b8e4-274390865ae2","local_time":"20190304134132","is_ascension_mode":false,"campfire_choices":[{"data":"Zap","floor":6,"key":"SMITH"},{"data":"Sweeping Beam","floor":10,"key":"SMITH"},{"data":"Hologram","floor":15,"key":"SMITH"},{"data":"Go for the Eyes","floor":23,"key":"SMITH"},{"data":"Biased Cognition","floor":25,"key":"SMITH"},{"data":"Creative AI","floor":29,"key":"SMITH"},{"data":"Steam Power","floor":32,"key":"SMITH"},{"data":"Defragment","floor":40,"key":"SMITH"},{"data":"Capacitor","floor":46,"key":"SMITH"},{"data":"Aggregate","floor":49,"key":"SMITH"}],"neow_cost":"NONE","seed_source_timestamp":6676027732381,"circlet_count":0,"master_deck":["Strike_B+1","Strike_B+1","Defend_B","Defend_B","Defend_B","Zap+1","Cold Snap","Sweeping Beam+1","Beam Cell","Self Repair","Compile Driver","Steam","Hologram+1","Electrodynamics","Conserve Battery","Reinforced Body","Biased Cognition+1","Creative AI+1","Ball Lightning+1","Go for the Eyes+1","Stack","Amplify","Steam Power+1","Hyperbeam","Conserve Battery","White Noise+1","Capacitor+1","Steam","Defragment+1","Force Field","Aggregate+1","Flash of Steel","Hologram+1"],"relics":["Cracked Core","Pen Nib","Letter Opener","Omamori","Dream Catcher","Regal Pillow","Sozu","Red Mask","Whetstone","Happy Flower","Meat on the Bone","Calling Bell","Old Coin","The Courier","Ancient Tea Set","Anchor","Kunai","Singing Bowl","Bird Faced Urn","Bag of Marbles","Boot","Darkstone Periapt"],"potions_floor_usage":[7,8,16,30,50],"damage_taken":[{"damage":0,"enemies":"Cultist","floor":1,"turns":4},{"damage":0,"enemies":"2 Louse","floor":2,"turns":2},{"damage":1,"enemies":"Jaw Worm","floor":4,"turns":4},{"damage":8,"enemies":"Looter","floor":5,"turns":3},{"damage":0,"enemies":"3 Louse","floor":7,"turns":1},{"damage":25,"enemies":"Lagavulin","floor":8,"turns":5},{"damage":11,"enemies":"3 Sentries","floor":11,"turns":5},{"damage":0,"enemies":"Exordium Thugs","floor":12,"turns":3},{"damage":13,"enemies":"Lagavulin","floor":13,"turns":6},{"damage":4,"enemies":"Lots of Slimes","floor":14,"turns":2},{"damage":40,"enemies":"Slime Boss","floor":16,"turns":6},{"damage":0,"enemies":"3 Byrds","floor":18,"turns":3},{"damage":0,"enemies":"Masked Bandits","floor":21,"turns":2},{"damage":7,"enemies":"Spheric Guardian","floor":22,"turns":4},{"damage":6,"enemies":"Centurion and Healer","floor":28,"turns":4},{"damage":5,"enemies":"Book of Stabbing","floor":30,"turns":5},{"damage":0,"enemies":"Cultist and Chosen","floor":31,"turns":4},{"damage":38,"enemies":"Automaton","floor":33,"turns":11},{"damage":23,"enemies":"3 Darklings","floor":35,"turns":4},{"damage":4,"enemies":"Orb Walker","floor":36,"turns":2},{"damage":14,"enemies":"Writhing Mass","floor":38,"turns":5},{"damage":34,"enemies":"Reptomancer","floor":41,"turns":5},{"damage":3,"enemies":"3 Darklings","floor":44,"turns":5},{"damage":5,"enemies":"Spire Growth","floor":45,"turns":6},{"damage":7,"enemies":"Giant Head","floor":47,"turns":7},{"damage":91,"enemies":"Awakened One","floor":50,"turns":16}],"seed_played":"1143636945536889768","potions_obtained":[{"floor":2,"key":"SpeedPotion"},{"floor":4,"key":"Explosive Potion"},{"floor":5,"key":"SkillPotion"},{"floor":7,"key":"Regen Potion"},{"floor":16,"key":"Strength Potion"}],"is_trial":false,"path_per_floor":["M","M","?","M","M","R","M","E","T","R","E","M","E","M","R","B",null,"M","?","?","?","M","R","T","R","T","?","M","R","E","M","R","B",null,"M","M","$","M","?","R","E","$","T","M","M","R","E","T","R","B"],"character_chosen":"DEFECT","items_purchased":["Capacitor","Steam","Anchor","Kunai","Force Field","Aggregate","Flash of Steel","Bird Faced Urn"],"campfire_rested":0,"item_purchase_floors":[37,37,37,37,42,42,42,42],"current_hp_per_floor":[75,75,75,74,66,66,73,55,55,55,51,58,52,48,48,24,75,75,75,75,75,68,68,68,68,68,68,62,62,64,64,64,45,75,59,55,55,48,48,48,28,28,28,52,76,76,81,81,81,0],"gold":131,"neow_bonus":"RANDOM_COMMON_RELIC","is_prod":false,"is_daily":false,"chose_seed":false,"campfire_upgraded":10,"win_rate":0,"timestamp":1551699692,"path_taken":["M","M","?","M","M","R","M","E","T","R","E","M","E","M","R","BOSS","M","?","?","?","M","R","?","R","T","?","M","R","E","M","R","BOSS","M","M","$","M","?","R","E","$","T","M","?","R","E","?","R","BOSS"],"build_version":"2019-01-23","purchased_purges":2,"victory":false,"max_hp_per_floor":[75,75,75,75,75,75,75,75,75,75,75,75,75,75,75,75,75,75,75,75,75,75,75,75,75,75,75,75,75,75,75,75,75,75,75,75,75,75,75,75,77,77,77,79,81,81,81,81,81,81],"card_choices":[{"not_picked":["Hologram","Fusion"],"picked":"Cold Snap","floor":1},{"not_picked":["Redo","Static Discharge"],"picked":"Sweeping Beam","floor":2},{"not_picked":["Steam Power","Gash"],"picked":"Beam Cell","floor":4},{"not_picked":["Beam Cell","Hologram"],"picked":"Self Repair","floor":5},{"not_picked":["Heatsinks","Coolheaded"],"picked":"Compile Driver","floor":7},{"not_picked":["Melter","Rebound"],"picked":"Steam","floor":8},{"not_picked":["Go for the Eyes","Steam Power"],"picked":"Hologram","floor":11},{"not_picked":["Steam Power","Go for the Eyes"],"picked":"Electrodynamics","floor":12},{"not_picked":["Beam Cell","FTL"],"picked":"Conserve Battery","floor":13},{"not_picked":["Hologram","Heatsinks"],"picked":"Reinforced Body","floor":14},{"not_picked":["Fission","Electrodynamics"],"picked":"Biased Cognition","floor":16},{"not_picked":["Steam","Compile Driver","Hologram"],"picked":"SKIP","floor":18},{"not_picked":["Double Energy","Reinforced Body"],"picked":"Ball Lightning+1","floor":21},{"not_picked":["Reinforced Body+1","Ball Lightning"],"picked":"Go for the Eyes","floor":22},{"not_picked":["Ball Lightning+1","Blizzard"],"picked":"Stack","floor":28},{"not_picked":["Beam Cell","Lockon+1"],"picked":"Amplify","floor":30},{"not_picked":["Barrage+1","Hologram+1"],"picked":"Steam Power","floor":31},{"not_picked":["Multi-Cast","Meteor Strike"],"picked":"Hyperbeam","floor":33},{"not_picked":["Scrape+1","Double Energy"],"picked":"Conserve Battery","floor":35},{"not_picked":["Redo","Buffer"],"picked":"White Noise+1","floor":36},{"not_picked":["Turbo+1","BootSequence"],"picked":"Defragment","floor":38},{"not_picked":["Go for the Eyes+1","Scrape","Stack"],"picked":"Singing Bowl","floor":41},{"not_picked":["Static Discharge","Leap+1","Scrape"],"picked":"Singing Bowl","floor":44},{"not_picked":["Reprogram","Go for the Eyes+1","Conserve Battery+1"],"picked":"Singing Bowl","floor":45},{"not_picked":["Beam Cell+1","Undo"],"picked":"Hologram+1","floor":47}],"player_experience":622998,"relics_obtained":[{"floor":8,"key":"Letter Opener"},{"floor":9,"key":"Omamori"},{"floor":11,"key":"Dream Catcher"},{"floor":13,"key":"Regal Pillow"},{"floor":21,"key":"Red Mask"},{"floor":24,"key":"Whetstone"},{"floor":26,"key":"Happy Flower"},{"floor":30,"key":"Meat on the Bone"},{"floor":34,"key":"Old Coin"},{"floor":34,"key":"The Courier"},{"floor":34,"key":"Ancient Tea Set"},{"floor":41,"key":"Singing Bowl"},{"floor":43,"key":"Bag of Marbles"},{"floor":47,"key":"Boot"},{"floor":48,"key":"Darkstone Periapt"}],"event_choices":[{"cards_removed":["Strike_B"],"damage_healed":0,"gold_gain":0,"player_choice":"Card Removal","damage_taken":0,"max_hp_gain":0,"max_hp_loss":0,"event_name":"The Cleric","floor":3,"gold_loss":50},{"cards_removed":["Strike_B"],"damage_healed":0,"gold_gain":0,"player_choice":"Gave Gold","damage_taken":0,"max_hp_gain":0,"max_hp_loss":0,"event_name":"Beggar","floor":19,"gold_loss":75},{"damage_healed":0,"gold_gain":0,"player_choice":"Read","damage_taken":0,"max_hp_gain":0,"max_hp_loss":0,"event_name":"The Library","floor":20,"gold_loss":0,"cards_obtained":["Creative AI"]},{"damage_healed":0,"gold_gain":0,"player_choice":"Fought Bandits","damage_taken":0,"max_hp_gain":0,"max_hp_loss":0,"event_name":"Masked Bandits","floor":21,"gold_loss":0},{"cards_removed":["Dualcast"],"damage_healed":0,"gold_gain":0,"player_choice":"Card Removal","damage_taken":0,"max_hp_gain":0,"max_hp_loss":0,"event_name":"Wheel of Change","floor":27,"gold_loss":0},{"damage_healed":0,"gold_gain":100,"player_choice":"Pray","damage_taken":0,"max_hp_gain":0,"max_hp_loss":0,"event_name":"Golden Shrine","floor":39,"gold_loss":0}],"is_beta":false,"boss_relics":[{"not_picked":["Fusion Hammer","Philosopher\u0027s Stone"],"picked":"Sozu"},{"not_picked":["Eternal Feather","Lizard Tail"],"picked":"Calling Bell"}],"items_purged_floors":[37,42],"is_endless":false,"potions_floor_spawned":[2,4,5,7,16,21,31,33,35,38,44,47],"killed_by":"Awakened One","ascension_level":0}