{"gold_per_floor":[126,17,33,52,52,77,77,92,144,155,175,188,188,221,221,221],"floor_reached":16,"playtime":774,"items_purged":[],"score":194,"play_id":"3f3844f9-24b5-413c-9f62-03f64930a12f","local_time":"20190307102927","is_ascension_mode":true,"campfire_choices":[{"data":"Flame Barrier","floor":7,"key":"SMITH"},{"data":"True Grit","floor":13,"key":"SMITH"},{"floor":15,"key":"REST"}],"neow_cost":"NONE","seed_source_timestamp":31507723951203,"circlet_count":0,"master_deck":["AscendersBane","Strike_R","Strike_R","Strike_R","Strike_R","Strike_R","Defend_R","Defend_R","Defend_R","Defend_R","Bash","True Grit+1","Flame Barrier+1","Pommel Strike","Shockwave","Iron Wave","Shrug It Off"],"relics":["Burning Blood","MawBank","Darkstone Periapt","Juzu Bracelet","PreservedInsect"],"potions_floor_usage":[6,6,12],"damage_taken":[{"damage":16,"enemies":"Jaw Worm","floor":1,"turns":5},{"damage":9,"enemies":"Small Slimes","floor":3,"turns":5},{"damage":0,"enemies":"2 Louse","floor":4,"turns":3},{"damage":16,"enemies":"Gremlin Nob","floor":6,"turns":3},{"damage":12,"enemies":"Red Slaver","floor":8,"turns":6},{"damage":3,"enemies":"Exordium Wildlife","floor":10,"turns":5},{"damage":11,"enemies":"2 Fungi Beasts","floor":11,"turns":3},{"damage":10,"enemies":"Large Slime","floor":12,"turns":8},{"damage":41,"enemies":"Lagavulin","floor":14,"turns":10},{"damage":29,"enemies":"The Guardian","floor":16,"turns":13}],"seed_played":"3829520919255558856","potions_obtained":[{"floor":3,"key":"Fire Potion"},{"floor":11,"key":"GamblersBrew"}],"is_trial":false,"path_per_floor":["M","$","M","M","?","E","R","M","T","M","M","M","R","E","R","B"],"character_chosen":"IRONCLAD","items_purchased":["Flame Barrier","Fire Potion"],"campfire_rested":1,"item_purchase_floors":[2,2],"current_hp_per_floor":[58,58,55,61,66,56,56,50,50,53,48,44,44,9,33,4],"gold":221,"neow_bonus":"RANDOM_COMMON_RELIC","is_prod":false,"is_daily":false,"chose_seed":false,"campfire_upgraded":2,"win_rate":0,"timestamp":1551976167,"path_taken":["M","$","M","M","?","E","R","M","T","M","M","M","R","E","R","BOSS"],"build_version":"2019-01-23","purchased_purges":0,"victory":false,"max_hp_per_floor":[75,75,75,75,80,80,80,80,80,80,80,80,80,80,80,80],"card_choices":[{"not_picked":["Pummel","Heavy Blade"],"picked":"True Grit","floor":1},{"not_picked":["Headbutt","Havoc","Rage"],"picked":"SKIP","floor":3},{"not_picked":["Heavy Blade","Thunderclap","Carnage"],"picked":"SKIP","floor":4},{"not_picked":["Intimidate","Heavy Blade","Infernal Blade"],"picked":"SKIP","floor":6},{"not_picked":["Wild Strike","Flex"],"picked":"Pommel Strike","floor":8},{"not_picked":["Clash","Shrug It Off"],"picked":"Shockwave","floor":10},{"not_picked":["Bloodletting","Power Through"],"picked":"Iron Wave","floor":11},{"not_picked":["Feed","Heavy Blade"],"picked":"Shrug It Off","floor":12},{"not_picked":["Havoc","Twin Strike","Thunderclap"],"picked":"SKIP","floor":14}],"player_experience":255993,"relics_obtained":[{"floor":6,"key":"Darkstone Periapt"},{"floor":9,"key":"Juzu Bracelet"},{"floor":14,"key":"PreservedInsect"}],"event_choices":[{"damage_healed":0,"gold_gain":0,"player_choice":"Donut","damage_taken":0,"max_hp_gain":5,"max_hp_loss":0,"event_name":"Big Fish","floor":5,"gold_loss":0}],"is_beta":false,"boss_relics":[],"items_purged_floors":[],"is_endless":false,"potions_floor_spawned":[3,4,11],"killed_by":"The Guardian","ascension_level":14}