{"path_per_floor":["M","M","?","M","M","R","?","E","T","$","R","?","E","M","R"],"character_chosen":"DEFECT","items_purchased":["Storm"],"gold_per_floor":[115,130,130,153,169,169,169,205,232,79,79,79,119,142,142,142],"floor_reached":16,"campfire_rested":2,"playtime":1193,"item_purchase_floors":[10],"current_hp_per_floor":[73,71,53,52,46,46,39,16,16,16,38,38,19,23,46,0],"items_purged":["Strike_B"],"gold":142,"score":110,"play_id":"28f479d0-73a3-4cf8-8377-f26a8c55194f","local_time":"20180605130018","is_prod":false,"is_daily":false,"chose_seed":false,"is_ascension_mode":false,"campfire_upgraded":1,"win_rate":0.0,"timestamp":1528218018,"campfire_choices":[{"data":"Storm","floor":6,"key":"SMITH"},{"floor":11,"key":"REST"},{"floor":15,"key":"REST"}],"path_taken":["M","M","?","M","M","R","?","E","T","$","R","?","E","M","R","BOSS"],"build_version":"2018-05-31","seed_source_timestamp":43923794522847,"purchased_purges":1,"victory":false,"master_deck":["Strike_B","Strike_B","Defend_B","Defend_B","Defend_B","Defend_B","Zap","Dualcast","Storm+1","Chaos","Ball Lightning+1","Redo+1","Gash+1","Storm","Defragment"],"max_hp_per_floor":[75,75,75,75,75,75,75,75,75,75,75,75,75,77,77,77],"relics":["Cracked Core","Golden Idol","Blood Vial","Singing Bowl","Whetstone"],"card_choices":[{"not_picked":["Consume","Steam"],"picked":"Storm","floor":1},{"not_picked":["Streamline","Hologram"],"picked":"Chaos","floor":2},{"not_picked":["Steam Power","Beam Cell"],"picked":"Ball Lightning","floor":4},{"not_picked":["Conserve Battery","White Noise"],"picked":"Redo","floor":5},{"not_picked":["Lockon","Rip and Tear"],"picked":"Gash","floor":8},{"not_picked":["Skim","Hologram"],"picked":"Defragment","floor":13},{"not_picked":["Cold Snap","Leap","Chaos"],"picked":"Singing Bowl","floor":14}],"player_experience":635527,"potions_floor_usage":[14],"damage_taken":[{"damage":2,"enemies":"Jaw Worm","floor":1,"turns":4},{"damage":2,"enemies":"2 Louse","floor":2,"turns":2},{"damage":1,"enemies":"Cultist","floor":4,"turns":3},{"damage":6,"enemies":"3 Louse","floor":5,"turns":4},{"damage":23,"enemies":"3 Sentries","floor":8,"turns":8},{"damage":21,"enemies":"Lagavulin","floor":13,"turns":5},{"damage":0,"enemies":"Large Slime","floor":14,"turns":4},{"damage":49,"enemies":"Hexaghost","floor":16,"turns":7}],"relics_obtained":[{"floor":8,"key":"Blood Vial"},{"floor":9,"key":"Singing Bowl"},{"floor":13,"key":"Whetstone"}],"event_choices":[{"event_name":"Golden Idol","player_choice":"Take Damage","floor":3,"damage_taken":0},{"event_name":"Golden Wing","player_choice":"Card Removal","floor":7,"damage_taken":0},{"event_name":"Accursed Blacksmith","player_choice":"Forge","floor":12,"damage_taken":0}],"boss_relics":[],"items_purged_floors":[10],"potions_floor_spawned":[1,4,8],"seed_played":"8047621004142521496","killed_by":"Hexaghost","ascension_level":0,"potions_obtained":[{"floor":1,"key":"SpeedPotion"},{"floor":4,"key":"SteroidPotion"},{"floor":8,"key":"SpeedPotion"}],"is_trial":false}