{"path_per_floor":["M","M","M","M","$","E","R","?","T","R","M","R","M","E","R","B",null,"M","?","M","M","?","R","M","$","T","R","M","M","E","M","R","B",null,"M","?","M","M","M","R","E","R","T","M","$","M","R","M","R","B"],"character_chosen":"IRONCLAD","items_purchased":["Impervious","Feed","Paper Frog","Ancient Potion"],"gold_per_floor":[111,130,141,154,10,40,40,40,40,40,59,59,71,105,105,205,205,218,218,232,252,252,252,266,15,41,41,56,67,101,113,113,213,213,233,233,247,265,277,277,302,302,326,339,50,70,70,82,82,82],"floor_reached":51,"campfire_rested":1,"playtime":3312,"current_hp_per_floor":[80,74,74,80,80,71,71,71,71,71,75,75,61,58,58,26,67,59,59,57,35,19,43,64,64,64,64,85,81,68,72,72,38,82,96,96,73,95,104,104,120,120,120,123,123,128,128,126,126,130],"items_purged":["Strike_R","Strike_R"],"gold":82,"score":906,"play_id":"ad3e5dc0-f353-4372-8a4c-bea26ad9c6ab","local_time":"20180504003651","is_prod":false,"is_daily":false,"chose_seed":false,"is_ascension_mode":true,"campfire_upgraded":10,"timestamp":1525408611,"path_taken":["M","M","M","M","$","E","R","?","T","R","M","R","M","E","R","BOSS","M","?","M","?","?","R","M","$","T","R","M","M","E","M","R","BOSS","M","?","M","?","M","R","E","R","T","M","$","M","R","M","R","BOSS"],"build_version":"2018-04-28v2","seed_source_timestamp":178120502122471,"purchased_purges":2,"victory":true,"master_deck":["Bash+1","Havoc+1","Wild Strike+1","Ghostly Armor","Inflame+1","Impervious+1","Iron Wave","Shrug It Off","Shrug It Off","Reaper","Battle Trance+1","Hemokinesis+1","Necronomicurse","Metallicize","Feed","Evolve+1","Feel No Pain+1","Fiend Fire+1","Hemokinesis","Whirlwind","Headbutt","Warcry+1","Reckless Charge","Pommel Strike+1","Sword Boomerang","Bloodletting+1","Flex+1","Exhume+1","Barricade"],"max_hp_per_floor":[80,80,80,80,80,80,80,80,80,80,80,80,80,80,80,80,80,80,80,80,80,80,80,80,80,80,80,85,85,88,93,93,96,96,99,99,101,104,104,104,120,120,120,123,123,128,128,130,130,130],"relics":["Burning Blood","Whetstone","Matryoshka","Calipers","Mark of Pain","Toxic Egg 2","Necronomicon","Vajra","Singing Bowl","Omamori","Pandora\u0027s Box","Mango","Regal Pillow","Lantern","Paper Frog"],"card_choices":[{"not_picked":["Dropkick","Headbutt"],"picked":"Havoc","floor":1},{"not_picked":["Ghostly Armor","Anger"],"picked":"Wild Strike","floor":2},{"not_picked":["Armaments","Havoc"],"picked":"Ghostly Armor","floor":3},{"not_picked":["Thunderclap","Clash"],"picked":"Inflame","floor":4},{"not_picked":["Twin Strike","Berserk"],"picked":"Iron Wave","floor":6},{"not_picked":["Fire Breathing","Clash"],"picked":"Shrug It Off","floor":13},{"not_picked":["Headbutt","Cleave"],"picked":"Shrug It Off","floor":14},{"not_picked":["Brutality","Double Tap"],"picked":"Reaper","floor":16},{"not_picked":["Combust","Body Slam"],"picked":"Battle Trance","floor":18},{"not_picked":["Shockwave","Clothesline"],"picked":"Hemokinesis","floor":20},{"not_picked":["Shrug It Off","Pommel Strike"],"picked":"Metallicize","floor":24},{"not_picked":["Iron Wave","Headbutt"],"picked":"Evolve","floor":29},{"not_picked":["Armaments","Wild Strike"],"picked":"Feel No Pain","floor":30},{"not_picked":["Immolate","Double Tap"],"picked":"Fiend Fire","floor":33},{"not_picked":["Twin Strike","Clash"],"picked":"Bloodletting","floor":35},{"not_picked":["Pommel Strike","Armaments"],"picked":"Flex","floor":38},{"not_picked":["Body Slam","Perfected Strike"],"picked":"Exhume","floor":39},{"not_picked":["Cleave","Sword Boomerang"],"picked":"Barricade","floor":44}],"player_experience":419794,"potions_floor_usage":[2,4,6,14,16,16,28,29,30,39,50,50,50],"damage_taken":[{"damage":5,"enemies":"2 Louse","floor":1,"turns":3},{"damage":12,"enemies":"Jaw Worm","floor":2,"turns":2},{"damage":6,"enemies":"Cultist","floor":3,"turns":3},{"damage":0,"enemies":"Blue Slaver","floor":4,"turns":2},{"damage":15,"enemies":"3 Sentries","floor":6,"turns":12},{"damage":2,"enemies":"3 Louse","floor":11,"turns":4},{"damage":20,"enemies":"Gremlin Gang","floor":13,"turns":5},{"damage":18,"enemies":"Gremlin Nob","floor":14,"turns":4},{"damage":38,"enemies":"Hexaghost","floor":16,"turns":9},{"damage":20,"enemies":"3 Byrds","floor":18,"turns":8},{"damage":17,"enemies":"Chosen","floor":20,"turns":4},{"damage":32,"enemies":"Sentry and Sphere","floor":21,"turns":7},{"damage":9,"enemies":"3 Cultists","floor":24,"turns":5},{"damage":2,"enemies":"Chosen and Byrds","floor":28,"turns":6},{"damage":10,"enemies":"Cultist and Chosen","floor":29,"turns":7},{"damage":22,"enemies":"Book of Stabbing","floor":30,"turns":5},{"damage":17,"enemies":"Centurion and Healer","floor":31,"turns":5},{"damage":53,"enemies":"Champ","floor":33,"turns":12},{"damage":11,"enemies":"Orb Walker","floor":35,"turns":3},{"damage":31,"enemies":"3 Shapes","floor":37,"turns":2},{"damage":5,"enemies":"Maw","floor":38,"turns":6},{"damage":28,"enemies":"3 Darklings","floor":39,"turns":4},{"damage":13,"enemies":"Nemesis","floor":41,"turns":7},{"damage":17,"enemies":"Sphere and 2 Shapes","floor":44,"turns":3},{"damage":6,"enemies":"Maw","floor":46,"turns":5},{"damage":21,"enemies":"3 Darklings","floor":48,"turns":5},{"damage":48,"enemies":"Donu and Deca","floor":50,"turns":4}],"event_choices":[{"event_name":"The Cleric","player_choice":"Leave","floor":8,"damage_taken":0},{"event_name":"The Mausoleum","player_choice":"Yes","floor":19,"damage_taken":0},{"event_name":"Cursed Tome","player_choice":"Obtained Book","floor":22,"damage_taken":0},{"event_name":"Mysterious Sphere","player_choice":"Ignore","floor":36,"damage_taken":0}],"boss_relics":[{"not_picked":["Sozu","Cursed Key"],"picked":"Mark of Pain"},{"not_picked":["Runic Pyramid","Velvet Choker"],"picked":"Pandora\u0027s Box"}],"potions_floor_spawned":[1,3,6,13,20,24,29,30,35,37,39],"seed_played":"-5072214182922957696","ascension_level":5,"is_trial":false}