{"path_per_floor":["M","M","M","?","?","E","R","E","T","M","R","?","$","M","R","B",null,"M","?","$","?","M","R","M","R","T","E","$","?","R","M","R","B",null,"M","?","$","M","M","R","E","M","T","E","M","?","R","M","R","B"],"character_chosen":"THE_SILENT","items_purchased":["Dagger Throw","Acrobatics","Whetstone"],"gold_per_floor":[112,129,149,149,149,174,174,207,207,218,218,218,67,83,83,212,212,190,190,90,90,115,115,139,139,139,182,182,182,182,196,196,295,325,340,340,72,87,104,104,133,151,151,179,197,197,197,215,215,215],"floor_reached":51,"campfire_rested":1,"playtime":4722,"current_hp_per_floor":[70,70,66,71,71,42,42,34,34,26,48,48,48,37,37,30,59,28,28,28,28,28,28,25,25,25,34,34,34,34,46,46,32,66,74,74,74,73,74,74,74,74,74,68,74,64,64,74,74,31],"items_purged":["Strike_G","Strike_G","Strike_G"],"gold":215,"score":888,"play_id":"709bfd75-91e7-42b0-b68c-7b45c8b545b3","local_time":"20180414002815","is_prod":false,"is_daily":false,"chose_seed":false,"is_ascension_mode":true,"campfire_upgraded":6,"timestamp":1523658495,"path_taken":["M","M","M","?","?","E","R","E","T","M","R","?","$","M","R","BOSS","M","?","$","?","M","R","?","R","T","E","$","?","R","M","R","BOSS","M","?","$","M","M","R","E","M","T","E","M","?","R","M","R","BOSS"],"build_version":"2018-04-12","seed_source_timestamp":142471658228046,"purchased_purges":3,"victory":true,"master_deck":["Defend_G+1","Defend_G","Defend_G+1","Defend_G","Strike_G+1","Strike_G","Survivor","Neutralize+1","Infinite Blades","Well Laid Plans","Predator","Malaise+1","Footwork+1","Dagger Throw","Acrobatics","Blade Dance","Adrenaline","Cloak And Dagger+1","Slice+1","Footwork+1","Calculated Gamble","Noxious Fumes+1","After Image+1","A Thousand Cuts+1","Cloak And Dagger","Footwork+1","Noxious Fumes","Sadistic Nature","Flash of Steel","Bandage Up"],"max_hp_per_floor":[70,70,70,75,75,75,75,75,75,75,75,69,69,69,69,69,69,69,69,69,69,69,69,69,69,69,69,69,69,69,69,69,69,74,74,74,74,74,74,74,74,74,74,74,74,74,74,74,74,74],"relics":["Lizard Tail","Tough Bandages","Ornamental Fan","Matryoshka","Bloody Idol","Black Star","War Paint","Paper Crane","Girya","Bird Faced Urn","Tiny House","Whetstone","Happy Flower","Snake Skull","Art of War","Darkstone Periapt","Gremlin Horn","Blue Candle"],"card_choices":[{"not_picked":["Slice","PiercingWail"],"picked":"Infinite Blades","floor":1},{"not_picked":["Bane","Terror"],"picked":"Well Laid Plans","floor":2},{"not_picked":["Flechettes","Flying Knee"],"picked":"Predator","floor":3},{"not_picked":["Predator","Venomology"],"picked":"Malaise","floor":6},{"not_picked":["Dodge and Roll","Finisher"],"picked":"Footwork","floor":10},{"not_picked":["Sucker Punch","Riddle With Holes"],"picked":"Blade Dance","floor":14},{"not_picked":["Burst","Phantasmal Killer"],"picked":"Adrenaline","floor":16},{"not_picked":["Deadly Poison","Terror"],"picked":"Cloak And Dagger","floor":18},{"not_picked":["Bane","Expertise"],"picked":"Slice","floor":22},{"not_picked":["Poisoned Stab","Deadly Poison"],"picked":"Footwork","floor":24},{"not_picked":["Crippling Poison","Flying Knee"],"picked":"Calculated Gamble","floor":27},{"not_picked":["Slice","Escape Plan"],"picked":"Noxious Fumes","floor":31},{"not_picked":["Grand Finale","Phantasmal Killer"],"picked":"After Image","floor":33},{"not_picked":["Terror","Flying Knee"],"picked":"Slice","floor":34},{"not_picked":["Deadly Poison","Prepared"],"picked":"A Thousand Cuts","floor":35},{"not_picked":["Caltrops","Bane"],"picked":"Cloak And Dagger","floor":38},{"not_picked":["Poisoned Stab","Dagger Throw"],"picked":"Footwork","floor":39},{"not_picked":["Cloak And Dagger","Deadly Poison"],"picked":"Noxious Fumes","floor":41},{"not_picked":["Thinking Ahead","Jack Of All Trades"],"picked":"Sadistic Nature","floor":46},{"not_picked":["Blind","Panacea"],"picked":"Flash of Steel","floor":46},{"not_picked":["Sadistic Nature","Swift Strike"],"picked":"Bandage Up","floor":46}],"player_experience":244737,"potions_floor_usage":[6,16,24,27,31,33,39,42,44,50,50],"damage_taken":[{"damage":0,"enemies":"Small Slimes","floor":1,"turns":4},{"damage":0,"enemies":"Cultist","floor":2,"turns":3},{"damage":4,"enemies":"2 Louse","floor":3,"turns":3},{"damage":29,"enemies":"Lagavulin","floor":6,"turns":7},{"damage":8,"enemies":"3 Sentries","floor":8,"turns":10},{"damage":8,"enemies":"2 Fungi Beasts","floor":10,"turns":4},{"damage":11,"enemies":"Looter","floor":14,"turns":4},{"damage":7,"enemies":"Hexaghost","floor":16,"turns":15},{"damage":31,"enemies":"2 Thieves","floor":18,"turns":5},{"damage":0,"enemies":"Shell Parasite","floor":22,"turns":8},{"damage":3,"enemies":"Snake Plant","floor":24,"turns":9},{"damage":26,"enemies":"Gremlin Leader","floor":27,"turns":12},{"damage":1,"enemies":"Centurion and Healer","floor":31,"turns":8},{"damage":29,"enemies":"Champ","floor":33,"turns":16},{"damage":6,"enemies":"3 Darklings","floor":35,"turns":6},{"damage":10,"enemies":"Orb Walker","floor":38,"turns":6},{"damage":4,"enemies":"3 Darklings","floor":39,"turns":6},{"damage":0,"enemies":"Giant Head","floor":41,"turns":11},{"damage":6,"enemies":"4 Shapes","floor":42,"turns":6},{"damage":20,"enemies":"Nemesis","floor":44,"turns":9},{"damage":0,"enemies":"Maw","floor":45,"turns":9},{"damage":4,"enemies":"Sphere and 2 Shapes","floor":48,"turns":6},{"damage":61,"enemies":"Donu and Deca","floor":50,"turns":9}],"event_choices":[{"event_name":"Big Fish","player_choice":"Donut","floor":4,"damage_taken":0},{"event_name":"Living Wall","player_choice":"Forget","floor":5,"damage_taken":0},{"event_name":"Golden Idol","player_choice":"Lose Max HP","floor":12,"damage_taken":0},{"event_name":"Vampires","player_choice":"Ignored","floor":19,"damage_taken":0},{"event_name":"Ghosts","player_choice":"Ignored","floor":21,"damage_taken":0},{"event_name":"Forgotten Altar","player_choice":"Gave Idol","floor":29,"damage_taken":0},{"event_name":"SensoryStone","player_choice":"Memory 3","floor":46,"damage_taken":0}],"boss_relics":[{"not_picked":["Runic Pyramid","Eternal Feather"],"picked":"Black Star"},{"not_picked":["Runic Dome","Velvet Choker"],"picked":"Tiny House"}],"potions_floor_spawned":[3,10,14,16,22,27,35,38,41,48],"seed_played":"-8970465669667590235","ascension_level":5,"is_trial":false}