{"gold_per_floor":[112,131,111,126,150,150,169,169,169,185,217,217,230,230,230,230],"floor_reached":16,"playtime":504,"items_purged":[],"score":189,"play_id":"f3115686-f4df-4182-9d64-7322afa72f84","local_time":"20190228221308","is_ascension_mode":true,"campfire_choices":[{"data":"Die Die Die","floor":6.0,"key":"SMITH"},{"data":"Neutralize","floor":12,"key":"SMITH"},{"floor":15,"key":"REST"}],"neow_cost":"NONE","seed_source_timestamp":146379268603391,"circlet_count":0,"master_deck":["AscendersBane","Defend_G","Defend_G","Defend_G","Defend_G","Defend_G","Strike_G","Strike_G","Strike_G","Strike_G","Strike_G","Survivor","Neutralize+1","Deadly Poison","Die Die Die+1","Slice","Well Laid Plans","Corpse Explosion","Skewer","Footwork"],"special_seed":0,"relics":["Ring of the Snake","Dream Catcher","Incense Burner","Mummified Hand"],"potions_floor_usage":[11,11,16,16],"damage_taken":[{"damage":0.0,"enemies":"2 Louse","floor":1.0,"turns":2.0},{"damage":1.0,"enemies":"Cultist","floor":2.0,"turns":3.0},{"damage":10.0,"enemies":"Jaw Worm","floor":4.0,"turns":6.0},{"damage":7.0,"enemies":"Blue Slaver","floor":7.0,"turns":5.0},{"damage":14.0,"enemies":"Lots of Slimes","floor":10.0,"turns":3.0},{"damage":15,"enemies":"Lagavulin","floor":11,"turns":4},{"damage":0,"enemies":"Large Slime","floor":13,"turns":4},{"damage":55,"enemies":"Slime Boss","floor":16,"turns":9}],"seed_played":"5285961316481860850","potions_obtained":[{"floor":0.0,"key":"Explosive Potion"},{"floor":0.0,"key":"Poison Potion"},{"floor":1.0,"key":"Weak Potion"},{"floor":3.0,"key":"Strength Potion"},{"floor":11,"key":"Regen Potion"},{"floor":13,"key":"LiquidBronze"}],"is_trial":false,"path_per_floor":["M","M","?","M","T","R","M","?","T","M","E","R","M","?","R","B"],"character_chosen":"THE_SILENT","items_purchased":[],"campfire_rested":1,"item_purchase_floors":[],"current_hp_per_floor":[59,58,58,48,48,48,41,41,41,27,12,12,12,12,31,0],"gold":230,"neow_bonus":"THREE_SMALL_POTIONS","is_prod":false,"is_daily":false,"chose_seed":false,"campfire_upgraded":2,"win_rate":0,"timestamp":1551359588,"path_taken":["M","M","?","?","?","R","M","?","T","M","E","R","?","?","R","BOSS"],"build_version":"2019-01-23","purchased_purges":0,"victory":false,"max_hp_per_floor":[66,66,66,66,66,66,66,66,66,66,66,66,66,66,66,66],"card_choices":[{"not_picked":["Dodge and Roll","Endless Agony"],"picked":"Deadly Poison","floor":1.0},{"not_picked":["Accuracy","Deflect","Quick Slash"],"picked":"SKIP","floor":2.0},{"not_picked":["Quick Slash","Sucker Punch"],"picked":"Die Die Die","floor":4.0},{"not_picked":["Heel Hook","Dagger Throw","Eviscerate"],"picked":"SKIP","floor":7.0},{"not_picked":["Heel Hook","Acrobatics","Bouncing Flask"],"picked":"SKIP","floor":10.0},{"not_picked":["Catalyst","Prepared"],"picked":"Corpse Explosion","floor":11},{"not_picked":["Quick Slash","Concentrate"],"picked":"Skewer","floor":13},{"not_picked":["Flying Knee","Bouncing Flask"],"picked":"Footwork","floor":15}],"player_experience":597371,"relics_obtained":[{"floor":5.0,"key":"Dream Catcher"},{"floor":9.0,"key":"Incense Burner"},{"floor":11,"key":"Mummified Hand"}],"event_choices":[{"damage_healed":0.0,"max_hp_gain":0.0,"max_hp_loss":0.0,"gold_gain":0.0,"event_name":"The Woman in Blue","player_choice":"Bought 1 Potion","floor":3.0,"gold_loss":0.0,"damage_taken":0.0},{"damage_healed":0.0,"max_hp_gain":0.0,"max_hp_loss":0.0,"gold_gain":0.0,"event_name":"Match and Keep!","player_choice":"2 cards matched","floor":8.0,"gold_loss":0.0,"damage_taken":0.0,"cards_obtained":["Slice","Well Laid Plans"]},{"damage_healed":0,"gold_gain":0,"player_choice":"Ignored","damage_taken":0,"max_hp_gain":0,"max_hp_loss":0,"event_name":"Shining Light","floor":14,"gold_loss":0}],"is_beta":false,"boss_relics":[],"items_purged_floors":[],"is_endless":false,"potions_floor_spawned":[1,7,11,13],"killed_by":"Slime Boss","ascension_level":17}