{"gold_per_floor":[119,131,144,164,177,208,208,226,226,286,286,297,199,217,217,217],"floor_reached":16,"playtime":1461,"items_purged":["Strike_R"],"score":133,"play_id":"1e8a01aa-4c21-48d2-9a21-640d114d5ed1","local_time":"20190307022913","is_ascension_mode":true,"campfire_choices":[{"data":"Armaments","floor":7,"key":"SMITH"},{"data":"Whirlwind","floor":11,"key":"SMITH"},{"floor":15,"key":"DIG"}],"neow_cost":"NONE","seed_source_timestamp":58200599629630,"circlet_count":0,"master_deck":["Strike_R","Strike_R","Strike_R","Strike_R","Defend_R","Defend_R","Defend_R","Defend_R","Bash","Whirlwind+1","Hemokinesis","Rampage","Havoc","Metallicize","Armaments+1","Clothesline","Headbutt","Shrug It Off","True Grit"],"relics":["Burning Blood","Anchor","Shovel","Paper Frog","Tiny Chest","The Courier"],"potions_floor_usage":[6,12],"damage_taken":[{"damage":1,"enemies":"Cultist","floor":1,"turns":3},{"damage":1,"enemies":"2 Louse","floor":2,"turns":3},{"damage":3,"enemies":"Jaw Worm","floor":3,"turns":3},{"damage":9,"enemies":"Lots of Slimes","floor":4,"turns":3},{"damage":14,"enemies":"Exordium Wildlife","floor":5,"turns":5},{"damage":33,"enemies":"Gremlin Nob","floor":6,"turns":4},{"damage":5,"enemies":"Looter","floor":8,"turns":3},{"damage":9,"enemies":"3 Sentries","floor":10,"turns":6},{"damage":12,"enemies":"Gremlin Gang","floor":12,"turns":4},{"damage":0,"enemies":"Exordium Wildlife","floor":14,"turns":3},{"damage":44,"enemies":"Hexaghost","floor":16,"turns":12}],"seed_played":"3735032112080148752","potions_obtained":[{"floor":1,"key":"Poison Potion"},{"floor":2,"key":"BloodPotion"},{"floor":6,"key":"Energy Potion"},{"floor":10,"key":"PowerPotion"},{"floor":12,"key":"Swift Potion"}],"is_trial":false,"path_per_floor":["M","M","M","M","M","E","R","M","T","E","R","M","$","M","R","B"],"character_chosen":"IRONCLAD","items_purchased":["True Grit"],"campfire_rested":0,"item_purchase_floors":[13],"current_hp_per_floor":[80,80,80,77,69,42,42,43,43,40,40,34,34,40,40,0],"gold":217,"neow_bonus":"RANDOM_COMMON_RELIC","is_prod":false,"is_daily":false,"chose_seed":false,"campfire_upgraded":2,"win_rate":0,"timestamp":1551918553,"path_taken":["M","M","?","?","M","E","R","M","T","E","R","M","$","M","R","BOSS"],"build_version":"2019-01-23","purchased_purges":1,"victory":false,"max_hp_per_floor":[80,80,80,80,80,80,80,80,80,80,80,80,80,80,80,80],"card_choices":[{"not_picked":["Second Wind","Havoc"],"picked":"Whirlwind","floor":1},{"not_picked":["Flex","Inflame"],"picked":"Hemokinesis","floor":2},{"not_picked":["True Grit","Shrug It Off"],"picked":"Rampage","floor":3},{"not_picked":["Sword Boomerang","Twin Strike"],"picked":"Havoc","floor":4},{"not_picked":["Perfected Strike","Flex"],"picked":"Metallicize","floor":5},{"not_picked":["Cleave","Limit Break"],"picked":"Armaments","floor":6},{"not_picked":["Cleave","Second Wind"],"picked":"Clothesline","floor":8},{"not_picked":["Sword Boomerang","Bloodletting"],"picked":"Headbutt","floor":10},{"not_picked":["Power Through","Armaments"],"picked":"Shrug It Off","floor":12},{"not_picked":["Anger","Headbutt","Intimidate"],"picked":"SKIP","floor":14}],"player_experience":680305,"relics_obtained":[{"floor":6,"key":"Shovel"},{"floor":9,"key":"Paper Frog"},{"floor":10,"key":"Tiny Chest"},{"floor":15,"key":"The Courier"}],"event_choices":[],"is_beta":false,"boss_relics":[],"items_purged_floors":[13],"is_endless":false,"potions_floor_spawned":[1,2,6,10,12],"killed_by":"Hexaghost","ascension_level":3}