{"gold_per_floor":[110,129,143,59,234,234,267,267,267,280,245,125,145,145,145,250,250,270,281,281,281],"floor_reached":21,"playtime":1369,"items_purged":[],"score":233,"play_id":"8db22f78-9cc3-4ad6-9f58-1c58b28ab676","local_time":"20190302005920","is_ascension_mode":true,"campfire_choices":[{"data":"Madness","floor":6,"key":"SMITH"},{"floor":8,"key":"REST"},{"floor":15,"key":"REST"}],"neow_cost":"NONE","seed_source_timestamp":196179859818700,"circlet_count":0,"master_deck":["Defend_G","Defend_G","Defend_G","Defend_G","Defend_G","Strike_G","Strike_G","Strike_G","Strike_G","Strike_G","Survivor","Neutralize","Madness+1","Backflip","Cloak And Dagger","Well Laid Plans","Panacea","Doubt","Flying Knee","Slice","Flash of Steel","Predator","Blur+1","Adrenaline+1","Deflect+1","Masterful Stab"],"relics":["Ring of the Snake","Ornamental Fan","Toxic Egg 2","Eternal Feather"],"potions_floor_usage":[16,20,20],"damage_taken":[{"damage":2,"enemies":"Small Slimes","floor":1,"turns":5},{"damage":0,"enemies":"2 Louse","floor":2,"turns":3},{"damage":2,"enemies":"Jaw Worm","floor":3,"turns":6},{"damage":39,"enemies":"3 Sentries","floor":7,"turns":17},{"damage":10,"enemies":"Exordium Wildlife","floor":10,"turns":5},{"damage":0,"enemies":"Looter","floor":13,"turns":3},{"damage":46,"enemies":"The Guardian","floor":16,"turns":18},{"damage":2,"enemies":"3 Byrds","floor":18,"turns":7},{"damage":14,"enemies":"Shell Parasite","floor":19,"turns":11},{"damage":41,"enemies":"Colosseum Slavers","floor":20,"turns":9},{"damage":9,"enemies":"Shelled Parasite and Fungi","floor":21,"turns":2}],"seed_played":"8051977367703293659","potions_obtained":[{"floor":1,"key":"GamblersBrew"},{"floor":7,"key":"Weak Potion"},{"floor":10,"key":"EssenceOfSteel"}],"is_trial":false,"path_per_floor":["M","M","M","$","?","R","E","R","T","M","?","$","M","$","R","B",null,"M","M","?","M"],"character_chosen":"THE_SILENT","items_purchased":["Panacea","Flash of Steel","Predator"],"campfire_rested":2,"item_purchase_floors":[4,12,12],"current_hp_per_floor":[61,61,59,59,59,59,20,41,41,31,48,48,48,48,69,23,58,56,42,1,0],"gold":281,"neow_bonus":"RANDOM_COLORLESS","is_prod":false,"is_daily":false,"chose_seed":false,"campfire_upgraded":1,"win_rate":0,"timestamp":1551484760,"path_taken":["M","M","M","$","?","R","E","R","T","M","?","?","M","$","R","BOSS","M","M","?","M"],"build_version":"2019-01-23","purchased_purges":0,"victory":false,"max_hp_per_floor":[70,70,70,70,70,70,70,70,70,70,70,70,70,70,70,70,70,70,70,70,70],"card_choices":[{"not_picked":["Cloak And Dagger","Poisoned Stab"],"picked":"Backflip","floor":1},{"not_picked":["Flying Knee","Burst"],"picked":"Cloak And Dagger","floor":2},{"not_picked":["Quick Slash","Underhanded Strike"],"picked":"Well Laid Plans","floor":3},{"not_picked":["Quick Slash","Caltrops"],"picked":"Flying Knee","floor":7},{"not_picked":["Accuracy","All Out Attack"],"picked":"Slice","floor":10},{"not_picked":["Concentrate+1","Cloak And Dagger+1"],"picked":"Blur+1","floor":13},{"not_picked":["Burst+1","Grand Finale"],"picked":"Adrenaline+1","floor":16},{"not_picked":["Blur+1","Bane"],"picked":"Deflect+1","floor":18},{"not_picked":["Outmaneuver+1","Backflip+1"],"picked":"Masterful Stab","floor":19}],"player_experience":378822,"relics_obtained":[{"floor":7,"key":"Ornamental Fan"},{"floor":9,"key":"Toxic Egg 2"}],"event_choices":[{"damage_healed":0,"gold_gain":175,"player_choice":"AGREE","damage_taken":0,"max_hp_gain":0,"max_hp_loss":0,"event_name":"Liars Game","floor":5,"gold_loss":0,"cards_obtained":["Doubt"]},{"damage_healed":17,"gold_gain":0,"player_choice":"Healed","damage_taken":0,"max_hp_gain":0,"max_hp_loss":0,"event_name":"The Cleric","floor":11,"gold_loss":35},{"damage_healed":0,"gold_gain":0,"player_choice":"Fight","damage_taken":0,"max_hp_gain":0,"max_hp_loss":0,"event_name":"Colosseum","floor":20,"gold_loss":0},{"damage_healed":0,"gold_gain":0,"player_choice":"Fled From Nobs","damage_taken":0,"max_hp_gain":0,"max_hp_loss":0,"event_name":"Colosseum","floor":20,"gold_loss":0}],"is_beta":false,"boss_relics":[{"not_picked":["Black Star","Sozu"],"picked":"Eternal Feather"}],"items_purged_floors":[],"is_endless":false,"potions_floor_spawned":[1,7,10,20],"killed_by":"Shelled Parasite and Fungi","ascension_level":6}