{"gold_per_floor":[111,122,138,138,149,179,179,210,210,228,243,243,258,258,258,355,355,374,374,374,374,392,392,422,422,422,362,362,392,392],"floor_reached":30,"playtime":952,"items_purged":["Defend_B"],"score":451,"play_id":"da941086-887d-4cdc-97e1-8e1a2e408abe","local_time":"20181001170407","is_ascension_mode":true,"campfire_choices":[{"floor":7,"key":"REST"},{"data":"Hologram","floor":12,"key":"SMITH"},{"floor":15,"key":"REST"},{"data":"Dualcast","floor":23,"key":"SMITH"},{"data":"Zap","floor":25,"key":"SMITH"},{"data":"Streamline","floor":28,"key":"SMITH"}],"neow_cost":"","seed_source_timestamp":5549685958298,"circlet_count":0,"master_deck":["Defend_B","Defend_B","Defend_B","Zap+1","Dualcast+1","Doom and Gloom","Streamline+1","Ball Lightning","Gash","White Noise","Hologram+1","Turbo","Core Surge","All For One","Undo+1","Bite","Bite","Bite","Bite","Bite","Go for the Eyes","Genetic Algorithm+1","BootSequence+1","Defragment+1"],"relics":["Cracked Core","Letter Opener","DataDisk","Omamori","Coffee Dripper","The Courier","Cables","Singing Bowl","Prayer Wheel"],"potions_floor_usage":[8,16,24,29,30],"damage_taken":[{"damage":2,"enemies":"Jaw Worm","floor":1,"turns":3},{"damage":0,"enemies":"Small Slimes","floor":2,"turns":2},{"damage":1,"enemies":"2 Louse","floor":3,"turns":2},{"damage":12,"enemies":"Lots of Slimes","floor":5,"turns":2},{"damage":33,"enemies":"Gremlin Nob","floor":6,"turns":4},{"damage":15,"enemies":"3 Sentries","floor":8,"turns":5},{"damage":13,"enemies":"Large Slime","floor":10,"turns":4},{"damage":1,"enemies":"Exordium Thugs","floor":11,"turns":3},{"damage":11,"enemies":"Gremlin Gang","floor":13,"turns":4},{"damage":0,"enemies":"Slime Boss","floor":16,"turns":6},{"damage":12,"enemies":"Chosen","floor":18,"turns":3},{"damage":6,"enemies":"Spheric Guardian","floor":22,"turns":3},{"damage":14,"enemies":"Book of Stabbing","floor":24,"turns":3},{"damage":43,"enemies":"Slavers","floor":29,"turns":4},{"damage":20,"enemies":"Snake Plant","floor":30,"turns":3}],"seed_played":"-1123503428481583032","potions_obtained":[{"floor":1,"key":"Energy Potion"},{"floor":6,"key":"FearPotion"},{"floor":11,"key":"Swift Potion"},{"floor":16,"key":"Poison Potion"},{"floor":22,"key":"EssenceOfSteel"}],"is_trial":false,"path_per_floor":["M","M","M","?","M","E","R","E","T","M","M","R","M","?","R","B",null,"M","?","?","?","M","R","E","R","T","$","R","E"],"character_chosen":"DEFECT","items_purchased":[],"campfire_rested":2,"item_purchase_floors":[],"current_hp_per_floor":[66,66,65,70,58,25,49,34,34,21,20,20,9,9,33,33,68,56,56,56,56,52,52,44,44,44,44,44,11,0],"gold":392,"neow_bonus":"","is_prod":false,"is_daily":false,"chose_seed":false,"campfire_upgraded":4,"win_rate":0,"timestamp":1538427847,"path_taken":["M","M","M","?","M","E","R","E","T","M","M","R","?","?","R","BOSS","M","?","?","?","M","R","E","R","T","?","R","E","M"],"build_version":"2018-09-27","purchased_purges":1,"victory":false,"max_hp_per_floor":[75,75,75,80,80,80,80,80,80,80,80,80,80,80,80,80,80,80,56,56,56,56,56,56,56,56,56,56,56,56],"card_choices":[{"not_picked":["Auto Shields","Gash"],"picked":"Doom and Gloom","floor":1},{"not_picked":["Gash","Go for the Eyes"],"picked":"Streamline","floor":2},{"not_picked":["Conserve Battery","Cold Snap"],"picked":"Ball Lightning","floor":3},{"not_picked":["Stack","Hello World"],"picked":"Gash","floor":5},{"not_picked":["Sweeping Beam","Double Energy"],"picked":"White Noise","floor":6},{"not_picked":["Turbo","Go for the Eyes"],"picked":"Hologram","floor":8},{"not_picked":["Redo","Sweeping Beam"],"picked":"Turbo","floor":10},{"not_picked":["Barrage","Hello World","Stack"],"picked":"SKIP","floor":11},{"not_picked":["Turbo","Go for the Eyes"],"picked":"Core Surge","floor":13},{"not_picked":["Thunder Strike","Meteor Strike"],"picked":"All For One","floor":16},{"not_picked":["Melter","Loop"],"picked":"Undo+1","floor":18},{"not_picked":["Leap","Rebound"],"picked":"Genetic Algorithm+1","floor":22},{"not_picked":["Rebound","Redo"],"picked":"BootSequence+1","floor":24},{"not_picked":["BootSequence","Leap"],"picked":"Defragment+1","floor":29}],"player_experience":628083,"relics_obtained":[{"floor":6,"key":"Letter Opener"},{"floor":8,"key":"DataDisk"},{"floor":9,"key":"Omamori"},{"floor":24,"key":"Cables"},{"floor":26,"key":"Singing Bowl"},{"floor":29,"key":"Prayer Wheel"}],"event_choices":[{"event_name":"Big Fish","player_choice":"Donut","floor":4,"damage_taken":0},{"event_name":"Dead Adventurer","player_choice":"Searched \u00270\u0027 times","floor":14,"damage_taken":0},{"event_name":"Vampires","player_choice":"Became a vampire","floor":19,"damage_taken":0},{"event_name":"The Mausoleum","player_choice":"Yes","floor":20,"damage_taken":0},{"event_name":"The Library","player_choice":"Read","floor":21,"damage_taken":0}],"is_beta":false,"boss_relics":[{"not_picked":["Black Star","Eternal Feather"],"picked":"Coffee Dripper"}],"items_purged_floors":[27],"is_endless":false,"potions_floor_spawned":[1,6,11,16,22],"killed_by":"Snake Plant","ascension_level":6}