{"path_per_floor":["M","T","M","M","?","R","E","R","T","E","$","R","M","M","R","B",null,"M","?","$","?","M","R","M","E","T","E","R","$","R","M","R","B",null,"M","M","M","?","M","R","M","R","T","M","R","M","R","M","R","B"],"character_chosen":"IRONCLAD","items_purchased":["Apotheosis","Impervious","Uppercut","Shrug It Off"],"gold_per_floor":[110,410,420,439,439,439,467,467,491,517,18,18,35,47,47,146,146,166,166,20,20,36,36,46,74,119,149,149,24,24,40,40,140,140,155,171,187,187,205,205,216,216,216,235,235,251,251,269,269,269],"floor_reached":51,"campfire_rested":6,"playtime":1602,"current_hp_per_floor":[79,79,77,73,73,73,37,37,37,25,25,49,49,48,48,28,84,82,66,66,49,47,74,72,67,67,46,46,46,75,71,71,66,97,97,99,69,69,11,41,39,69,69,71,102,98,98,94,94,69],"items_purged":["Strike_R","Strike_R","Strike_R"],"gold":269,"score":846,"play_id":"787ff1a4-5a1f-4beb-ac59-3ffce6322494","local_time":"20180512181014","is_prod":false,"is_daily":false,"chose_seed":false,"is_ascension_mode":true,"campfire_upgraded":7,"timestamp":1526163014,"path_taken":["M","?","M","?","?","R","E","R","T","E","$","R","M","M","R","BOSS","M","?","?","?","M","R","M","E","T","E","R","$","R","?","R","BOSS","M","M","M","?","M","R","M","R","T","M","R","M","R","M","R","BOSS"],"build_version":"2018-05-12v2","seed_source_timestamp":304679513777574,"purchased_purges":3,"victory":true,"master_deck":["Strike_R","Strike_R","Defend_R","Defend_R","Defend_R","Bash+1","Thunderclap+1","Shrug It Off+1","Flame Barrier+1","True Grit","Cleave+1","Apotheosis+1","Impervious","Uppercut","Offering+1","Shrug It Off","Shrug It Off","Whirlwind+1","Brutality+1","Seeing Red+1","Battle Trance+1","Berserk","Shrug It Off+1","Shrug It Off+1"],"max_hp_per_floor":[80,80,80,80,80,80,80,80,80,80,80,80,80,82,82,84,84,86,86,86,91,93,93,95,95,95,97,97,97,97,97,97,97,97,97,99,99,99,101,101,103,103,103,105,105,105,105,105,105,105],"relics":["Sozu","Old Coin","Kunai","Singing Bowl","Omamori","Philosopher\u0027s Stone","Necronomicon","Whetstone","Bag of Marbles","Champion Belt","Runic Cube","Shuriken"],"card_choices":[{"not_picked":["Heavy Blade","Clash"],"picked":"Thunderclap","floor":1},{"not_picked":["Headbutt","Rupture"],"picked":"Shrug It Off","floor":3},{"not_picked":["Iron Wave","Clothesline"],"picked":"Flame Barrier","floor":4},{"not_picked":["Flex","Wild Strike"],"picked":"True Grit","floor":7},{"not_picked":["Thunderclap","Disarm"],"picked":"Cleave","floor":10},{"not_picked":["Headbutt","Heavy Blade"],"picked":"Offering","floor":13},{"not_picked":["Second Wind","Anger","Armaments"],"picked":"Singing Bowl","floor":14},{"not_picked":["Juggernaut","Exhume","Berserk"],"picked":"Singing Bowl","floor":16},{"not_picked":["Perfected Strike","Rupture+1","Sever Soul"],"picked":"Singing Bowl","floor":18},{"not_picked":["Body Slam+1","Rupture","Hemokinesis"],"picked":"Singing Bowl","floor":22},{"not_picked":["Sword Boomerang+1","Heavy Blade","Anger"],"picked":"Singing Bowl","floor":24},{"not_picked":["Blood for Blood","Headbutt+1"],"picked":"Shrug It Off","floor":25},{"not_picked":["Carnage","Pummel+1","Headbutt"],"picked":"Singing Bowl","floor":27},{"not_picked":["Seeing Red","Shrug It Off"],"picked":"Whirlwind","floor":31},{"not_picked":["Berserk","Juggernaut"],"picked":"Brutality","floor":33},{"not_picked":["Corruption","Uppercut+1"],"picked":"Seeing Red+1","floor":35},{"not_picked":["Perfected Strike+1","Spot Weakness+1","Anger"],"picked":"Singing Bowl","floor":36},{"not_picked":["Shrug It Off","Wild Strike+1"],"picked":"Battle Trance+1","floor":37},{"not_picked":["Pommel Strike+1","Cleave+1","Headbutt"],"picked":"Singing Bowl","floor":39},{"not_picked":["Anger","Fire Breathing","Armaments"],"picked":"Singing Bowl","floor":41},{"not_picked":["Pommel Strike+1","Body Slam+1","Shockwave"],"picked":"Singing Bowl","floor":44},{"not_picked":["Cleave","Disarm+1"],"picked":"Shrug It Off+1","floor":46},{"not_picked":["Juggernaut","Thunderclap+1"],"picked":"Shrug It Off+1","floor":48}],"player_experience":119155,"potions_floor_usage":[],"damage_taken":[{"damage":1,"enemies":"Cultist","floor":1,"turns":3},{"damage":2,"enemies":"2 Louse","floor":3,"turns":2},{"damage":4,"enemies":"Jaw Worm","floor":4,"turns":3},{"damage":36,"enemies":"Gremlin Nob","floor":7,"turns":5},{"damage":12,"enemies":"3 Sentries","floor":10,"turns":10},{"damage":0,"enemies":"Looter","floor":13,"turns":3},{"damage":3,"enemies":"Exordium Wildlife","floor":14,"turns":3},{"damage":22,"enemies":"The Guardian","floor":16,"turns":8},{"damage":4,"enemies":"Shell Parasite","floor":18,"turns":4},{"damage":4,"enemies":"Chosen","floor":22,"turns":2},{"damage":4,"enemies":"Snake Plant","floor":24,"turns":3},{"damage":5,"enemies":"Book of Stabbing","floor":25,"turns":4},{"damage":23,"enemies":"Slavers","floor":27,"turns":4},{"damage":4,"enemies":"Centurion and Healer","floor":31,"turns":6},{"damage":5,"enemies":"Champ","floor":33,"turns":12},{"damage":0,"enemies":"Flame Bruiser 1 Orb","floor":35,"turns":2},{"damage":0,"enemies":"3 Darklings","floor":36,"turns":3},{"damage":30,"enemies":"Maw","floor":37,"turns":6},{"damage":60,"enemies":"4 Shapes","floor":39,"turns":3},{"damage":4,"enemies":"Spire Growth","floor":41,"turns":3},{"damage":0,"enemies":"Flame Bruiser 2 Orb","floor":44,"turns":2},{"damage":4,"enemies":"3 Darklings","floor":46,"turns":2},{"damage":4,"enemies":"4 Shapes","floor":48,"turns":1},{"damage":25,"enemies":"Time Eater","floor":50,"turns":8}],"event_choices":[{"event_name":"The Lab","player_choice":"Got Potions","floor":5,"damage_taken":0},{"event_name":"Cursed Tome","player_choice":"Obtained Book","floor":19,"damage_taken":0},{"event_name":"Forgotten Altar","player_choice":"Shed Blood","floor":21,"damage_taken":0},{"event_name":"Transmorgrifier","player_choice":"Transform","floor":38,"damage_taken":0}],"boss_relics":[{"not_picked":["Mark of Pain","Runic Pyramid"],"picked":"Philosopher\u0027s Stone"},{"not_picked":["Lizard Tail","Pandora\u0027s Box"],"picked":"Runic Cube"}],"potions_floor_spawned":[7,10,13,16,22,24,27,36,44,46,48],"seed_played":"-322401619045140507","ascension_level":3,"is_trial":false}