{"gold_per_floor":[212,226,72,86,86,86,98,98,123,123,123,137,212,243,243,342,342,357,368,283,299,55,88,100,149,161,189,201,213,225,257,269,281],"floor_reached":33,"playtime":1613,"items_purged":["Strike_B"],"score":307,"play_id":"7199ecc5-af99-4193-ba0b-b6f5671d3157","local_time":"20180927151204","is_ascension_mode":true,"campfire_choices":[{"data":"Sunder","floor":6,"key":"SMITH"},{"data":"Dualcast","floor":8,"key":"SMITH"},{"data":"Go for the Eyes","floor":10,"key":"SMITH"},{"data":"Hologram","floor":15,"key":"SMITH"},{"data":"HandOfGreed","floor":24,"key":"SMITH"},{"data":"Zap","floor":28,"key":"SMITH"},{"data":"Beam Cell","floor":30,"key":"SMITH"},{"data":"White Noise","floor":32,"key":"SMITH"}],"neow_cost":"NONE","seed_source_timestamp":339888702028364,"circlet_count":0,"master_deck":["Strike_B","Strike_B","Defend_B","Defend_B","Defend_B","Defend_B","Zap+1","Dualcast+1","Leap","Sunder+1","White Noise+1","Steam","Go for the Eyes+1","Hologram+1","Rebound","Electrodynamics","Genetic Algorithm","Auto Shields","HandOfGreed+1","Beam Cell+1"],"relics":["Cracked Core","Ancient Tea Set","Happy Flower","Busted Crown","Potion Belt","MawBank","Bronze Scales","MutagenicStrength"],"potions_floor_usage":[16,21,23,23,33],"damage_taken":[{"damage":7,"enemies":"Small Slimes","floor":1,"turns":4},{"damage":0,"enemies":"Cultist","floor":2,"turns":3},{"damage":2,"enemies":"Jaw Worm","floor":4,"turns":3},{"damage":8,"enemies":"Lots of Slimes","floor":7,"turns":4},{"damage":0,"enemies":"3 Louse","floor":12,"turns":2},{"damage":5,"enemies":"3 Sentries","floor":14,"turns":6},{"damage":20,"enemies":"Hexaghost","floor":16,"turns":8},{"damage":1,"enemies":"3 Byrds","floor":18,"turns":3},{"damage":0,"enemies":"Spheric Guardian","floor":19,"turns":3},{"damage":2,"enemies":"Snake Plant","floor":21,"turns":4},{"damage":20,"enemies":"Slavers","floor":23,"turns":4},{"damage":0,"enemies":"Centurion and Healer","floor":25,"turns":10},{"damage":0,"enemies":"Cultist and Chosen","floor":27,"turns":4},{"damage":10,"enemies":"Shelled Parasite and Fungi","floor":31,"turns":4},{"damage":44,"enemies":"Champ","floor":33,"turns":7}],"seed_played":"-2513300028499979778","potions_obtained":[{"floor":12,"key":"Poison Potion"},{"floor":16,"key":"Block Potion"},{"floor":18,"key":"Poison Potion"},{"floor":21,"key":"SpeedPotion"},{"floor":27,"key":"SteroidPotion"}],"is_trial":false,"path_per_floor":["M","M","$","M","?","R","M","R","T","R","?","M","?","E","R","B",null,"M","M","?","M","$","E","R","M","T","M","R","?","R","M","R"],"character_chosen":"DEFECT","items_purchased":["White Noise","HandOfGreed","Beam Cell"],"campfire_rested":0,"item_purchase_floors":[3,22,22],"current_hp_per_floor":[68,68,68,66,59,59,51,51,51,51,51,51,40,35,35,15,75,74,74,74,72,72,52,52,52,52,52,52,52,52,42,42,0],"gold":281,"neow_bonus":"HUNDRED_GOLD","is_prod":false,"is_daily":false,"chose_seed":false,"campfire_upgraded":8,"win_rate":0,"timestamp":1538075524,"path_taken":["M","M","$","M","?","R","?","R","T","R","?","M","?","E","R","BOSS","M","M","?","M","$","E","R","M","T","?","R","?","R","M","R","BOSS"],"build_version":"2018-09-20","purchased_purges":1,"victory":false,"max_hp_per_floor":[75,75,75,75,75,75,75,75,75,75,75,75,75,75,75,75,75,75,75,75,75,75,75,75,75,75,75,75,75,75,75,75,75],"card_choices":[{"not_picked":["Barrage","FTL"],"picked":"Leap","floor":1},{"not_picked":["Conserve Battery","Stack"],"picked":"Sunder","floor":2},{"not_picked":["Lockon","Rebound"],"picked":"Steam","floor":4},{"not_picked":["Sweeping Beam","Consume"],"picked":"Go for the Eyes","floor":7},{"not_picked":["Fission","Leap"],"picked":"Hologram","floor":12},{"not_picked":["Turbo","Stack"],"picked":"Rebound","floor":14},{"not_picked":["Buffer","Meteor Strike"],"picked":"Electrodynamics","floor":16},{"not_picked":[],"picked":"Genetic Algorithm","floor":18},{"not_picked":[],"picked":"Auto Shields","floor":19},{"not_picked":["Rebound"],"picked":"SKIP","floor":21},{"not_picked":["Compile Driver+1"],"picked":"SKIP","floor":23},{"not_picked":["Compile Driver"],"picked":"SKIP","floor":25},{"not_picked":["Thunder Strike"],"picked":"SKIP","floor":27},{"not_picked":["Cold Snap"],"picked":"SKIP","floor":31}],"player_experience":601006,"relics_obtained":[{"floor":9,"key":"Ancient Tea Set"},{"floor":14,"key":"Happy Flower"},{"floor":23,"key":"MawBank"},{"floor":26,"key":"Bronze Scales"}],"event_choices":[{"event_name":"Golden Wing","player_choice":"Card Removal","floor":5,"damage_taken":0},{"event_name":"Liars Game","player_choice":"disagreed","floor":11,"damage_taken":0},{"event_name":"World of Goop","player_choice":"Gather Gold","floor":13,"damage_taken":0},{"event_name":"Addict","player_choice":"Obtained Relic","floor":20,"damage_taken":0},{"event_name":"Drug Dealer","player_choice":"Inject Mutagens","floor":29,"damage_taken":0}],"is_beta":false,"boss_relics":[{"not_picked":["Calling Bell","Runic Dome"],"picked":"Busted Crown"}],"items_purged_floors":[3],"is_endless":false,"potions_floor_spawned":[12,16,18,21,27],"killed_by":"Champ","ascension_level":3}