{"gold_per_floor":[112,112,112,129,13,13,48,48,71,71,82,82,102,120,120,196,196,210,43,43,43,54,54,79,79,106,106,116,41,41,41,41,116,116,131,131,147,147,166,166,178,178,205,205],"floor_reached":44,"playtime":2590,"items_purged":["Strike_B"],"score":853,"play_id":"c6f1e937-1266-46f2-9cb2-5c1be95cc75f","local_time":"20190304004349","is_ascension_mode":true,"campfire_choices":[{"data":"Sunder","floor":6,"key":"SMITH"},{"data":"Lockon","floor":8,"key":"SMITH"},{"data":"Darkness","floor":12,"key":"SMITH"},{"data":"Defragment","floor":15,"key":"SMITH"},{"data":"Fission","floor":23,"key":"SMITH"},{"floor":25,"key":"REST"},{"data":"Deep Breath","floor":30,"key":"SMITH"},{"floor":32,"key":"REST"},{"data":"Creative AI","floor":40,"key":"SMITH"},{"floor":42,"key":"REST"}],"neow_cost":"NONE","seed_source_timestamp":1045588835950,"circlet_count":0,"master_deck":["AscendersBane","Defend_B+1","Zap+1","Dualcast","Deep Breath+1","Lockon+1","Cold Snap","Sunder+1","FTL","Darkness+1","Coolheaded","Defragment+1","Fission+1","Static Discharge+1","Melter+1","Coolheaded+1","Undo+1","Core Surge","Creative AI+1","Genetic Algorithm","Leap","Writhe","Fission+1","FTL+1","Dark Shackles","Auto Shields","BootSequence","Reinforced Body+1"],"relics":["Cracked Core","Strawberry","Oddly Smooth Stone","Astrolabe","War Paint","Ornamental Fan","Bag of Marbles","Pear","Inserter","Bag of Preparation"],"potions_floor_usage":[14,16,16,24,33,35,39,44],"damage_taken":[{"damage":4,"enemies":"Jaw Worm","floor":1,"turns":3},{"damage":0,"enemies":"2 Louse","floor":4,"turns":2},{"damage":23,"enemies":"3 Sentries","floor":7,"turns":6},{"damage":0,"enemies":"Cultist","floor":11,"turns":2},{"damage":4,"enemies":"Lots of Slimes","floor":13,"turns":3},{"damage":0,"enemies":"2 Fungi Beasts","floor":14,"turns":2},{"damage":0,"enemies":"Hexaghost","floor":16,"turns":6},{"damage":13,"enemies":"Shell Parasite","floor":18,"turns":3},{"damage":31,"enemies":"3 Byrds","floor":22,"turns":3},{"damage":27,"enemies":"Gremlin Leader","floor":24,"turns":8},{"damage":0,"enemies":"Centurion and Healer","floor":28,"turns":7},{"damage":65,"enemies":"Automaton","floor":33,"turns":14},{"damage":32,"enemies":"3 Darklings","floor":35,"turns":7},{"damage":0,"enemies":"3 Shapes","floor":37,"turns":6},{"damage":9,"enemies":"Sphere and 2 Shapes","floor":39,"turns":5},{"damage":0,"enemies":"4 Shapes","floor":41,"turns":9},{"damage":68,"enemies":"Giant Head","floor":44,"turns":10}],"seed_played":"-3867527059425713232","potions_obtained":[{"floor":4,"key":"Energy Potion"},{"floor":13,"key":"Regen Potion"},{"floor":14,"key":"Block Potion"},{"floor":16,"key":"Energy Potion"},{"floor":18,"key":"FairyPotion"},{"floor":28,"key":"SkillPotion"},{"floor":33,"key":"Weak Potion"},{"floor":35,"key":"SkillPotion"},{"floor":37,"key":"FocusPotion"}],"is_trial":false,"path_per_floor":["M","?","?","M","$","R","E","R","T","?","M","R","M","M","R","B",null,"M","$","$","?","M","R","E","R","T","?","M","?","R","?","R","B",null,"M","?","M","?","M","R","M","R","T","E"],"character_chosen":"DEFECT","items_purchased":["Sunder","War Paint"],"campfire_rested":3,"item_purchase_floors":[5,19],"current_hp_per_floor":[60,42,42,42,42,42,26,26,26,26,26,26,22,22,22,36,68,55,55,55,55,24,24,7,30,30,30,30,30,30,40,66,1,66,34,34,34,34,25,25,25,51,51,0],"gold":205,"neow_bonus":"RANDOM_COLORLESS","is_prod":false,"is_daily":false,"chose_seed":false,"campfire_upgraded":7,"win_rate":0,"timestamp":1551678229,"path_taken":["M","?","?","M","?","R","E","R","T","?","M","R","M","?","R","BOSS","M","?","$","?","M","R","E","R","T","?","M","?","R","?","R","BOSS","M","?","M","?","M","R","M","R","T","E"],"build_version":"2019-01-23","purchased_purges":1,"victory":false,"max_hp_per_floor":[71,71,71,71,71,71,78,78,78,78,78,78,78,78,78,78,78,78,78,78,78,78,78,78,78,78,78,78,78,78,88,88,88,88,88,88,88,88,88,88,88,88,88,88],"card_choices":[{"not_picked":["Reinforced Body","Static Discharge"],"picked":"Lockon","floor":1},{"not_picked":["Heatsinks","Melter"],"picked":"Cold Snap","floor":4},{"not_picked":["Leap","Undo"],"picked":"FTL","floor":7},{"not_picked":["Reprogram","Compile Driver"],"picked":"Darkness","floor":11},{"not_picked":["Cold Snap","Go for the Eyes"],"picked":"Coolheaded","floor":13},{"not_picked":["Hyperbeam","Stack"],"picked":"Defragment","floor":14},{"not_picked":["Reboot","Electrodynamics"],"picked":"Fission","floor":16},{"not_picked":["Beam Cell","Stack"],"picked":"Coolheaded+1","floor":18},{"not_picked":["Redo","Gash"],"picked":"Undo+1","floor":22},{"not_picked":["Reprogram","FTL"],"picked":"Core Surge","floor":24},{"not_picked":["Barrage","Leap","Gash+1"],"picked":"SKIP","floor":28},{"not_picked":["Barrage","Gash+1"],"picked":"Leap","floor":28},{"not_picked":["Rainbow","Hyperbeam"],"picked":"Fission","floor":33},{"not_picked":["Tempest","Streamline+1"],"picked":"FTL+1","floor":35},{"not_picked":["Thinking Ahead","Forethought"],"picked":"Dark Shackles","floor":36},{"not_picked":["Barrage","Beam Cell"],"picked":"Auto Shields","floor":37},{"not_picked":["FTL","Stack"],"picked":"BootSequence","floor":39},{"not_picked":["Go for the Eyes","Fusion"],"picked":"Reinforced Body+1","floor":41}],"player_experience":837819,"relics_obtained":[{"floor":7,"key":"Strawberry"},{"floor":9,"key":"Oddly Smooth Stone"},{"floor":24,"key":"Ornamental Fan"},{"floor":26,"key":"Bag of Marbles"},{"floor":43,"key":"Bag of Preparation"}],"event_choices":[{"damage_healed":0,"gold_gain":0,"player_choice":"Fled","damage_taken":18,"max_hp_gain":0,"max_hp_loss":0,"event_name":"Scrap Ooze","floor":2,"gold_loss":0},{"damage_healed":0,"gold_gain":0,"player_choice":"Ignored","damage_taken":0,"max_hp_gain":0,"max_hp_loss":0,"event_name":"Shining Light","floor":3,"gold_loss":0},{"cards_removed":["Strike_B"],"damage_healed":0,"gold_gain":0,"player_choice":"Purged","damage_taken":0,"max_hp_gain":0,"max_hp_loss":0,"event_name":"Purifier","floor":10,"gold_loss":0},{"damage_healed":0,"gold_gain":0,"cards_transformed":["Thunder Strike","Defend_B"],"player_choice":"Became Test Subject","damage_taken":0,"max_hp_gain":0,"max_hp_loss":0,"event_name":"Drug Dealer","floor":27,"gold_loss":0,"cards_obtained":["Creative AI","Genetic Algorithm"]},{"cards_removed":["Defend_B"],"damage_healed":0,"gold_gain":0,"player_choice":"Gave Gold","damage_taken":0,"max_hp_gain":0,"max_hp_loss":0,"event_name":"Beggar","floor":29,"gold_loss":75},{"damage_healed":0,"gold_gain":0,"player_choice":"Opened","damage_taken":0,"relics_obtained":["Pear"],"max_hp_gain":0,"max_hp_loss":0,"event_name":"The Mausoleum","floor":31,"gold_loss":0,"cards_obtained":["Writhe"]},{"damage_healed":0,"gold_gain":0,"player_choice":"Memory 1","damage_taken":0,"max_hp_gain":0,"max_hp_loss":0,"event_name":"SensoryStone","floor":36,"gold_loss":0},{"damage_healed":0,"gold_gain":0,"player_choice":"Upgraded","damage_taken":0,"max_hp_gain":0,"max_hp_loss":0,"event_name":"Upgrade Shrine","floor":38,"gold_loss":0,"cards_upgraded":["Fission"]}],"is_beta":false,"boss_relics":[{"not_picked":["Lizard Tail","Runic Dome"],"picked":"Astrolabe"},{"not_picked":["Velvet Choker","Black Star"],"picked":"Inserter"}],"items_purged_floors":[5],"is_endless":false,"potions_floor_spawned":[4,13,14,16,18,28,33,35,37],"killed_by":"Giant Head","ascension_level":16}