{"path_per_floor":["M","M","M","M","?","R","M","R","T","M","?","M","M","M","R","B",null,"M","$","?","M","M","M","?","E","T","$","E","$","M","M","R"],"character_chosen":"IRONCLAD","items_purchased":["Du-Vu Doll","Toxic Egg 2","Good Instincts+1","Second Wind+1"],"gold_per_floor":[112,131,145,156,406,406,419,419,419,436,436,448,461,474,474,548,548,567,15,15,25,43,62,62,97,176,10,43,5,23,36,36,36],"floor_reached":33,"campfire_rested":2,"playtime":2103,"item_purchase_floors":[19,19,27,29],"current_hp_per_floor":[51,54,60,57,57,57,35,35,35,24,24,20,23,29,51,11,59,48,48,48,40,17,15,85,51,51,51,33,33,29,32,57,0],"items_purged":["Strike_R"],"gold":36,"score":485,"play_id":"954fb7cf-12b6-4a17-b450-633b2cca62dc","local_time":"20180520022539","is_prod":false,"is_daily":false,"chose_seed":false,"is_ascension_mode":true,"campfire_upgraded":2,"timestamp":1526797539,"campfire_choices":[{"data":"Perfected Strike","floor":6,"key":"SMITH"},{"data":"Thunderclap","floor":8,"key":"SMITH"},{"floor":15,"key":"REST"},{"floor":32,"key":"REST"}],"path_taken":["M","M","M","M","?","R","M","R","T","M","?","M","?","M","R","BOSS","M","$","?","?","M","M","?","E","T","$","E","?","M","M","R","BOSS"],"build_version":"2018-05-18","seed_source_timestamp":938725342653099,"purchased_purges":1,"victory":false,"master_deck":["Strike_R","Strike_R","Strike_R","Strike_R","Defend_R","Defend_R","Defend_R","Defend_R","Bash","AscendersBane","Shrug It Off+1","Headbutt","Rampage","Perfected Strike+1","Regret","Thunderclap+1","Disarm","Injury","Uppercut","Second Wind","Fiend Fire","Fiend Fire","Burning Pact+1","Flame Barrier+1","Headbutt+1","Clumsy","Good Instincts+1","Shrug It Off+1","Second Wind+1","Shockwave+1"],"max_hp_per_floor":[75,75,75,75,75,75,75,75,75,75,75,75,75,75,75,75,75,75,75,75,75,75,75,85,85,85,85,85,85,85,85,85,85],"relics":["Burning Blood","Bottled Lightning","Cursed Key","Du-Vu Doll","Toxic Egg 2","Blue Candle","Darkstone Periapt","Mummified Hand"],"card_choices":[{"not_picked":["Fire Breathing","Headbutt"],"picked":"Shrug It Off","floor":1},{"not_picked":["Pommel Strike","Body Slam"],"picked":"Headbutt","floor":2},{"not_picked":["Searing Blow","Intimidate"],"picked":"Rampage","floor":3},{"not_picked":["Second Wind","Twin Strike"],"picked":"Perfected Strike","floor":4},{"not_picked":["Anger","Cleave"],"picked":"Thunderclap","floor":7},{"not_picked":["Sentinel","Flex"],"picked":"Disarm","floor":10},{"not_picked":["Searing Blow","Reckless Charge"],"picked":"Uppercut","floor":12},{"not_picked":["Wild Strike","Warcry"],"picked":"Second Wind","floor":13},{"not_picked":["Wild Strike","Perfected Strike"],"picked":"Fiend Fire","floor":14},{"not_picked":["Brutality","Feed"],"picked":"Fiend Fire","floor":16},{"not_picked":["Combust","Sword Boomerang","Hemokinesis"],"picked":"SKIP","floor":18},{"not_picked":["Wild Strike","Iron Wave","Evolve"],"picked":"SKIP","floor":21},{"not_picked":["Armaments+1","Corruption"],"picked":"Burning Pact+1","floor":22},{"not_picked":["Armaments+1","Clothesline"],"picked":"Flame Barrier+1","floor":23},{"not_picked":["Wild Strike","Heavy Blade"],"picked":"Headbutt+1","floor":25},{"not_picked":["Flex+1","Double Tap+1"],"picked":"Shrug It Off+1","floor":28},{"not_picked":["Burning Pact+1","Intimidate+1"],"picked":"Shockwave+1","floor":30},{"not_picked":["Pommel Strike","Headbutt","Flex+1"],"picked":"SKIP","floor":31}],"player_experience":221481,"potions_floor_usage":[10,16,18,18,23,25,31,33],"damage_taken":[{"damage":23,"enemies":"Small Slimes","floor":1,"turns":4},{"damage":3,"enemies":"Cultist","floor":2,"turns":4},{"damage":0,"enemies":"2 Louse","floor":3,"turns":4},{"damage":9,"enemies":"Red Slaver","floor":4,"turns":5},{"damage":28,"enemies":"Lots of Slimes","floor":7,"turns":5},{"damage":17,"enemies":"Gremlin Gang","floor":10,"turns":5},{"damage":10,"enemies":"Exordium Wildlife","floor":12,"turns":4},{"damage":3,"enemies":"2 Fungi Beasts","floor":13,"turns":3},{"damage":0,"enemies":"Red Slaver","floor":14,"turns":2},{"damage":46,"enemies":"The Guardian","floor":16,"turns":11},{"damage":17,"enemies":"Spheric Guardian","floor":18,"turns":4},{"damage":14,"enemies":"Shell Parasite","floor":21,"turns":3},{"damage":29,"enemies":"Snecko","floor":22,"turns":4},{"damage":8,"enemies":"3 Cultists","floor":23,"turns":4},{"damage":40,"enemies":"Gremlin Leader","floor":25,"turns":6},{"damage":24,"enemies":"Slavers","floor":28,"turns":4},{"damage":10,"enemies":"Chosen and Byrds","floor":30,"turns":5},{"damage":3,"enemies":"Snake Plant","floor":31,"turns":4},{"damage":69,"enemies":"Automaton","floor":33,"turns":6}],"relics_obtained":[{"floor":9,"key":"Bottled Lightning"},{"floor":25,"key":"Blue Candle"},{"floor":26,"key":"Darkstone Periapt"},{"floor":28,"key":"Mummified Hand"}],"event_choices":[{"event_name":"Golden Shrine","player_choice":"Desecrate","floor":5,"damage_taken":0},{"event_name":"Accursed Blacksmith","player_choice":"Forge","floor":11,"damage_taken":0},{"event_name":"Drug Dealer","player_choice":"Ignored","floor":20,"damage_taken":0},{"event_name":"Bonfire Elementals","player_choice":"RARE","floor":24,"damage_taken":0}],"boss_relics":[{"not_picked":["Velvet Choker","Eternal Feather"],"picked":"Cursed Key"}],"items_purged_floors":[27],"potions_floor_spawned":[2,7,10,13,14,16,18,23,31],"seed_played":"-7378337407980062924","killed_by":"Automaton","ascension_level":14,"potions_obtained":[{"floor":2,"key":"Dexterity Potion"},{"floor":7,"key":"Strength Potion"},{"floor":10,"key":"SpeedPotion"},{"floor":13,"key":"FearPotion"},{"floor":16,"key":"Block Potion"},{"floor":18,"key":"Energy Potion"},{"floor":23,"key":"Fire Potion"},{"floor":31,"key":"AttackPotion"}],"is_trial":false}