{"gold_per_floor":[117,137,147,159,171,171,199,199,247,247],"floor_reached":10,"playtime":383,"items_purged":[],"score":126,"play_id":"539f514c-5e86-405a-aa94-7bbced4e52c8","local_time":"20190303115942","is_ascension_mode":true,"campfire_choices":[{"data":"Searing Blow","floor":6,"key":"SMITH"},{"data":"Searing Blow+1","floor":8,"key":"SMITH"}],"neow_cost":"NONE","seed_source_timestamp":60073206613019,"circlet_count":0,"master_deck":["AscendersBane","Strike_R","Strike_R","Strike_R","Strike_R","Strike_R","Defend_R","Defend_R","Defend_R","Defend_R","Bash","Panacea","Cleave","Searing Blow+2","Dual Wield","Headbutt","Inflame","Uppercut"],"special_seed":0,"relics":["Burning Blood","Boot"],"potions_floor_usage":[4],"damage_taken":[{"damage":1,"enemies":"Cultist","floor":1,"turns":4},{"damage":8,"enemies":"2 Louse","floor":2,"turns":3},{"damage":0,"enemies":"Small Slimes","floor":3,"turns":3},{"damage":11,"enemies":"Looter","floor":4,"turns":3},{"damage":12,"enemies":"2 Fungi Beasts","floor":5,"turns":3},{"damage":50,"enemies":"Lagavulin","floor":7,"turns":6},{"damage":20,"enemies":"3 Sentries","floor":10,"turns":2}],"seed_played":"1814100364554694927","potions_obtained":[{"floor":1,"key":"Weak Potion"},{"floor":4,"key":"Dexterity Potion"},{"floor":7,"key":"Ancient Potion"}],"is_trial":false,"path_per_floor":["M","M","M","M","M","R","E","R","T","E"],"character_chosen":"IRONCLAD","items_purchased":[],"campfire_rested":0,"item_purchase_floors":[],"current_hp_per_floor":[73,71,75,70,64,64,20,20,20,0],"gold":247,"neow_bonus":"RANDOM_COLORLESS","is_prod":false,"is_daily":false,"chose_seed":false,"campfire_upgraded":2,"win_rate":0,"timestamp":1551632382,"path_taken":["M","M","M","M","M","R","E","R","T","E"],"build_version":"2019-01-23","purchased_purges":0,"victory":false,"max_hp_per_floor":[75,75,75,75,75,75,75,75,75,75],"card_choices":[{"not_picked":["Warcry","Flame Barrier"],"picked":"Cleave","floor":1},{"not_picked":["Wild Strike","Anger"],"picked":"Searing Blow","floor":2},{"not_picked":["Entrench","Corruption"],"picked":"Dual Wield","floor":3},{"not_picked":["Carnage","Thunderclap"],"picked":"Headbutt","floor":4},{"not_picked":["Armaments","Ghostly Armor"],"picked":"Inflame","floor":5},{"not_picked":["Power Through","Iron Wave"],"picked":"Uppercut","floor":7}],"player_experience":796213,"relics_obtained":[{"floor":7,"key":"Boot"}],"event_choices":[],"is_beta":false,"boss_relics":[],"items_purged_floors":[],"is_endless":false,"potions_floor_spawned":[1,4,7],"killed_by":"3 Sentries","ascension_level":16}