{"gold_per_floor":[18,29,41,60,60,60,85,85,110,35,49,81,81,94,94,166,166,184,13,30,30,3,3,19,19,74,84,84,84,84,84,84,84],"floor_reached":33,"playtime":1418,"items_purged":["Defend_G","Defend_G"],"score":421,"play_id":"4cc8f51f-d79f-467d-8913-11d4274a6086","local_time":"20190301122400","is_ascension_mode":true,"campfire_choices":[{"data":"Sucker Punch","floor":6,"key":"SMITH"},{"data":"Noxious Fumes","floor":8,"key":"SMITH"},{"floor":15,"key":"REST"},{"floor":23,"key":"REST"},{"floor":25,"key":"REST"},{"data":"Catalyst","floor":28,"key":"SMITH"},{"data":"Footwork","floor":30,"key":"SMITH"},{"data":"Cloak And Dagger","floor":32,"key":"SMITH"}],"neow_cost":"NO_GOLD","seed_source_timestamp":743741232510328,"circlet_count":0,"master_deck":["AscendersBane","Defend_G","Defend_G","Defend_G","Strike_G","Strike_G","Strike_G","Strike_G","Strike_G","Survivor","Neutralize","Sucker Punch+1","Noxious Fumes+1","Calculated Gamble","Footwork+1","Cloak And Dagger+1","PiercingWail","Dagger Throw","Venomology","Dodge and Roll","Choke","Catalyst+1","Backflip","Blade Dance+1","Poisoned Stab"],"relics":["Ring of the Snake","WingedGreaves","Bronze Scales","Boot","Ancient Tea Set","Sozu","Tiny Chest","Ornamental Fan"],"potions_floor_usage":[4,7,27,33],"damage_taken":[{"damage":4,"enemies":"Jaw Worm","floor":1,"turns":7},{"damage":4,"enemies":"Small Slimes","floor":2,"turns":4},{"damage":9,"enemies":"Cultist","floor":3,"turns":5},{"damage":0,"enemies":"Red Slaver","floor":4,"turns":4},{"damage":9,"enemies":"3 Sentries","floor":7,"turns":10},{"damage":0,"enemies":"Blue Slaver","floor":11,"turns":4},{"damage":12,"enemies":"Gremlin Nob","floor":12,"turns":5},{"damage":18,"enemies":"Lots of Slimes","floor":14,"turns":4},{"damage":5,"enemies":"Hexaghost","floor":16,"turns":10},{"damage":11,"enemies":"2 Thieves","floor":18,"turns":5},{"damage":17,"enemies":"Spheric Guardian","floor":20,"turns":4},{"damage":15,"enemies":"Snake Plant","floor":24,"turns":4},{"damage":10,"enemies":"3 Cultists","floor":27,"turns":6},{"damage":30,"enemies":"Automaton","floor":33,"turns":8}],"seed_played":"-1660998946578613617","potions_obtained":[{"floor":2,"key":"SneckoOil"},{"floor":4,"key":"GamblersBrew"},{"floor":7,"key":"Weak Potion"},{"floor":16,"key":"SpeedPotion"}],"is_trial":false,"path_per_floor":["M","M","M","M","?","R","E","R","T","$","M","E","?","M","R","B",null,"M","$","M","?","$","R","M","R","T","M","R","?","R","T","R","B"],"character_chosen":"THE_SILENT","items_purchased":["Choke","Backflip"],"campfire_rested":3,"item_purchase_floors":[19,22],"current_hp_per_floor":[59,55,46,46,39,39,30,30,30,30,30,18,23,5,26,21,58,47,47,30,23,23,44,29,50,50,40,40,27,27,27,27,0],"gold":84,"neow_bonus":"ONE_RARE_RELIC","is_prod":false,"is_daily":false,"chose_seed":false,"campfire_upgraded":5,"win_rate":0,"timestamp":1551461040,"path_taken":["M","M","M","M","?","R","E","R","T","$","M","E","?","M","R","BOSS","M","?","?","?","$","R","M","R","T","?","R","?","R","?","R","BOSS"],"build_version":"2019-01-23","purchased_purges":2,"victory":false,"max_hp_per_floor":[70,70,70,70,70,70,70,70,70,70,70,70,70,70,70,70,70,70,70,70,70,70,70,70,70,70,70,70,75,75,75,75,75],"card_choices":[{"not_picked":["Prepared","Dagger Spray"],"picked":"Sucker Punch","floor":1},{"not_picked":["Outmaneuver","Dodge and Roll"],"picked":"Noxious Fumes","floor":2},{"not_picked":["Flying Knee","Dodge and Roll"],"picked":"Calculated Gamble","floor":3},{"not_picked":["Cloak And Dagger","Blade Dance"],"picked":"Footwork","floor":4},{"not_picked":["Terror","Slice"],"picked":"Cloak And Dagger","floor":7},{"not_picked":["Quick Slash","Outmaneuver"],"picked":"Cloak And Dagger","floor":11},{"not_picked":["Heel Hook","Infinite Blades"],"picked":"PiercingWail","floor":12},{"not_picked":["Acrobatics","Outmaneuver"],"picked":"Dagger Throw","floor":14},{"not_picked":["Storm of Steel","Unload"],"picked":"Venomology","floor":16},{"not_picked":["Underhanded Strike","PiercingWail"],"picked":"Dodge and Roll","floor":18},{"not_picked":["Deadly Poison","Poisoned Stab"],"picked":"Catalyst","floor":20},{"not_picked":["Finisher","Backflip"],"picked":"Blade Dance+1","floor":24},{"not_picked":["Slice","Cloak And Dagger","Poisoned Stab"],"picked":"SKIP","floor":27},{"not_picked":["Slice","Cloak And Dagger"],"picked":"Poisoned Stab","floor":27}],"player_experience":738415,"relics_obtained":[{"floor":7,"key":"Bronze Scales"},{"floor":9,"key":"Boot"},{"floor":12,"key":"Ancient Tea Set"},{"floor":26,"key":"Tiny Chest"},{"floor":31,"key":"Ornamental Fan"}],"event_choices":[{"damage_healed":0,"gold_gain":0,"player_choice":"Fled","damage_taken":7,"max_hp_gain":0,"max_hp_loss":0,"event_name":"Scrap Ooze","floor":5,"gold_loss":0},{"cards_removed":["Cloak And Dagger"],"damage_healed":5,"gold_gain":0,"player_choice":"Offered Common","damage_taken":0,"max_hp_gain":0,"max_hp_loss":0,"event_name":"Bonfire Elementals","floor":13,"gold_loss":0},{"cards_removed":["Cloak And Dagger"],"damage_healed":5,"gold_gain":0,"player_choice":"Offered Special","damage_taken":0,"max_hp_gain":0,"max_hp_loss":0,"event_name":"Bonfire Elementals","floor":13,"gold_loss":0},{"damage_healed":0,"gold_gain":0,"player_choice":"Damaged","damage_taken":7,"max_hp_gain":0,"max_hp_loss":0,"event_name":"Wheel of Change","floor":21,"gold_loss":0},{"damage_healed":0,"gold_gain":0,"player_choice":"Shed Blood","damage_taken":18,"max_hp_gain":5,"max_hp_loss":0,"event_name":"Forgotten Altar","floor":29,"gold_loss":0}],"is_beta":false,"boss_relics":[{"not_picked":["Snecko Eye","Runic Dome"],"picked":"Sozu"}],"items_purged_floors":[10,19],"is_endless":false,"potions_floor_spawned":[2,4,7,16,20,27],"killed_by":"Automaton","ascension_level":13}