{"path_per_floor":["M","?","M","M","?","E","R","M","T","R","E","?","$","$","R","B",null,"M","M","M","$","?","R","E","M","T","R","E","?","M","?","R","B",null,"M","$","?","?","?","R","M","M","T","M","R","E","$","?","R","B"],"character_chosen":"THE_SILENT","items_purchased":["Apotheosis","Predator","Lantern","Bag of Preparation","Noxious Fumes","Footwork"],"gold_per_floor":[118,118,132,144,144,177,177,187,487,487,515,515,34,34,34,132,132,142,154,164,20,20,20,51,71,71,71,97,97,117,32,32,137,137,149,9,9,9,9,9,28,38,65,84,84,111,45,0,0,0],"floor_reached":51,"campfire_rested":9,"playtime":8558,"current_hp_per_floor":[66,66,55,53,41,1,22,8,8,29,18,4,4,4,25,10,70,65,62,46,46,46,67,28,28,28,49,27,27,27,27,48,33,70,54,54,44,44,44,65,57,43,43,30,51,51,51,51,70,39],"items_purged":["Regret","Strike_G"],"gold":0,"play_id":"9b1f50e2-6473-48c6-8c95-8fae17333d48","is_prod":false,"is_daily":false,"campfire_rituals":0,"campfire_upgraded":0,"is_hardmode":false,"path_taken":["M","?","?","M","?","E","R","M","T","R","E","?","?","$","R","BOSS","M","?","M","$","?","R","E","M","T","R","E","?","M","?","R","BOSS","M","$","?","?","?","R","M","?","T","M","R","E","$","?","R","BOSS"],"build_version":"2018-01-11-PROD2","purchased_purges":2,"victory":true,"master_deck":["Defend_G","Defend_G","Defend_G","Defend_G","Defend_G","Strike_G","Strike_G","Strike_G","Strike_G","Survivor","Neutralize","Burst","Acrobatics","Dash","Dagger Spray","Noxious Fumes","Apotheosis","Predator","Die Die Die","Backflip","Predator","Backflip","Deflect","Outmaneuver","Backflip","Venomology","Footwork","Noxious Fumes","Madness","Well Laid Plans","Noxious Fumes","Footwork"],"max_hp_per_floor":[70,70,70,70,70,70,70,70,70,70,70,70,70,70,70,70,70,70,70,70,70,70,70,70,70,70,70,70,70,70,70,70,70,70,70,70,70,70,70,70,70,70,70,70,70,70,70,70,70,70],"relics":["Question Card","Mummified Hand","Frozen Eye","Centennial Puzzle","Old Coin","Bag of Marbles","Lantern","The Specimen","Bag of Preparation","Mercury Hourglass","Prayer Wheel","Ancient Tea Set","Velvet Choker","Juzu Bracelet","The Courier","Red Mask"],"campfire_meditates":0,"card_choices":[{"not_picked":["Prepared","PiercingWail","Reflex"],"picked":"Burst"},{"not_picked":["Choke","Eviscerate","Dodge and Roll"],"picked":"Acrobatics"},{"not_picked":["Eviscerate","Cloak And Dagger","Outmaneuver"],"picked":"Dash"},{"not_picked":["Outmaneuver","Flying Knee","Catalyst"],"picked":"Dagger Spray"},{"not_picked":["Terror","All Out Attack","Infinite Blades"],"picked":"Noxious Fumes"},{"not_picked":["Envenom","A Thousand Cuts","Burst"],"picked":"Die Die Die"},{"not_picked":["Sucker Punch","Dagger Spray","Endless Agony"],"picked":"Backflip"},{"not_picked":["Escape Plan","Outmaneuver","Cloak And Dagger"],"picked":"Predator"},{"not_picked":["Endless Agony","Dagger Spray","Infinite Blades"],"picked":"Backflip"},{"not_picked":["Quick Slash","Deadly Poison","Calculated Gamble"],"picked":"Deflect"},{"not_picked":["Corpse Explosion","Backflip","Skewer"],"picked":"Outmaneuver"},{"not_picked":["Skewer","Calculated Gamble","Quick Slash"],"picked":"Backflip"},{"not_picked":["After Image","Corpse Explosion","Envenom"],"picked":"Venomology"},{"not_picked":["Slice","Sucker Punch","Dagger Spray"],"picked":"Footwork"},{"not_picked":["Bane","Reflex","Underhanded Strike"],"picked":"Well Laid Plans"},{"not_picked":["Outmaneuver","Underhanded Strike","Acrobatics"],"picked":"Noxious Fumes"}],"player_experience":174884,"potions_floor_usage":[6,11,11,33,33,33,42,42,46,50,50],"damage_taken":[{"damage":4,"enemies":"Cultist","floor":1,"turns":5},{"damage":11,"enemies":"Small Slimes","floor":3,"turns":6},{"damage":2,"enemies":"Jaw Worm","floor":4,"turns":6},{"damage":40,"enemies":"Lagavulin","floor":6,"turns":11},{"damage":14,"enemies":"Lots of Slimes","floor":8,"turns":8},{"damage":11,"enemies":"3 Sentries","floor":11,"turns":4},{"damage":15,"enemies":"Hexaghost","floor":16,"turns":11},{"damage":5,"enemies":"3 Byrds","floor":18,"turns":4},{"damage":3,"enemies":"2 Thieves","floor":19,"turns":3},{"damage":16,"enemies":"Snake Plant","floor":20,"turns":4},{"damage":39,"enemies":"Gremlin Leader","floor":24,"turns":6},{"damage":0,"enemies":"3 Cultists","floor":25,"turns":4},{"damage":22,"enemies":"Slavers","floor":28,"turns":6},{"damage":0,"enemies":"Centurion and Healer","floor":30,"turns":5},{"damage":15,"enemies":"Collector","floor":33,"turns":10},{"damage":16,"enemies":"3 Darklings","floor":35,"turns":4},{"damage":8,"enemies":"3 Shapes","floor":41,"turns":3},{"damage":14,"enemies":"Sphere and 2 Shapes","floor":42,"turns":6},{"damage":13,"enemies":"Maw","floor":44,"turns":8},{"damage":0,"enemies":"Giant Head","floor":46,"turns":9},{"damage":31,"enemies":"Awakened One","floor":50,"turns":14}],"event_choices":[{"event_name":"Big Fish","player_choice":"Box","floor":2,"damage_taken":0},{"event_name":"Scrap Ooze","player_choice":"success","floor":5,"damage_taken":12},{"event_name":"Shining Light","player_choice":"Entered Light","floor":12,"damage_taken":0},{"event_name":"Upgrade Shrine","player_choice":"Upgraded","floor":22,"damage_taken":0},{"event_name":"Drug Dealer","player_choice":"Ignored","floor":29,"damage_taken":0},{"event_name":"Addict","player_choice":"Obtained Relic","floor":31,"damage_taken":0},{"event_name":"Winding Halls","player_choice":"Embrace Madness","floor":37,"damage_taken":0},{"event_name":"Mysterious Sphere","player_choice":"Ignore","floor":39,"damage_taken":0},{"event_name":"Tomb of Lord Red Mask","player_choice":"Paid","floor":48,"damage_taken":0}],"boss_relics":[{"not_picked":["Pandora\u0027s Box","Runic Pyramid"],"picked":"The Specimen"},{"not_picked":["Orrery","Black Star"],"picked":"Velvet Choker"}],"potions_floor_spawned":[4,6,8,19,25,28,35,42,44],"seed_played":"4911069861142364729","is_trial":false}