{"gold_per_floor":[117,129,147,41,57,7,7,23,23,23,43,58,58,77,77,77],"floor_reached":16,"playtime":1992,"items_purged":[],"score":96,"play_id":"7e534158-eff4-403f-8f19-7876aba406b4","local_time":"20180929003323","is_ascension_mode":false,"campfire_choices":[{"data":"Prepared","floor":7,"key":"SMITH"},{"floor":13,"key":"REST"},{"data":"Calculated Gamble","floor":15,"key":"SMITH"}],"neow_cost":"","seed_source_timestamp":50090798441326,"circlet_count":0,"master_deck":["Defend_G","Defend_G","Defend_G","Defend_G","Defend_G","Strike_G","Strike_G","Strike_G","Strike_G","Survivor","Neutralize","Footwork","Prepared+1","Noxious Fumes","Blur","Footwork","Reflex","Outmaneuver","Backflip","Outmaneuver","Calculated Gamble+1"],"relics":["Ring of the Snake","Frozen Egg 2","Sundial"],"potions_floor_usage":[8,16,16],"damage_taken":[{"damage":2,"enemies":"Small Slimes","floor":1,"turns":4},{"damage":0,"enemies":"2 Louse","floor":2,"turns":4},{"damage":0,"enemies":"Cultist","floor":3,"turns":5},{"damage":2,"enemies":"Large Slime","floor":5,"turns":11},{"damage":29,"enemies":"Exordium Thugs","floor":8,"turns":8},{"damage":12,"enemies":"Gremlin Gang","floor":11,"turns":6},{"damage":0,"enemies":"2 Fungi Beasts","floor":12,"turns":8},{"damage":1,"enemies":"Exordium Wildlife","floor":14,"turns":8},{"damage":45,"enemies":"Hexaghost","floor":16,"turns":11}],"seed_played":"6314353596657964919","potions_obtained":[{"floor":1,"key":"Ancient Potion"},{"floor":2,"key":"Explosive Potion"},{"floor":11,"key":"LiquidBronze"},{"floor":12,"key":"PowerPotion"}],"is_trial":false,"path_per_floor":["M","M","M","$","M","?","R","M","T","?","M","M","R","M","R"],"character_chosen":"THE_SILENT","items_purchased":["Blur","Footwork"],"campfire_rested":1,"item_purchase_floors":[4,4],"current_hp_per_floor":[68,68,68,68,66,66,66,37,37,37,25,25,46,45,45,0],"gold":77,"neow_bonus":"","is_prod":false,"is_daily":false,"chose_seed":false,"campfire_upgraded":2,"win_rate":0,"timestamp":1538170403,"path_taken":["M","M","M","$","M","?","R","M","T","?","?","M","R","M","R","BOSS"],"build_version":"2018-09-27","purchased_purges":0,"victory":false,"max_hp_per_floor":[70,70,70,70,70,70,70,70,70,70,70,70,70,70,70,70],"card_choices":[{"not_picked":["Riddle With Holes","Dagger Throw"],"picked":"Footwork","floor":1},{"not_picked":["Quick Slash","Sucker Punch"],"picked":"Prepared","floor":2},{"not_picked":["Flechettes","Skewer"],"picked":"Noxious Fumes","floor":3},{"not_picked":["Footwork","Choke"],"picked":"Reflex","floor":5},{"not_picked":["Bane","Sucker Punch"],"picked":"Outmaneuver","floor":8},{"not_picked":["Dagger Throw","Cloak And Dagger"],"picked":"Backflip","floor":11},{"not_picked":["Prepared","Footwork+1"],"picked":"Outmaneuver","floor":12},{"not_picked":["Reflex","Catalyst"],"picked":"Calculated Gamble","floor":14}],"player_experience":150848,"relics_obtained":[{"floor":9,"key":"Frozen Egg 2"}],"event_choices":[{"event_name":"The Cleric","player_choice":"Card Removal","floor":6,"damage_taken":0},{"event_name":"WeMeetAgain","player_choice":"Potion","floor":10,"damage_taken":0}],"is_beta":false,"boss_relics":[],"items_purged_floors":[],"is_endless":false,"potions_floor_spawned":[1,2,11,12],"killed_by":"Hexaghost","ascension_level":0}