{"gold_per_floor":[110,110,120,70,81,81,6,37,94,126,138,138,201,227,239,354,366,394,406,429,441,10,41,54,54,100,100,100,8,8,20,20,20],"floor_reached":33,"playtime":1738,"items_purged":["Strike_R","Injury"],"score":396,"play_id":"87ba8630-7b3e-471f-ba3e-8bb82cb50d6c","local_time":"20180803040813","is_ascension_mode":true,"campfire_choices":[{"data":"Seeing Red","floor":6,"key":"SMITH"},{"floor":15,"key":"REST"},{"floor":30,"key":"REST"},{"floor":32,"key":"REST"}],"neow_cost":"NONE","seed_source_timestamp":307215031019527,"circlet_count":0,"master_deck":["Strike_R","Strike_R","Strike_R","Defend_R","Defend_R","Defend_R","Bash","Feel No Pain","Inflame","Seeing Red+1","Warcry","Feed","Heavy Blade","Dark Embrace","Metallicize","Bandage Up","Sever Soul","Reaper","Purity","Disarm"],"relics":["Burning Blood","Red Skull","Oddly Smooth Stone","Vajra","Tiny Chest","Blood Vial","MawBank","Cursed Key","Darkstone Periapt","Matryoshka","Paper Frog","Pen Nib","Ancient Tea Set","Art of War","Nloth\u0027s Gift"],"potions_floor_usage":[8,16,16,16,20],"damage_taken":[{"damage":6,"enemies":"Cultist","floor":1,"turns":3},{"damage":8,"enemies":"Small Slimes","floor":3,"turns":5},{"damage":5,"enemies":"Jaw Worm","floor":5,"turns":4},{"damage":22,"enemies":"Lagavulin","floor":8,"turns":7},{"damage":46,"enemies":"Gremlin Nob","floor":10,"turns":5},{"damage":10,"enemies":"3 Louse","floor":11,"turns":3},{"damage":12,"enemies":"3 Sentries","floor":13,"turns":9},{"damage":6,"enemies":"Exordium Wildlife","floor":14,"turns":2},{"damage":0,"enemies":"Slime Boss","floor":16,"turns":8},{"damage":41,"enemies":"Spheric Guardian","floor":18,"turns":6},{"damage":42,"enemies":"3 Byrds","floor":20,"turns":6},{"damage":51,"enemies":"Slavers","floor":23,"turns":6},{"damage":24,"enemies":"Cultist and Chosen","floor":24,"turns":6},{"damage":49,"enemies":"3 Cultists","floor":31,"turns":6},{"damage":95,"enemies":"Automaton","floor":33,"turns":10}],"seed_played":"-2086739571612069458","potions_obtained":[{"floor":1,"key":"Poison Potion"},{"floor":10,"key":"Fire Potion"},{"floor":11,"key":"Block Potion"},{"floor":13,"key":"Ancient Potion"},{"floor":13,"key":"Strength Potion"},{"floor":18,"key":"Strength Potion"},{"floor":23,"key":"FairyPotion"}],"is_trial":false,"path_per_floor":["M","T","M","?","M","R","$","E","T","E","M","?","?","M","R","B",null,"M","T","M","?","$","E","M","T","T","?","?","$","R","M","R"],"character_chosen":"IRONCLAD","items_purchased":["Matryoshka","Bandage Up","Purity"],"campfire_rested":3,"item_purchase_floors":[22,22,29],"current_hp_per_floor":[80,80,78,78,79,79,79,63,63,23,21,21,20,25,50,58,86,51,51,20,49,49,13,15,15,15,15,15,15,42,32,60,0],"gold":20,"neow_bonus":"RANDOM_COMMON_RELIC","is_prod":false,"is_daily":false,"chose_seed":false,"campfire_upgraded":1,"win_rate":0,"timestamp":1533258493,"path_taken":["M","?","M","?","M","R","?","E","T","E","M","?","?","M","R","BOSS","M","?","M","?","$","E","?","?","T","?","?","?","R","M","R","BOSS"],"build_version":"2018-08-02","purchased_purges":2,"victory":false,"max_hp_per_floor":[80,80,80,80,80,80,80,80,80,80,80,80,83,86,86,86,86,86,86,89,89,89,92,92,92,92,92,92,92,92,95,95,95],"card_choices":[{"not_picked":["Perfected Strike","Body Slam"],"picked":"Feel No Pain","floor":1},{"not_picked":["Flex","Rage"],"picked":"Inflame","floor":3},{"not_picked":["Shrug It Off","Spot Weakness"],"picked":"Seeing Red","floor":5},{"not_picked":["Evolve","Flex"],"picked":"Warcry","floor":8},{"not_picked":["Entrench","Anger","Twin Strike"],"picked":"SKIP","floor":10},{"not_picked":["Sword Boomerang","Perfected Strike"],"picked":"Feed","floor":11},{"not_picked":["Rage","Clothesline"],"picked":"Heavy Blade","floor":14},{"not_picked":["Fiend Fire","Juggernaut"],"picked":"Dark Embrace","floor":16},{"not_picked":["Dual Wield","Clothesline","Havoc"],"picked":"SKIP","floor":18},{"not_picked":["Inflame","Armaments"],"picked":"Metallicize","floor":20},{"not_picked":["Combust","Headbutt"],"picked":"Sever Soul","floor":23},{"not_picked":["Perfected Strike","Havoc","Body Slam"],"picked":"SKIP","floor":24},{"not_picked":["Power Through","Sword Boomerang"],"picked":"Disarm","floor":31}],"player_experience":166798,"relics_obtained":[{"floor":2,"key":"Oddly Smooth Stone"},{"floor":8,"key":"Vajra"},{"floor":9,"key":"Tiny Chest"},{"floor":10,"key":"Blood Vial"},{"floor":13,"key":"MawBank"},{"floor":19,"key":"Darkstone Periapt"},{"floor":23,"key":"Omamori"},{"floor":25,"key":"Paper Frog"},{"floor":25,"key":"Pen Nib"},{"floor":26,"key":"Ancient Tea Set"},{"floor":26,"key":"Art of War"}],"event_choices":[{"event_name":"The Cleric","player_choice":"Card Removal","floor":4,"damage_taken":0},{"event_name":"Liars Game","player_choice":"disagreed","floor":12,"damage_taken":0},{"event_name":"Dead Adventurer","player_choice":"Searched \u00272\u0027 times","floor":13,"damage_taken":0},{"event_name":"The Library","player_choice":"Heal","floor":21,"damage_taken":0},{"event_name":"Transmorgrifier","player_choice":"Transform","floor":27,"damage_taken":0},{"event_name":"N\u0027loth","player_choice":"Traded a Omamori","floor":28,"damage_taken":0}],"is_beta":false,"boss_relics":[{"not_picked":["Runic Pyramid","Mark of Pain"],"picked":"Cursed Key"}],"items_purged_floors":[7,22],"is_endless":false,"potions_floor_spawned":[1,10,11,13,13,14,18,23],"killed_by":"Automaton","ascension_level":3}