{"gold_per_floor":[111,35,135,153,168,168,195,195,219,250,250,282,282,295,295,390,390,409,509,210,210,228,228,260,273,273,273,287,47,47],"floor_reached":30,"playtime":1293,"items_purged":["Strike_B"],"score":346,"play_id":"e78398df-5593-4452-be6f-056eb6818aed","local_time":"20180930024032","is_ascension_mode":true,"campfire_choices":[{"data":"Doom and Gloom","floor":6,"key":"SMITH"},{"data":"Loop","floor":8,"key":"SMITH"},{"data":"Scrape","floor":11,"key":"SMITH"},{"data":"Beam Cell","floor":13,"key":"SMITH"},{"data":"Glacier","floor":15,"key":"SMITH"},{"floor":23,"key":"REST"},{"data":"Hologram","floor":27,"key":"SMITH"}],"neow_cost":"TEN_PERCENT_HP_LOSS","seed_source_timestamp":17405901181868,"circlet_count":0,"master_deck":["Strike_B","Strike_B","Strike_B","Defend_B","Defend_B","Defend_B","Defend_B","Zap","Dualcast","Loop+1","Scrape+1","Doom and Gloom+1","BootSequence","Glacier+1","Beam Cell+1","Conserve Battery","Gash","Compile Driver","Compile Driver","Gash","All For One","Chill","Redo+1","Capacitor","Hologram+1","Echo Form","Hologram+1","Regret","Reprogram"],"relics":["Cracked Core","Prayer Wheel","Art of War","Pen Nib","Orichalcum","WingedGreaves","Cursed Key","Ice Cream","Kunai","Blood Vial","MutagenicStrength","Mango","Dodecahedron","Pantograph"],"potions_floor_usage":[16,19,24,25,30],"damage_taken":[{"damage":0,"enemies":"2 Louse","floor":1,"turns":1},{"damage":1,"enemies":"Cultist","floor":4,"turns":4},{"damage":0,"enemies":"Jaw Worm","floor":5,"turns":3},{"damage":3,"enemies":"Lagavulin","floor":7,"turns":5},{"damage":18,"enemies":"3 Sentries","floor":10,"turns":4},{"damage":6,"enemies":"Gremlin Nob","floor":12,"turns":4},{"damage":0,"enemies":"2 Fungi Beasts","floor":14,"turns":2},{"damage":17,"enemies":"Slime Boss","floor":16,"turns":7},{"damage":17,"enemies":"2 Thieves","floor":18,"turns":3},{"damage":0,"enemies":"Colosseum Slavers","floor":19,"turns":3},{"damage":18,"enemies":"Colosseum Nobs","floor":19,"turns":3},{"damage":0,"enemies":"3 Byrds","floor":22,"turns":4},{"damage":8,"enemies":"Book of Stabbing","floor":24,"turns":5},{"damage":3,"enemies":"Sentry and Sphere","floor":25,"turns":3},{"damage":4,"enemies":"Shelled Parasite and Fungi","floor":28,"turns":3},{"damage":53,"enemies":"Slavers","floor":30,"turns":4}],"seed_played":"593871338662737718","potions_obtained":[{"floor":1,"key":"Block Potion"},{"floor":4,"key":"Block Potion"},{"floor":10,"key":"Fire Potion"},{"floor":18,"key":"GamblersBrew"},{"floor":19,"key":"AttackPotion"},{"floor":24,"key":"LiquidBronze"}],"is_trial":false,"path_per_floor":["M","$","?","M","M","R","E","R","T","E","R","E","R","M","R","B",null,"M","?","$","?","M","R","E","M","T","R","M","$"],"character_chosen":"DEFECT","items_purchased":["Doom and Gloom","Blood Vial","Capacitor","Pantograph"],"campfire_rested":1,"item_purchase_floors":[2,20,20,29],"current_hp_per_floor":[68,68,68,67,67,67,64,64,64,46,46,40,40,40,40,23,57,40,22,22,22,24,44,52,51,51,51,49,49,0],"gold":47,"neow_bonus":"ONE_RARE_RELIC","is_prod":false,"is_daily":false,"chose_seed":false,"campfire_upgraded":6,"win_rate":0,"timestamp":1538289632,"path_taken":["M","$","?","M","M","R","E","R","T","E","R","E","R","M","R","BOSS","M","?","$","?","M","R","E","M","T","R","M","$","E"],"build_version":"2018-09-27","purchased_purges":1,"victory":false,"max_hp_per_floor":[68,68,68,68,68,68,68,68,68,68,68,68,68,68,68,68,68,68,68,68,68,68,68,82,82,82,82,82,82,82],"card_choices":[{"not_picked":["Leap","Conserve Battery"],"picked":"Loop","floor":1},{"not_picked":["Self Repair","Coolheaded"],"picked":"Scrape","floor":1},{"not_picked":["Thunder Strike","Scrape"],"picked":"BootSequence","floor":4},{"not_picked":["Storm","Sweeping Beam"],"picked":"Glacier","floor":4},{"not_picked":["Turbo","Sweeping Beam"],"picked":"Beam Cell","floor":5},{"not_picked":["Self Repair","Scrape"],"picked":"Conserve Battery","floor":5},{"not_picked":["Hologram","Hello World"],"picked":"Gash","floor":7},{"not_picked":["Barrage","Conserve Battery"],"picked":"Compile Driver","floor":10},{"not_picked":["Gash","Coolheaded"],"picked":"Compile Driver","floor":12},{"not_picked":["Glacier","Heatsinks"],"picked":"Gash","floor":14},{"not_picked":["Stack","Consume","Compile Driver"],"picked":"SKIP","floor":14},{"not_picked":["Multi-Cast","Fission"],"picked":"All For One","floor":16},{"not_picked":["Stack","Streamline"],"picked":"Chill","floor":18},{"not_picked":["Recycle","Turbo","Leap"],"picked":"SKIP","floor":18},{"not_picked":["Streamline","Beam Cell"],"picked":"Redo+1","floor":19},{"not_picked":["Force Field","Turbo"],"picked":"Hologram","floor":22},{"not_picked":["Scrape","Leap","Blizzard"],"picked":"SKIP","floor":22},{"not_picked":["White Noise+1","Loop"],"picked":"Echo Form","floor":24},{"not_picked":["Beam Cell","Compile Driver"],"picked":"Hologram+1","floor":25},{"not_picked":["Force Field","Streamline+1","Rebound"],"picked":"SKIP","floor":25},{"not_picked":["Ball Lightning+1","Sweeping Beam"],"picked":"Reprogram","floor":28},{"not_picked":["Cold Snap","Streamline","Redo"],"picked":"SKIP","floor":28}],"player_experience":624933,"relics_obtained":[{"floor":7,"key":"Art of War"},{"floor":9,"key":"Pen Nib"},{"floor":10,"key":"Orichalcum"},{"floor":12,"key":"WingedGreaves"},{"floor":19,"key":"Ice Cream"},{"floor":19,"key":"Kunai"},{"floor":24,"key":"Mango"},{"floor":26,"key":"Dodecahedron"}],"event_choices":[{"event_name":"Wheel of Change","player_choice":"Gold","floor":3,"damage_taken":0},{"event_name":"Colosseum","player_choice":"Fight","floor":19,"damage_taken":0},{"event_name":"Colosseum","player_choice":"Fought Nobs","floor":19,"damage_taken":0},{"event_name":"Drug Dealer","player_choice":"Inject Mutagens","floor":21,"damage_taken":0}],"is_beta":false,"boss_relics":[{"not_picked":["Lizard Tail","Calling Bell"],"picked":"Cursed Key"}],"items_purged_floors":[20],"is_endless":false,"potions_floor_spawned":[1,4,10,14,18,19,24],"killed_by":"Slavers","ascension_level":6}