{"gold_per_floor":[112,129,3,3,3,38,38,65,65,65,76,91,103,122,122,199,199,212,192,206,79,93,93,103,103,127,143,159,209,209,222,222,222],"floor_reached":33,"playtime":1501,"items_purged":["Strike_B"],"score":558,"play_id":"1195257a-381b-4d3a-99e1-bdf5e2028c6e","local_time":"20190305204736","is_ascension_mode":true,"campfire_choices":[{"data":"Zap","floor":7,"key":"SMITH"},{"floor":15,"key":"REST"},{"floor":23,"key":"REST"},{"data":"Biased Cognition","floor":25,"key":"SMITH"},{"floor":32,"key":"REST"}],"neow_cost":"NONE","seed_source_timestamp":1631536165035708,"circlet_count":0,"master_deck":["AscendersBane","Strike_B","Strike_B","Defend_B","Defend_B","Defend_B","Defend_B","Zap+1","Dualcast","FTL","Loop","Cold Snap","Go for the Eyes","Coolheaded","Redo","Go for the Eyes","Auto Shields","Leap","Biased Cognition+1","Doom and Gloom","Ball Lightning","Ball Lightning","Genetic Algorithm","Decay","Compile Driver","Writhe"],"relics":["Cracked Core","NeowsBlessing","Anchor","Bronze Scales","Ginger","Singing Bowl","Cursed Key","Potion Belt","Pantograph"],"potions_floor_usage":[15,31,31],"damage_taken":[{"damage":0,"enemies":"Cultist","floor":1,"turns":1},{"damage":0,"enemies":"Jaw Worm","floor":2,"turns":1},{"damage":0,"enemies":"Lagavulin","floor":6,"turns":1},{"damage":37,"enemies":"3 Sentries","floor":8,"turns":6},{"damage":0,"enemies":"2 Louse","floor":11,"turns":2},{"damage":0,"enemies":"Red Slaver","floor":12,"turns":2},{"damage":5,"enemies":"Lots of Slimes","floor":13,"turns":3},{"damage":0,"enemies":"2 Fungi Beasts","floor":14,"turns":3},{"damage":36,"enemies":"Slime Boss","floor":16,"turns":17},{"damage":14,"enemies":"Shell Parasite","floor":18,"turns":6},{"damage":13,"enemies":"3 Byrds","floor":20,"turns":3},{"damage":9,"enemies":"Centurion and Healer","floor":22,"turns":8},{"damage":7,"enemies":"Snake Plant","floor":24,"turns":3},{"damage":31,"enemies":"3 Cultists","floor":27,"turns":5},{"damage":6,"enemies":"Centurion and Healer","floor":28,"turns":6},{"damage":7,"enemies":"Snecko","floor":31,"turns":6},{"damage":62,"enemies":"Automaton","floor":33,"turns":6}],"seed_played":"3482059294286503272","potions_obtained":[{"floor":2,"key":"Energy Potion"},{"floor":8,"key":"SteroidPotion"},{"floor":14,"key":"Fruit Juice"},{"floor":18,"key":"Block Potion"},{"floor":27,"key":"Dexterity Potion"}],"is_trial":false,"path_per_floor":["M","M","$","?","$","E","R","E","T","?","M","M","M","M","R","B",null,"M","?","M","$","M","R","M","R","T","M","M","?","?","M","R","B"],"character_chosen":"DEFECT","items_purchased":["Loop","Cold Snap","Ball Lightning"],"campfire_rested":3,"item_purchase_floors":[3,3,21],"current_hp_per_floor":[64,64,64,59,59,59,59,22,22,22,22,24,19,19,47,11,61,47,47,34,34,25,48,43,43,43,12,8,8,8,3,28,0],"gold":222,"neow_bonus":"THREE_ENEMY_KILL","is_prod":false,"is_daily":false,"chose_seed":false,"campfire_upgraded":2,"win_rate":0,"timestamp":1551840456,"path_taken":["M","M","$","?","$","E","R","E","T","?","M","M","M","M","R","BOSS","M","?","M","$","M","R","?","R","T","M","?","?","?","M","R","BOSS"],"build_version":"2019-01-23","purchased_purges":1,"victory":false,"max_hp_per_floor":[71,71,71,71,71,71,71,71,71,71,71,73,73,73,78,78,78,78,78,78,78,78,78,80,80,80,80,82,82,82,84,84,84],"card_choices":[{"not_picked":["Stack","Leap"],"picked":"FTL","floor":1},{"not_picked":["Skim","Gash","Rebound"],"picked":"SKIP","floor":2},{"not_picked":["Beam Cell","Sweeping Beam"],"picked":"Go for the Eyes","floor":6},{"not_picked":["Gash","Redo"],"picked":"Coolheaded","floor":8},{"not_picked":["Hologram","Amplify"],"picked":"Go for the Eyes","floor":11},{"not_picked":["Reprogram","Go for the Eyes","FTL"],"picked":"Singing Bowl","floor":12},{"not_picked":["Beam Cell","Rip and Tear"],"picked":"Auto Shields","floor":13},{"not_picked":["Barrage","Storm"],"picked":"Leap","floor":14},{"not_picked":["All For One","Buffer"],"picked":"Biased Cognition","floor":16},{"not_picked":["Recycle","Cold Snap"],"picked":"Doom and Gloom","floor":18},{"not_picked":["Stack","Skim"],"picked":"Ball Lightning","floor":20},{"not_picked":["Rebound+1","Double Energy"],"picked":"Genetic Algorithm","floor":22},{"not_picked":["Undo","Ball Lightning","Gash"],"picked":"Singing Bowl","floor":24},{"not_picked":["Rebound","Leap"],"picked":"Compile Driver","floor":27},{"not_picked":["Hologram","Ball Lightning","Static Discharge+1"],"picked":"Singing Bowl","floor":28},{"not_picked":["Redo+1","Beam Cell","Fusion"],"picked":"Singing Bowl","floor":31}],"player_experience":567925,"relics_obtained":[{"floor":6,"key":"Bronze Scales"},{"floor":8,"key":"Ginger"},{"floor":9,"key":"Singing Bowl"},{"floor":26,"key":"Potion Belt"}],"event_choices":[{"damage_healed":0,"gold_gain":0,"player_choice":"Success","damage_taken":5,"relics_obtained":["Anchor"],"max_hp_gain":0,"max_hp_loss":0,"event_name":"Scrap Ooze","floor":4,"gold_loss":0},{"damage_healed":0,"gold_gain":0,"cards_transformed":["Strike_B"],"player_choice":"Change","damage_taken":0,"max_hp_gain":0,"max_hp_loss":0,"event_name":"Living Wall","floor":10,"gold_loss":0,"cards_obtained":["Redo"]},{"damage_healed":0,"gold_gain":0,"player_choice":"Bought 1 Potion","damage_taken":0,"max_hp_gain":0,"max_hp_loss":0,"event_name":"The Woman in Blue","floor":19,"gold_loss":0},{"damage_healed":0,"gold_gain":50,"player_choice":"Stole From Cult","damage_taken":0,"max_hp_gain":0,"max_hp_loss":0,"event_name":"Nest","floor":29,"gold_loss":0},{"damage_healed":0,"gold_gain":0,"player_choice":"Opened","damage_taken":0,"relics_obtained":["Pantograph"],"max_hp_gain":0,"max_hp_loss":0,"event_name":"The Mausoleum","floor":30,"gold_loss":0,"cards_obtained":["Writhe"]}],"is_beta":false,"boss_relics":[{"not_picked":["Pandora\u0027s Box","Velvet Choker"],"picked":"Cursed Key"}],"items_purged_floors":[21],"is_endless":false,"potions_floor_spawned":[2,8,13,14,18,27],"killed_by":"Automaton","ascension_level":19}