{"gold_per_floor":[119,63,74,39,50,50,75,90,90,90,150,160,160],"floor_reached":13,"playtime":554,"items_purged":[],"score":176,"play_id":"1662bbca-b23e-4d1d-bba8-09416137192a","local_time":"20190305014915","is_ascension_mode":true,"campfire_choices":[{"data":"Dagger Spray","floor":6,"key":"SMITH"}],"neow_cost":"NONE","seed_source_timestamp":93414197498074,"circlet_count":0,"master_deck":["AscendersBane","Defend_G","Defend_G","Defend_G","Defend_G","Defend_G","Strike_G","Strike_G+1","Strike_G","Strike_G","Strike_G","Survivor","Neutralize","Wraith Form v2","Dagger Spray+1","Cloak And Dagger","Leg Sweep","Infinite Blades","Unload","Terror+1","A Thousand Cuts","Deflect"],"relics":["Ring of the Snake","Question Card","Singing Bowl","Tiny Chest"],"potions_floor_usage":[7,12],"damage_taken":[{"damage":2,"enemies":"Cultist","floor":1,"turns":6},{"damage":4,"enemies":"2 Louse","floor":3,"turns":3},{"damage":0,"enemies":"Jaw Worm","floor":5,"turns":5},{"damage":10,"enemies":"3 Sentries","floor":7,"turns":8},{"damage":3,"enemies":"Blue Slaver","floor":8,"turns":6},{"damage":15,"enemies":"Gremlin Nob","floor":11,"turns":4},{"damage":11,"enemies":"Gremlin Gang","floor":12,"turns":3},{"damage":12,"enemies":"3 Louse","floor":13,"turns":2}],"seed_played":"3355480757201537516","potions_obtained":[{"floor":5,"key":"EssenceOfSteel"},{"floor":7,"key":"GhostInAJar"}],"is_trial":false,"path_per_floor":["M","$","M","?","M","R","E","M","T","?","E","M","M"],"character_chosen":"THE_SILENT","items_purchased":["Cloak And Dagger"],"campfire_rested":0,"item_purchase_floors":[2],"current_hp_per_floor":[57,57,53,66,66,66,56,53,53,33,18,7,0],"gold":160,"neow_bonus":"ONE_RANDOM_RARE_CARD","is_prod":false,"is_daily":false,"chose_seed":false,"campfire_upgraded":1,"win_rate":0,"timestamp":1551768555,"path_taken":["M","$","M","?","M","R","E","M","T","?","E","M","M"],"build_version":"2019-01-23","purchased_purges":0,"victory":false,"max_hp_per_floor":[66,66,66,66,66,66,66,66,66,66,66,66,66],"card_choices":[{"not_picked":["PiercingWail","Acrobatics"],"picked":"Dagger Spray","floor":1},{"not_picked":["Blade Dance","Sucker Punch"],"picked":"Leg Sweep","floor":3},{"not_picked":["Sucker Punch","Skewer"],"picked":"Infinite Blades","floor":5},{"not_picked":["Outmaneuver","Flying Knee"],"picked":"Unload","floor":7},{"not_picked":["Underhanded Strike","Leg Sweep","Calculated Gamble"],"picked":"Terror","floor":8},{"not_picked":["Masterful Stab","Blur","Noxious Fumes"],"picked":"A Thousand Cuts","floor":11},{"not_picked":["Calculated Gamble","Predator","PiercingWail"],"picked":"Deflect","floor":12}],"player_experience":857243,"relics_obtained":[{"floor":7,"key":"Question Card"},{"floor":9,"key":"Singing Bowl"},{"floor":11,"key":"Tiny Chest"}],"event_choices":[{"damage_healed":16,"gold_gain":0,"player_choice":"Healed","damage_taken":0,"max_hp_gain":0,"max_hp_loss":0,"event_name":"The Cleric","floor":4,"gold_loss":35},{"damage_healed":0,"gold_gain":0,"player_choice":"Entered Light","damage_taken":20,"max_hp_gain":0,"max_hp_loss":0,"event_name":"Shining Light","floor":10,"gold_loss":0,"cards_upgraded":["Terror","Strike_G"]}],"is_beta":false,"boss_relics":[],"items_purged_floors":[],"is_endless":false,"potions_floor_spawned":[5,7],"killed_by":"3 Louse","ascension_level":17}