{"gold_per_floor":[113,132,150,150,163,192,192,192,192,192,192,192,233,252,252,383,383],"floor_reached":17,"playtime":1211,"items_purged":[],"score":165,"play_id":"75afb566-bac4-4151-8c0c-cf49c5c20fdc","local_time":"20190301045158","is_ascension_mode":false,"campfire_choices":[{"data":"Hologram","floor":7,"key":"SMITH"},{"data":"Go for the Eyes","floor":10,"key":"SMITH"},{"data":"Coolheaded","floor":15,"key":"SMITH"}],"neow_cost":"NONE","seed_source_timestamp":61270322915589,"circlet_count":0,"master_deck":["Strike_B","Strike_B","Strike_B","Strike_B","Defend_B","Defend_B","Defend_B","Defend_B","Zap+1","Dualcast","Conserve Battery","FTL","Ball Lightning","Go for the Eyes+1","Hologram+1","Coolheaded+1","Ball Lightning","Hyperbeam"],"relics":["Cracked Core","Smiling Mask","Anchor","Ginger","Golden Idol","Bottled Flame","Vajra"],"potions_floor_usage":[3],"damage_taken":[{"damage":5,"enemies":"Small Slimes","floor":1,"turns":3},{"damage":0,"enemies":"Jaw Worm","floor":2,"turns":3},{"damage":0,"enemies":"2 Louse","floor":3,"turns":2},{"damage":0,"enemies":"Gremlin Gang","floor":5,"turns":5},{"damage":32,"enemies":"Lagavulin","floor":6,"turns":6},{"damage":7,"enemies":"3 Sentries","floor":13,"turns":6},{"damage":0,"enemies":"3 Louse","floor":14,"turns":2},{"damage":19,"enemies":"The Guardian","floor":16,"turns":11}],"seed_played":"-7895533366391538841","potions_obtained":[{"floor":1,"key":"Swift Potion"},{"floor":3,"key":"Fruit Juice"},{"floor":14,"key":"SteroidPotion"}],"is_trial":false,"path_per_floor":["M","M","M","?","M","E","R","?","T","R","?","?","E","M","R","B",null],"character_chosen":"DEFECT","items_purchased":[],"campfire_rested":0,"item_purchase_floors":[],"current_hp_per_floor":[70,70,75,68,68,36,36,36,36,36,36,36,29,29,29,10,10],"gold":383,"neow_bonus":"RANDOM_COMMON_RELIC","is_prod":false,"is_daily":false,"chose_seed":false,"campfire_upgraded":3,"win_rate":0,"timestamp":1551408718,"path_taken":["M","M","M","?","M","E","R","?","T","R","?","?","E","M","R","BOSS"],"build_version":"2019-01-23","purchased_purges":0,"victory":false,"max_hp_per_floor":[75,75,80,80,80,80,80,74,74,74,74,74,74,74,74,74,74],"card_choices":[{"not_picked":["Reinforced Body","Hologram"],"picked":"Conserve Battery","floor":1},{"not_picked":["Leap","Rebound"],"picked":"FTL","floor":2},{"not_picked":["Steam","Skim"],"picked":"Ball Lightning","floor":3},{"not_picked":["Turbo","Chaos"],"picked":"Go for the Eyes","floor":5},{"not_picked":["Turbo","Leap"],"picked":"Hologram","floor":6},{"not_picked":["Core Surge","Hologram"],"picked":"Coolheaded","floor":13},{"not_picked":["Barrage","Steam"],"picked":"Ball Lightning","floor":14},{"not_picked":["Thunder Strike","Electrodynamics"],"picked":"Hyperbeam","floor":16}],"player_experience":548216,"relics_obtained":[{"floor":6,"key":"Ginger"},{"floor":9,"key":"Bottled Flame"},{"floor":13,"key":"Vajra"}],"event_choices":[{"damage_healed":0,"gold_gain":0,"player_choice":"Success","damage_taken":7,"relics_obtained":["Anchor"],"max_hp_gain":0,"max_hp_loss":0,"event_name":"Scrap Ooze","floor":4,"gold_loss":0},{"damage_healed":0,"gold_gain":0,"player_choice":"Lose Max HP","damage_taken":0,"relics_obtained":["Golden Idol"],"max_hp_gain":0,"max_hp_loss":6,"event_name":"Golden Idol","floor":8,"gold_loss":0},{"damage_healed":0,"gold_gain":0,"player_choice":"Grow","damage_taken":0,"max_hp_gain":0,"max_hp_loss":0,"event_name":"Living Wall","floor":11,"gold_loss":0,"cards_upgraded":["Zap"]},{"damage_healed":0,"gold_gain":0,"player_choice":"Ignored","damage_taken":0,"max_hp_gain":0,"max_hp_loss":0,"event_name":"NoteForYourself","floor":12,"gold_loss":0}],"is_beta":false,"boss_relics":[],"items_purged_floors":[],"is_endless":false,"potions_floor_spawned":[1,3,14],"ascension_level":0}