{"gold_per_floor":[117,132,150,150,150,185,185,23,23,39,60,20,20,45,45,171,171,185,209,209,209],"floor_reached":21,"playtime":2934,"items_purged":[],"score":229,"play_id":"957a9957-5783-4fce-b957-0fe1d228d991","local_time":"20190220195902","is_ascension_mode":false,"campfire_choices":[{"floor":7.0,"key":"REST"},{"floor":13.0,"key":"RECALL"},{"data":"Die Die Die","floor":15.0,"key":"SMITH"}],"neow_cost":"NONE","seed_source_timestamp":0,"circlet_count":0,"master_deck":["Defend_G","Defend_G","Defend_G","Defend_G","Strike_G","Strike_G","Strike_G","Strike_G","Strike_G","Survivor","Neutralize","Flechettes","Cloak And Dagger","Poisoned Stab","Dagger Spray","Deadly Poison","Footwork","Die Die Die+1","Outmaneuver+1","Leg Sweep+1","Accuracy","PiercingWail+1","Burst+1","Normality","Pain","Doubt","Bouncing Flask+1","Noxious Fumes"],"special_seed":0,"relics":["Ring of the Snake","Golden Idol","Regal Pillow","Pocketwatch","Toxic Egg 2","Odd Mushroom","Calling Bell","Vajra","Kunai","Calipers","Nilry\u0027s Codex"],"potions_floor_usage":[21],"damage_taken":[{"damage":0.0,"enemies":"Jaw Worm","floor":1.0,"turns":5.0},{"damage":0.0,"enemies":"Small Slimes","floor":2.0,"turns":3.0},{"damage":3.0,"enemies":"2 Louse","floor":3.0,"turns":3.0},{"damage":6.0,"enemies":"Gremlin Nob","floor":6.0,"turns":3.0},{"damage":0.0,"enemies":"Exordium Wildlife","floor":10.0,"turns":2.0},{"damage":0.0,"enemies":"2 Fungi Beasts","floor":11.0,"turns":3.0},{"damage":4.0,"enemies":"The Mushroom Lair","floor":14.0,"turns":2.0},{"damage":0,"enemies":"The Guardian","floor":16,"turns":12},{"damage":23,"enemies":"Shell Parasite","floor":18,"turns":7},{"damage":7,"enemies":"Spheric Guardian","floor":19,"turns":4},{"damage":25,"enemies":"Cultist and Chosen","floor":21,"turns":4}],"seed_played":"1445664356478997189","potions_obtained":[{"floor":1.0,"key":"Poison Potion"},{"floor":2.0,"key":"Explosive Potion"},{"floor":18,"key":"SkillPotion"}],"is_trial":false,"path_per_floor":["M","M","M","?","?","E","R","$","T","M","M","$","R","?","R","B",null,"M","M","?","M"],"character_chosen":"THE_SILENT","items_purchased":["Footwork","Die Die Die","Accuracy"],"campfire_rested":1,"item_purchase_floors":[8,8,12],"current_hp_per_floor":[70,70,67,50,47,41,70,70,70,70,70,70,70,66,66,66,70,47,40,24,0],"gold":209,"neow_bonus":"TRANSFORM_CARD","is_prod":false,"is_daily":false,"chose_seed":false,"campfire_upgraded":1,"win_rate":0,"timestamp":1550721542,"path_taken":["M","M","M","?","?","E","R","$","T","M","M","?","R","?","R","BOSS","M","M","?","M"],"build_version":"2019-01-23","purchased_purges":0,"victory":false,"max_hp_per_floor":[70,70,70,70,70,70,70,70,70,70,70,70,70,70,70,70,70,70,70,70,70],"card_choices":[{"not_picked":["Reflex","Prepared"],"picked":"Cloak And Dagger","floor":1.0},{"not_picked":["Bane","Endless Agony"],"picked":"Poisoned Stab","floor":2.0},{"not_picked":["All Out Attack","Deadly Poison"],"picked":"Dagger Spray","floor":3.0},{"not_picked":["Slice","Doppelganger"],"picked":"Deadly Poison","floor":6.0},{"not_picked":["Prepared+1","Distraction+1"],"picked":"Outmaneuver+1","floor":10.0},{"not_picked":["Deadly Poison+1","Outmaneuver+1"],"picked":"Leg Sweep+1","floor":11.0},{"not_picked":["Endless Agony","Dash"],"picked":"PiercingWail+1","floor":14.0},{"not_picked":["Doppelganger+1","Venomology+1"],"picked":"Burst+1","floor":16},{"not_picked":["Distraction+1","Dagger Throw"],"picked":"Bouncing Flask+1","floor":18},{"not_picked":["Blur+1","Poisoned Stab"],"picked":"Noxious Fumes","floor":19}],"player_experience":185402,"relics_obtained":[{"floor":6.0,"key":"Pocketwatch"},{"floor":9.0,"key":"Toxic Egg 2"},{"floor":14.0,"key":"Odd Mushroom"},{"floor":17,"key":"Vajra"},{"floor":17,"key":"Kunai"},{"floor":17,"key":"Calipers"},{"floor":20,"key":"Nilry\u0027s Codex"}],"event_choices":[{"damage_healed":0.0,"max_hp_gain":0.0,"max_hp_loss":0.0,"gold_gain":0.0,"event_name":"Golden Idol","player_choice":"Take Damage","floor":4.0,"gold_loss":0.0,"damage_taken":17.0,"relics_obtained":["Golden Idol"]},{"damage_healed":0.0,"max_hp_gain":0.0,"max_hp_loss":0.0,"gold_gain":0.0,"event_name":"Scrap Ooze","player_choice":"Success","floor":5.0,"gold_loss":0.0,"damage_taken":3.0,"relics_obtained":["Regal Pillow"]},{"damage_healed":0.0,"max_hp_gain":0.0,"max_hp_loss":0.0,"gold_gain":0.0,"event_name":"Mushrooms","player_choice":"Fought Mushrooms","floor":14.0,"gold_loss":0.0,"damage_taken":0.0},{"damage_healed":0,"gold_gain":0,"player_choice":"Obtained Book","damage_taken":16,"max_hp_gain":0,"max_hp_loss":0,"event_name":"Cursed Tome","floor":20,"gold_loss":0}],"is_beta":false,"boss_relics":[{"not_picked":["Empty Cage","Astrolabe"],"picked":"Calling Bell"}],"items_purged_floors":[],"is_endless":false,"potions_floor_spawned":[1,2,18],"killed_by":"Cultist and Chosen","ascension_level":0}