{"path_per_floor":["M","?","$","M","T","E","M","M","T","?","R","$","R","?","R","B",null,"M","M","M","?","M","R","E","R","T","M","$","M","?","M","R","B",null,"M","$","?","M","M","E","R","M","T"],"character_chosen":"IRONCLAD","items_purchased":["Barricade","Shrug It Off","Metallicize","Impervious","Shrug It Off"],"gold_per_floor":[118,118,43,58,58,113,124,142,168,168,168,30,30,30,30,107,107,118,106,126,126,138,138,166,166,166,183,98,115,115,125,125,196,196,214,10,10,29,45,74,74,91,91,91],"floor_reached":44,"campfire_rested":2,"playtime":2413,"item_purchase_floors":[12,28,28,36,36],"current_hp_per_floor":[77,77,77,80,80,50,52,52,52,52,52,52,52,74,74,36,79,61,45,32,32,30,59,20,20,20,27,27,33,33,22,52,53,90,99,99,89,98,104,37,37,30,30,0],"items_purged":["Strike_R"],"gold":91,"score":855,"play_id":"b265746e-7071-4b66-a1ca-5eba736bec29","local_time":"20180524214026","is_prod":false,"is_daily":false,"chose_seed":false,"is_ascension_mode":true,"campfire_upgraded":5,"win_rate":0,"timestamp":1527212426,"campfire_choices":[{"data":"Pommel Strike","floor":11,"key":"SMITH"},{"data":"Barricade","floor":13,"key":"SMITH"},{"data":"True Grit","floor":15,"key":"SMITH"},{"floor":23,"key":"REST"},{"data":"Body Slam","floor":25,"key":"SMITH"},{"floor":32,"key":"REST"},{"data":"Mind Blast","floor":41,"key":"SMITH"}],"path_taken":["M","?","$","?","?","E","M","M","T","?","R","?","R","?","R","BOSS","M","M","M","?","M","R","E","R","T","M","$","M","?","M","R","BOSS","M","$","?","?","M","E","R","M","T","M"],"build_version":"2018-05-23v2","seed_source_timestamp":0,"purchased_purges":1,"victory":false,"master_deck":["Strike_R+1","Strike_R+1","Strike_R+1","Strike_R+1","Defend_R+1","Defend_R+1","Defend_R+1","Defend_R+1","Bash","AscendersBane","Feed","True Grit+1","Headbutt","Pommel Strike+1","Shockwave","Rampage+1","Barricade+1","Parasite","Impervious","Whirlwind","Body Slam+1","Feel No Pain","True Grit","Shrug It Off","Metallicize","Battle Trance","Impervious","Shrug It Off","Flash of Steel","Finesse","Mind Blast+1","Power Through","Battle Trance","Rage"],"max_hp_per_floor":[78,78,78,81,81,84,87,90,90,90,90,90,90,90,90,93,93,96,96,96,96,99,99,99,99,99,102,102,102,102,102,102,102,102,105,105,105,108,111,111,111,111,111,111],"relics":["Burning Blood","Du-Vu Doll","Tiny Chest","Lantern","Runic Dome","Mummified Hand","Centennial Puzzle","Mark of Pain","Potion Belt","Prayer Wheel"],"card_choices":[{"not_picked":["Brutality","Immolate"],"picked":"Feed","floor":0.0},{"not_picked":["Wild Strike","Ghostly Armor"],"picked":"True Grit","floor":1.0},{"not_picked":["Wild Strike","Body Slam"],"picked":"Headbutt","floor":4.0},{"not_picked":["Power Through","Clash"],"picked":"Pommel Strike","floor":6.0},{"not_picked":["Spot Weakness","Second Wind"],"picked":"Shockwave","floor":7.0},{"not_picked":["Body Slam","Hemokinesis"],"picked":"Rampage","floor":8.0},{"not_picked":["Bludgeon","Barricade"],"picked":"Impervious","floor":16},{"not_picked":["Warcry","Carnage","Clash"],"picked":"SKIP","floor":18},{"not_picked":["Havoc","Sword Boomerang","Brutality"],"picked":"SKIP","floor":19},{"not_picked":["Flex+1","Thunderclap"],"picked":"Whirlwind","floor":20},{"not_picked":["Anger","Warcry"],"picked":"Body Slam","floor":22},{"not_picked":["Reckless Charge","Heavy Blade"],"picked":"Feel No Pain","floor":24},{"not_picked":["Inflame","Cleave"],"picked":"True Grit","floor":27},{"not_picked":["Havoc","Whirlwind","Twin Strike"],"picked":"SKIP","floor":29},{"not_picked":["Havoc","Iron Wave"],"picked":"Battle Trance","floor":31},{"not_picked":["Infernal Blade","Battle Trance","Sword Boomerang"],"picked":"SKIP","floor":35},{"not_picked":["Panacea","Secret Weapon"],"picked":"Flash of Steel","floor":37},{"not_picked":["Good Instincts","Dark Shackles"],"picked":"Finesse","floor":37},{"not_picked":["Trip","Jack Of All Trades"],"picked":"Mind Blast","floor":37},{"not_picked":["Flex","Wild Strike+1"],"picked":"Power Through","floor":38},{"not_picked":["Wild Strike+1","Bloodletting","Headbutt"],"picked":"SKIP","floor":39},{"not_picked":["Anger","Flex"],"picked":"Battle Trance","floor":40},{"not_picked":["Dropkick","Anger"],"picked":"Rage","floor":42}],"player_experience":240900,"potions_floor_usage":[18,20,24,29,42,44],"damage_taken":[{"damage":0.0,"enemies":"2 Louse","floor":1.0,"turns":3.0},{"damage":6.0,"enemies":"Cultist","floor":4.0,"turns":3.0},{"damage":49.0,"enemies":"3 Sentries","floor":6.0,"turns":13.0},{"damage":7.0,"enemies":"Jaw Worm","floor":7.0,"turns":4.0},{"damage":9.0,"enemies":"Blue Slaver","floor":8.0,"turns":4.0},{"damage":47,"enemies":"The Guardian","floor":16,"turns":14},{"damage":27,"enemies":"Spheric Guardian","floor":18,"turns":5},{"damage":22,"enemies":"2 Thieves","floor":19,"turns":4},{"damage":19,"enemies":"Snake Plant","floor":20,"turns":5},{"damage":11,"enemies":"Chosen and Byrds","floor":22,"turns":6},{"damage":45,"enemies":"Slavers","floor":24,"turns":6},{"damage":2,"enemies":"Sentry and Sphere","floor":27,"turns":6},{"damage":0,"enemies":"Snake Plant","floor":29,"turns":2},{"damage":17,"enemies":"Centurion and Healer","floor":31,"turns":8},{"damage":5,"enemies":"Automaton","floor":33,"turns":12},{"damage":0,"enemies":"3 Shapes","floor":35,"turns":5},{"damage":0,"enemies":"Orb Walker","floor":38,"turns":5},{"damage":3,"enemies":"3 Darklings","floor":39,"turns":14},{"damage":73,"enemies":"2 Orb Walkers","floor":40,"turns":8},{"damage":23,"enemies":"4 Shapes","floor":42,"turns":6},{"damage":54,"enemies":"Transient","floor":44,"turns":4}],"relics_obtained":[{"floor":5.0,"key":"Du-Vu Doll"},{"floor":6.0,"key":"Tiny Chest"},{"floor":9.0,"key":"Lantern"},{"floor":24,"key":"Mummified Hand"},{"floor":26,"key":"Centennial Puzzle"},{"floor":40,"key":"Potion Belt"},{"floor":43,"key":"Prayer Wheel"}],"event_choices":[{"event_name":"Purifier","player_choice":"One Purge","floor":2.0,"damage_taken":0.0},{"event_name":"Accursed Blacksmith","player_choice":"Forge","floor":10,"damage_taken":0},{"event_name":"Mushrooms","player_choice":"Healed and dodged fight","floor":14,"damage_taken":0},{"event_name":"Drug Dealer","player_choice":"Ignored","floor":21,"damage_taken":0},{"event_name":"Back to Basics","player_choice":"Simplicity","floor":30,"damage_taken":0},{"event_name":"SensoryStone","player_choice":"Memory 3","floor":37,"damage_taken":0}],"boss_relics":[{"not_picked":["Orrery","Runic Cube"],"picked":"Runic Dome"},{"not_picked":["Runic Pyramid","Tiny House"],"picked":"Mark of Pain"}],"items_purged_floors":[],"potions_floor_spawned":[1,4,16,20,22,27,39,42],"seed_played":"-241762609896989935","killed_by":"Transient","ascension_level":15,"potions_obtained":[{"floor":1.0,"key":"Explosive Potion"},{"floor":4.0,"key":"Regen Potion"},{"floor":16,"key":"Ancient Potion"},{"floor":20,"key":"SpeedPotion"},{"floor":22,"key":"GamblersBrew"},{"floor":27,"key":"LiquidBronze"},{"floor":39,"key":"Regen Potion"},{"floor":42,"key":"GamblersBrew"}],"is_trial":false}