{"gold_per_floor":[116,131,150,164,177,205,205,216,240,240,240,257,287,344,344,445,445,456,250,261,261,279,310,310,329,377,151,151,151,162,195,195,320,320,320,420,439,439,252,252,278,298,350,149,149,168,179,190,190,190,190,190,15,50,50],"floor_reached":55,"playtime":4842,"items_purged":["Strike_B","Strike_B"],"score":995,"play_id":"8021b7eb-9cf7-4449-92f8-d4a92b98cb12","local_time":"20190223020819","is_ascension_mode":true,"campfire_choices":[{"floor":7,"key":"REST"},{"data":"Darkness","floor":10,"key":"SMITH"},{"floor":15,"key":"REST"},{"floor":24,"key":"REST"},{"floor":28,"key":"RECALL"},{"data":"Capacitor","floor":32,"key":"SMITH"},{"data":"Defragment","floor":40,"key":"SMITH"},{"data":"Buffer","floor":45,"key":"SMITH"},{"floor":49,"key":"REST"},{"data":"Redo","floor":52,"key":"SMITH"}],"neow_cost":"NONE","seed_source_timestamp":184945112726473,"circlet_count":0,"master_deck":["Strike_B","Strike_B","Defend_B","Defend_B","Defend_B","Defend_B","Zap","Dualcast","Streamline","Turbo","Darkness+1","Genetic Algorithm","Skim","Glacier","Redo+1","Coolheaded","Rainbow","Capacitor+1","Go for the Eyes+1","Conserve Battery+1","Transmutation+1","Steam+1","Barrage+1","Buffer+1","Ball Lightning+1","Defragment+1","Compile Driver","Parasite","Coolheaded+1"],"relics":["Cracked Core","Dream Catcher","Letter Opener","Boot","Happy Flower","Potion Belt","Busted Crown","Toxic Egg 2","Pen Nib","Gremlin Horn","Lizard Tail","Nunchaku","Meat on the Bone","Bag of Preparation","Dodecahedron"],"potions_floor_usage":[1,4,13,18,23,23,30,31,33,33,35,41,41,41,46,50,50,50,50,50,50,50,54,54,55,55,55],"damage_taken":[{"damage":0,"enemies":"Small Slimes","floor":1,"turns":2},{"damage":2,"enemies":"Jaw Worm","floor":2,"turns":2},{"damage":0,"enemies":"Cultist","floor":3,"turns":2},{"damage":0,"enemies":"3 Louse","floor":4,"turns":1},{"damage":23,"enemies":"Exordium Thugs","floor":5,"turns":5},{"damage":46,"enemies":"Gremlin Nob","floor":6,"turns":5},{"damage":2,"enemies":"2 Fungi Beasts","floor":8,"turns":2},{"damage":5,"enemies":"Blue Slaver","floor":12,"turns":4},{"damage":10,"enemies":"3 Sentries","floor":13,"turns":10},{"damage":5,"enemies":"3 Sentries","floor":14,"turns":6},{"damage":20,"enemies":"Slime Boss","floor":16,"turns":9},{"damage":25,"enemies":"3 Byrds","floor":18,"turns":5},{"damage":11,"enemies":"2 Thieves","floor":20,"turns":3},{"damage":5,"enemies":"Cultist and Chosen","floor":22,"turns":5},{"damage":43,"enemies":"Slavers","floor":23,"turns":7},{"damage":15,"enemies":"Sentry and Sphere","floor":25,"turns":4},{"damage":1,"enemies":"Shelled Parasite and Fungi","floor":30,"turns":8},{"damage":0,"enemies":"Book of Stabbing","floor":31,"turns":5},{"damage":22,"enemies":"Automaton","floor":33,"turns":8},{"damage":11,"enemies":"3 Darklings","floor":35,"turns":2},{"damage":0,"enemies":"Mind Bloom Boss Battle","floor":36,"turns":8},{"damage":0,"enemies":"Orb Walker","floor":37,"turns":4},{"damage":23,"enemies":"Reptomancer","floor":41,"turns":8},{"damage":11,"enemies":"Spire Growth","floor":42,"turns":4},{"damage":0,"enemies":"Jaw Worm Horde","floor":46,"turns":4},{"damage":0,"enemies":"Writhing Mass","floor":47,"turns":5},{"damage":16,"enemies":"Spire Growth","floor":48,"turns":6},{"damage":0,"enemies":"Donu and Deca","floor":50,"turns":7},{"damage":12,"enemies":"Shield and Spear","floor":54,"turns":7},{"damage":132,"enemies":"The Heart","floor":55,"turns":8}],"seed_played":"-9098858088647809976","potions_obtained":[{"floor":1,"key":"Fruit Juice"},{"floor":3,"key":"Explosive Potion"},{"floor":12,"key":"Block Potion"},{"floor":16,"key":"PowerPotion"},{"floor":20,"key":"Dexterity Potion"},{"floor":23,"key":"SpeedPotion"},{"floor":29,"key":"Swift Potion"},{"floor":29,"key":"Block Potion"},{"floor":29,"key":"SmokeBomb"},{"floor":31,"key":"GamblersBrew"},{"floor":36,"key":"FearPotion"},{"floor":41,"key":"Fire Potion"},{"floor":42,"key":"EntropicBrew"},{"floor":48,"key":"Regen Potion"},{"floor":54,"key":"Fire Potion"}],"is_trial":false,"path_per_floor":["M","M","M","M","M","E","R","M","T","R","?","M","E","?","R","B",null,"M","$","M","?","M","E","R","M","T","$","R","?","M","E","R","B",null,"M","?","M","?","$","R","E","M","T","$","R","M","M","M","R","B",null,"R","$","E","B"],"character_chosen":"DEFECT","items_purchased":["Capacitor","Explosive Potion","Transmutation+1","Steam+1","Defragment","FocusPotion","Regen Potion","Strength Potion","Weak Potion","Swift Potion","Weak Potion","Regen Potion"],"campfire_rested":4,"item_purchase_floors":[19,19,27,27,39,39,39,44,44,53,53,53],"current_hp_per_floor":[80,78,78,78,55,9,33,31,31,31,28,23,13,8,32,12,63,38,38,27,80,75,32,56,41,41,41,41,41,40,40,40,18,65,54,54,54,54,54,54,46,47,47,47,47,47,47,43,67,80,80,80,80,68,0],"gold":50,"neow_bonus":"RANDOM_COMMON_RELIC","is_prod":false,"is_daily":false,"chose_seed":false,"campfire_upgraded":5,"win_rate":0,"timestamp":1550905699,"path_taken":["M","M","M","M","M","E","R","M","T","R","?","M","E","?","R","BOSS","M","$","M","?","M","E","R","?","T","$","R","?","M","E","R","BOSS","M","?","M","?","$","R","E","M","T","$","R","?","M","M","R","BOSS","R","$","E","BOSS"],"build_version":"2019-01-23","purchased_purges":2,"victory":false,"max_hp_per_floor":[80,80,80,80,80,80,80,80,80,80,80,80,80,80,80,80,80,80,80,80,80,80,80,80,80,80,80,80,80,80,80,80,80,80,80,80,80,80,80,80,80,80,80,80,80,80,80,80,80,80,80,80,80,80,80],"card_choices":[{"not_picked":["Storm","Scrape"],"picked":"Streamline","floor":1},{"not_picked":["Conserve Battery","Leap"],"picked":"Turbo","floor":2},{"not_picked":["Steam","Beam Cell"],"picked":"Darkness","floor":3},{"not_picked":["Go for the Eyes","Chaos"],"picked":"Genetic Algorithm","floor":4},{"not_picked":["Compile Driver","Streamline","Tempest"],"picked":"SKIP","floor":5},{"not_picked":["Consume","Sweeping Beam"],"picked":"Skim","floor":6},{"not_picked":["Chaos","Creative AI"],"picked":"Glacier","floor":7},{"not_picked":["Stack","Sweeping Beam","Rebound"],"picked":"SKIP","floor":8},{"not_picked":["Rebound","Compile Driver"],"picked":"Redo","floor":12},{"not_picked":["Biased Cognition","Stack","Barrage"],"picked":"SKIP","floor":13},{"not_picked":["Gash","Cold Snap"],"picked":"Coolheaded","floor":14},{"not_picked":["Leap","Fusion"],"picked":"Hello World","floor":15},{"not_picked":["Electrodynamics","Hyperbeam"],"picked":"Rainbow","floor":16},{"not_picked":["Sweeping Beam"],"picked":"SKIP","floor":18},{"not_picked":[],"picked":"Go for the Eyes+1","floor":20},{"not_picked":["Capacitor"],"picked":"SKIP","floor":22},{"not_picked":["Storm"],"picked":"SKIP","floor":23},{"not_picked":[],"picked":"Conserve Battery+1","floor":25},{"not_picked":["Barrage+1"],"picked":"SKIP","floor":30},{"not_picked":[],"picked":"Barrage+1","floor":30},{"not_picked":["FTL"],"picked":"SKIP","floor":31},{"not_picked":[],"picked":"Buffer","floor":33},{"not_picked":[],"picked":"Ball Lightning+1","floor":37},{"not_picked":[],"picked":"Compile Driver","floor":41},{"not_picked":["Cold Snap+1"],"picked":"SKIP","floor":42},{"not_picked":["Rebound+1"],"picked":"SKIP","floor":46},{"not_picked":["Conserve Battery+1"],"picked":"SKIP","floor":47},{"not_picked":[],"picked":"Coolheaded+1","floor":48},{"not_picked":["Ball Lightning"],"picked":"SKIP","floor":54}],"player_experience":683737,"relics_obtained":[{"floor":6,"key":"Letter Opener"},{"floor":13,"key":"Happy Flower"},{"floor":14,"key":"Potion Belt"},{"floor":23,"key":"Toxic Egg 2"},{"floor":26,"key":"Pen Nib"},{"floor":31,"key":"Gremlin Horn"},{"floor":36,"key":"Nunchaku"},{"floor":41,"key":"Meat on the Bone"},{"floor":43,"key":"Bag of Preparation"},{"floor":54,"key":"Dodecahedron"}],"event_choices":[{"damage_healed":0,"gold_gain":0,"player_choice":"Success","damage_taken":3,"relics_obtained":["Boot"],"max_hp_gain":0,"max_hp_loss":0,"event_name":"Scrap Ooze","floor":11,"gold_loss":0},{"damage_healed":0,"gold_gain":0,"player_choice":"Searched \u00271\u0027 times","damage_taken":0,"max_hp_gain":0,"max_hp_loss":0,"event_name":"Dead Adventurer","floor":14,"gold_loss":0},{"cards_removed":["Hello World"],"damage_healed":53,"gold_gain":0,"player_choice":"Offered Uncommon","damage_taken":0,"max_hp_gain":0,"max_hp_loss":0,"event_name":"Bonfire Elementals","floor":21,"gold_loss":0},{"damage_healed":0,"gold_gain":0,"player_choice":"Got Potions","damage_taken":0,"max_hp_gain":0,"max_hp_loss":0,"event_name":"Lab","floor":29,"gold_loss":0},{"damage_healed":0,"gold_gain":0,"player_choice":"Fight","damage_taken":0,"max_hp_gain":0,"max_hp_loss":0,"event_name":"MindBloom","floor":36,"gold_loss":0},{"damage_healed":0,"gold_gain":0,"player_choice":"0 cards matched","damage_taken":0,"max_hp_gain":0,"max_hp_loss":0,"event_name":"Match and Keep!","floor":38,"gold_loss":0,"cards_obtained":[]}],"is_beta":false,"boss_relics":[{"not_picked":["Ectoplasm","Black Star"],"picked":"Busted Crown"},{"not_picked":["Coffee Dripper","Cursed Key"],"picked":"Lizard Tail"}],"items_purged_floors":[19,44],"is_endless":false,"potions_floor_spawned":[1,3,12,16,20,23,31,36,41,42,48,54],"killed_by":"The Heart","ascension_level":5}