{"path_per_floor":["M","?","M","M","M","R","M","M","T","R","?","R","E","M","R","B",null,"M","T","?","M","M","E","?","R","T","R","M","R","M","M","R","B",null,"M","?","M","M","$","R","?","?","T","M","R","$","?","M","R","B"],"character_chosen":"IRONCLAD","items_purchased":["Apotheosis","Ghostly Armor"],"gold_per_floor":[116,66,83,94,105,105,120,139,221,221,221,221,253,265,265,366,366,383,410,335,348,363,398,398,398,473,473,489,489,501,519,519,618,618,633,633,651,666,591,591,591,591,591,602,602,217,217,228,228,228],"floor_reached":51,"campfire_rested":0,"playtime":2912,"current_hp_per_floor":[83,83,87,87,86,86,81,87,87,87,87,87,78,82,82,49,87,86,86,86,87,58,51,51,51,51,51,53,53,75,81,81,87,87,87,87,87,87,87,87,87,87,87,85,85,85,74,87,87,78],"items_purged":["Strike_R","Strike_R"],"gold":228,"score":721,"play_id":"209e104d-dc79-44d3-9797-94e0384eab8e","local_time":"20180511160541","is_prod":false,"is_daily":false,"chose_seed":false,"is_ascension_mode":false,"campfire_upgraded":11,"timestamp":1526069141,"path_taken":["M","?","M","M","M","R","M","M","T","R","?","R","E","?","R","BOSS","M","?","?","M","M","E","?","R","T","R","M","R","M","M","R","BOSS","M","?","M","M","$","R","?","?","T","M","R","$","?","M","R","BOSS"],"build_version":"2018-05-10","seed_source_timestamp":209496032918505,"purchased_purges":2,"victory":true,"master_deck":["Defend_R","Defend_R","Defend_R","Bash+1","Armaments+1","Hemokinesis+1","Rampage+1","Pommel Strike+1","Shrug It Off+1","Shrug It Off+1","Reaper","Shrug It Off+1","Battle Trance+1","Rupture+1","Barricade+1","Metallicize+1","Sever Soul+1","Offering","Body Slam+1","True Grit+1","Offering","Dual Wield+1","Apotheosis+1","Ghostly Armor+1","Madness+1","Madness+1"],"max_hp_per_floor":[87,87,87,87,87,87,87,87,87,87,87,87,87,87,87,87,87,87,87,87,87,87,87,87,87,87,87,87,87,87,87,87,87,87,87,87,87,87,87,87,87,87,87,87,87,87,87,87,87,87],"relics":["Burning Blood","Strawberry","Pantograph","Lantern","Mark of Pain","Pen Nib","Gambling Chip","Tiny Chest","Runic Cube","Toxic Egg 2"],"card_choices":[{"not_picked":["True Grit","Infernal Blade"],"picked":"Armaments","floor":1},{"not_picked":["Thunderclap","Power Through"],"picked":"Hemokinesis","floor":3},{"not_picked":["Wild Strike","Second Wind"],"picked":"Rampage","floor":5},{"not_picked":["Flex","Clothesline"],"picked":"Pommel Strike","floor":8},{"not_picked":["Feed","Heavy Blade"],"picked":"Shrug It Off","floor":13},{"not_picked":["Twin Strike","Wild Strike"],"picked":"Shrug It Off","floor":14},{"not_picked":["Dark Embrace","Berserk"],"picked":"Reaper","floor":16},{"not_picked":["Havoc","Power Through"],"picked":"Shrug It Off","floor":18},{"not_picked":["Sword Boomerang","True Grit"],"picked":"Battle Trance","floor":21},{"not_picked":["Twin Strike","Pummel"],"picked":"Rupture","floor":22},{"not_picked":["Body Slam","Corruption"],"picked":"Barricade","floor":23},{"not_picked":["Twin Strike","Clash"],"picked":"Metallicize","floor":30},{"not_picked":["Double Tap","Pommel Strike"],"picked":"Sever Soul","floor":31},{"not_picked":["Berserk","Double Tap"],"picked":"Offering","floor":33},{"not_picked":["Spot Weakness","Shrug It Off"],"picked":"Body Slam","floor":35},{"not_picked":["Sword Boomerang","Iron Wave"],"picked":"True Grit","floor":37},{"not_picked":["Iron Wave","True Grit"],"picked":"Offering","floor":38},{"not_picked":["Combust","Clash"],"picked":"Dual Wield","floor":44}],"player_experience":96295,"potions_floor_usage":[8,13,23,50,50],"damage_taken":[{"damage":10,"enemies":"Small Slimes","floor":1,"turns":3},{"damage":1,"enemies":"Cultist","floor":3,"turns":4},{"damage":6,"enemies":"Jaw Worm","floor":4,"turns":3},{"damage":7,"enemies":"Gremlin Gang","floor":5,"turns":11},{"damage":11,"enemies":"Red Slaver","floor":7,"turns":3},{"damage":0,"enemies":"2 Fungi Beasts","floor":8,"turns":4},{"damage":15,"enemies":"3 Sentries","floor":13,"turns":6},{"damage":2,"enemies":"Looter","floor":14,"turns":2},{"damage":44,"enemies":"Slime Boss","floor":16,"turns":9},{"damage":7,"enemies":"Spheric Guardian","floor":18,"turns":4},{"damage":10,"enemies":"3 Byrds","floor":21,"turns":6},{"damage":35,"enemies":"Sentry and Sphere","floor":22,"turns":8},{"damage":42,"enemies":"Slavers","floor":23,"turns":11},{"damage":9,"enemies":"Snecko","floor":28,"turns":4},{"damage":0,"enemies":"Centurion and Healer","floor":30,"turns":10},{"damage":2,"enemies":"Snake Plant","floor":31,"turns":6},{"damage":6,"enemies":"Automaton","floor":33,"turns":14},{"damage":20,"enemies":"Flame Bruiser 1 Orb","floor":35,"turns":10},{"damage":11,"enemies":"Orb Walker","floor":37,"turns":3},{"damage":8,"enemies":"4 Shapes","floor":38,"turns":7},{"damage":8,"enemies":"Spire Growth","floor":44,"turns":3},{"damage":10,"enemies":"3 Darklings","floor":48,"turns":2},{"damage":25,"enemies":"Time Eater","floor":50,"turns":7}],"event_choices":[{"event_name":"The Cleric","player_choice":"Card Removal","floor":2,"damage_taken":0},{"event_name":"Purifier","player_choice":"One Purge","floor":11,"damage_taken":0},{"event_name":"Beggar","player_choice":"Gave Gold","floor":20,"damage_taken":0},{"event_name":"Ghosts","player_choice":"Ignored","floor":24,"damage_taken":0},{"event_name":"Tomb of Lord Red Mask","player_choice":"Ignored","floor":36,"damage_taken":0},{"event_name":"Mysterious Sphere","player_choice":"Ignore","floor":42,"damage_taken":0},{"event_name":"Winding Halls","player_choice":"Embrace Madness","floor":47,"damage_taken":0}],"boss_relics":[{"not_picked":["Calling Bell","Runic Dome"],"picked":"Mark of Pain"},{"not_picked":["Velvet Choker","Black Blood"],"picked":"Runic Cube"}],"potions_floor_spawned":[4,5,8,13,16,18,23,30,31,38,48],"seed_played":"7873086903573175462","ascension_level":0,"is_trial":false}