{"gold_per_floor":[217,217,232,232,249,249,283,283,307,334,352,371,30,55,55,157,157,146,164,164,164,176,208,242,167,190,216,216,251,271,283,283,378,378,398,414,425,425,33,64,64,90,164,164,164,164,195,206,206,206],"floor_reached":51,"playtime":5052,"items_purged":["Strike_R"],"score":1098,"play_id":"52f72518-48e5-47ec-975b-07e5508f0b65","local_time":"20190216010941","is_ascension_mode":true,"campfire_choices":[{"data":"Bash","floor":6,"key":"SMITH"},{"data":"Juggernaut","floor":8,"key":"SMITH"},{"data":"Feel No Pain","floor":15,"key":"SMITH"},{"data":"Sever Soul","floor":28,"key":"SMITH"},{"data":"Shockwave","floor":32,"key":"SMITH"},{"data":"Havoc","floor":44,"key":"SMITH"},{"data":"Metallicize","floor":49,"key":"SMITH"}],"neow_cost":"NONE","seed_source_timestamp":41551789440759,"circlet_count":0,"master_deck":["Strike_R","Strike_R","Defend_R","Defend_R","Defend_R","Defend_R","Bash+1","Sever Soul+1","Metallicize+1","Juggernaut+1","Disarm+1","Shockwave+1","Shrug It Off","Feel No Pain+1","Shrug It Off+1","Reaper","Iron Wave+1","Necronomicurse","Feel No Pain","Corruption+1","Anger","Metallicize+1","Brutality","Reckless Charge+1","Havoc+1","Anger+1","Rage+1","Offering+1","Feel No Pain","Rupture+1","Hemokinesis+1"],"relics":["Burning Blood","Bronze Scales","Smiling Mask","Bottled Lightning","Orichalcum","Potion Belt","Coffee Dripper","Necronomicon","Self Forming Clay","Red Mask","Ornamental Fan","Red Skull","War Paint","Pen Nib","Runic Cube","Juzu Bracelet","Turnip","Paper Frog","Happy Flower","Molten Egg 2"],"potions_floor_usage":[11,11,14,14,16,22,24,27,33,40,40,47,50],"damage_taken":[{"damage":1,"enemies":"Jaw Worm","floor":1,"turns":5},{"damage":8,"enemies":"Small Slimes","floor":3,"turns":4},{"damage":2,"enemies":"2 Louse","floor":5,"turns":4},{"damage":24,"enemies":"Gremlin Nob","floor":7,"turns":4},{"damage":19,"enemies":"3 Sentries","floor":10,"turns":7},{"damage":19,"enemies":"Exordium Thugs","floor":11,"turns":5},{"damage":13,"enemies":"3 Louse","floor":12,"turns":4},{"damage":0,"enemies":"Gremlin Nob","floor":14,"turns":3},{"damage":8,"enemies":"The Guardian","floor":16,"turns":10},{"damage":4,"enemies":"2 Thieves","floor":18,"turns":4},{"damage":12,"enemies":"Spheric Guardian","floor":19,"turns":4},{"damage":7,"enemies":"3 Cultists","floor":22,"turns":4},{"damage":24,"enemies":"Masked Bandits","floor":23,"turns":4},{"damage":3,"enemies":"Book of Stabbing","floor":24,"turns":5},{"damage":12,"enemies":"Slavers","floor":27,"turns":6},{"damage":9,"enemies":"Gremlin Leader","floor":29,"turns":5},{"damage":6,"enemies":"Snake Plant","floor":30,"turns":3},{"damage":9,"enemies":"Sentry and Sphere","floor":31,"turns":5},{"damage":14,"enemies":"Champ","floor":33,"turns":9},{"damage":16,"enemies":"3 Darklings","floor":35,"turns":3},{"damage":1,"enemies":"Orb Walker","floor":36,"turns":3},{"damage":21,"enemies":"4 Shapes","floor":37,"turns":5},{"damage":38,"enemies":"Reptomancer","floor":40,"turns":5},{"damage":8,"enemies":"Giant Head","floor":42,"turns":7},{"damage":42,"enemies":"Nemesis","floor":47,"turns":5},{"damage":17,"enemies":"Maw","floor":48,"turns":6},{"damage":32,"enemies":"Donu and Deca","floor":50,"turns":7}],"seed_played":"1688537639877823653","potions_obtained":[{"floor":1,"key":"Weak Potion"},{"floor":5,"key":"BloodPotion"},{"floor":10,"key":"BloodPotion"},{"floor":14,"key":"SteroidPotion"},{"floor":16,"key":"Weak Potion"},{"floor":19,"key":"BloodPotion"},{"floor":24,"key":"Swift Potion"},{"floor":31,"key":"SpeedPotion"},{"floor":33,"key":"GamblersBrew"},{"floor":35,"key":"Poison Potion"},{"floor":38,"key":"Weak Potion"},{"floor":38,"key":"Block Potion"},{"floor":40,"key":"Strength Potion"},{"floor":42,"key":"SneckoOil"},{"floor":47,"key":"PowerPotion"}],"is_trial":false,"path_per_floor":["M","?","M","?","M","R","E","R","T","E","M","M","$","E","R","B",null,"M","M","?","T","M","?","E","?","T","E","R","E","M","M","R","B",null,"M","M","M","?","$","E","?","E","T","R","?","?","E","M","R","B",null],"character_chosen":"IRONCLAD","items_purchased":["Feel No Pain","Orichalcum","SkillPotion","Shrug It Off","Fire Potion","Offering","Feel No Pain","Juzu Bracelet"],"campfire_rested":0,"item_purchase_floors":[13,13,13,13,13,39,39,39],"current_hp_per_floor":[77,70,68,68,72,72,54,54,54,41,44,37,37,43,43,41,70,80,74,58,58,80,62,65,65,65,74,74,80,80,78,78,70,78,68,73,80,80,80,60,60,73,73,73,73,73,72,66,66,80],"gold":206,"neow_bonus":"HUNDRED_GOLD","is_prod":false,"is_daily":false,"chose_seed":false,"campfire_upgraded":7,"win_rate":0,"timestamp":1550297381,"path_taken":["M","?","M","?","M","R","E","R","T","E","M","M","$","E","R","BOSS","M","M","?","?","M","?","E","?","T","E","R","E","M","M","R","BOSS","M","M","M","?","?","E","?","E","T","R","?","?","E","M","R","BOSS"],"build_version":"2019-01-23","purchased_purges":1,"victory":true,"max_hp_per_floor":[80,80,80,80,80,80,80,80,80,80,80,80,80,80,80,80,80,80,80,80,80,80,80,80,80,80,80,80,80,80,80,80,80,80,80,80,80,80,80,80,80,80,80,80,80,80,80,80,80,80],"card_choices":[{"not_picked":["Blood for Blood","Body Slam"],"picked":"Sever Soul","floor":1},{"not_picked":["Warcry","Cleave"],"picked":"Metallicize","floor":3},{"not_picked":["Reckless Charge","Sword Boomerang","Perfected Strike"],"picked":"SKIP","floor":5},{"not_picked":["Clothesline","Thunderclap"],"picked":"Juggernaut","floor":7},{"not_picked":["Reaper","Headbutt"],"picked":"Disarm","floor":10},{"not_picked":["Havoc","Cleave"],"picked":"Shockwave","floor":11},{"not_picked":["Blood for Blood","Sentinel"],"picked":"Shrug It Off","floor":12},{"not_picked":["Limit Break","Hemokinesis","Wild Strike"],"picked":"SKIP","floor":14},{"not_picked":["Demon Form","Limit Break"],"picked":"Reaper","floor":16},{"not_picked":["Warcry","Inflame","Sword Boomerang"],"picked":"SKIP","floor":18},{"not_picked":["Sword Boomerang","Cleave"],"picked":"Iron Wave+1","floor":19},{"not_picked":["Searing Blow","Seeing Red","Wild Strike+1"],"picked":"SKIP","floor":22},{"not_picked":["Pummel","Thunderclap"],"picked":"Feel No Pain","floor":23},{"not_picked":["Havoc","Spot Weakness"],"picked":"Corruption+1","floor":24},{"not_picked":["Havoc","Wild Strike"],"picked":"Anger","floor":27},{"not_picked":["Evolve","Heavy Blade"],"picked":"Metallicize","floor":29},{"not_picked":["Warcry","Perfected Strike"],"picked":"Brutality","floor":30},{"not_picked":["Shrug It Off","Havoc"],"picked":"Reckless Charge+1","floor":31},{"not_picked":["Double Tap","Exhume"],"picked":"Immolate","floor":33},{"not_picked":["Clothesline","Thunderclap+1"],"picked":"Havoc","floor":35},{"not_picked":["Sword Boomerang+1","Flex"],"picked":"Anger+1","floor":36},{"not_picked":["Iron Wave+1","Anger"],"picked":"Rage+1","floor":37},{"not_picked":["Disarm+1","Headbutt"],"picked":"Rupture+1","floor":40},{"not_picked":["Thunderclap","Double Tap","Heavy Blade"],"picked":"SKIP","floor":42},{"not_picked":["Feel No Pain","Wild Strike"],"picked":"Hemokinesis+1","floor":47},{"not_picked":["Sword Boomerang+1","Anger+1","Dual Wield"],"picked":"SKIP","floor":48}],"player_experience":1568316,"relics_obtained":[{"floor":7,"key":"Bronze Scales"},{"floor":9,"key":"Smiling Mask"},{"floor":10,"key":"Bottled Lightning"},{"floor":14,"key":"Potion Belt"},{"floor":20,"key":"Necronomicon"},{"floor":21,"key":"Self Forming Clay"},{"floor":23,"key":"Red Mask"},{"floor":24,"key":"Ornamental Fan"},{"floor":26,"key":"Red Skull"},{"floor":27,"key":"War Paint"},{"floor":29,"key":"Pen Nib"},{"floor":40,"key":"Turnip"},{"floor":42,"key":"Paper Frog"},{"floor":46,"key":"Happy Flower"},{"floor":47,"key":"Molten Egg 2"}],"event_choices":[{"cards_removed":["Strike_R"],"damage_healed":0,"gold_gain":0,"player_choice":"Card Removal","damage_taken":7,"max_hp_gain":0,"max_hp_loss":0,"event_name":"Golden Wing","floor":2,"gold_loss":0},{"damage_healed":0,"gold_gain":0,"player_choice":"Grow","damage_taken":0,"max_hp_gain":0,"max_hp_loss":0,"event_name":"Living Wall","floor":4,"gold_loss":0,"cards_upgraded":["Metallicize"]},{"damage_healed":0,"gold_gain":0,"player_choice":"Obtained Book","damage_taken":16,"max_hp_gain":0,"max_hp_loss":0,"event_name":"Cursed Tome","floor":20,"gold_loss":0},{"damage_healed":0,"gold_gain":0,"player_choice":"Fought Bandits","damage_taken":0,"max_hp_gain":0,"max_hp_loss":0,"event_name":"Masked Bandits","floor":23,"gold_loss":0},{"cards_removed":["Strike_R"],"damage_healed":0,"gold_gain":0,"player_choice":"Gave Gold","damage_taken":0,"max_hp_gain":0,"max_hp_loss":0,"event_name":"Beggar","floor":25,"gold_loss":75},{"damage_healed":0,"gold_gain":0,"player_choice":"Got Potions","damage_taken":0,"max_hp_gain":0,"max_hp_loss":0,"event_name":"Lab","floor":38,"gold_loss":0},{"damage_healed":0,"gold_gain":0,"player_choice":"Forge","damage_taken":0,"max_hp_gain":0,"max_hp_loss":0,"event_name":"Accursed Blacksmith","floor":41,"gold_loss":0,"cards_upgraded":["Offering"]},{"cards_removed":["Immolate"],"damage_healed":0,"gold_gain":0,"player_choice":"Removed Attack","damage_taken":0,"max_hp_gain":0,"max_hp_loss":0,"event_name":"Falling","floor":45,"gold_loss":0},{"damage_healed":0,"gold_gain":0,"player_choice":"Relic","damage_taken":0,"max_hp_gain":0,"max_hp_loss":0,"event_name":"Wheel of Change","floor":46,"gold_loss":0}],"is_beta":false,"boss_relics":[{"not_picked":["Lizard Tail","Eternal Feather"],"picked":"Coffee Dripper"},{"not_picked":["Black Blood","Orrery"],"picked":"Runic Cube"}],"items_purged_floors":[39],"is_endless":false,"potions_floor_spawned":[1,5,10,14,16,19,24,31,33,35,40,42,47],"ascension_level":7}