{"gold_per_floor":[118,156,168,182,194,194,219,219,219,236,236,236,254,254,254,254],"floor_reached":16,"playtime":1053,"items_purged":[],"score":130,"play_id":"ccecbca8-5960-4c78-b392-2c454b70cf3e","local_time":"20190222194829","is_ascension_mode":true,"campfire_choices":[{"data":"Impatience","floor":6,"key":"SMITH"},{"floor":8,"key":"REST"},{"data":"Magnetism","floor":11,"key":"SMITH"},{"data":"Go for the Eyes","floor":15,"key":"SMITH"}],"neow_cost":"PERCENT_DAMAGE","seed_source_timestamp":165944125361728,"circlet_count":0,"master_deck":["Strike_B","Strike_B","Strike_B","Defend_B","Defend_B","Defend_B","Defend_B","Zap","Dualcast","Magnetism+1","Impatience+1","Chaos","Auto Shields","Conserve Battery","Go for the Eyes+1","Rebound"],"relics":["Cracked Core","Mummified Hand","Singing Bowl"],"potions_floor_usage":[7,10,16],"damage_taken":[{"damage":1,"enemies":"Cultist","floor":1,"turns":4},{"damage":2,"enemies":"Jaw Worm","floor":2,"turns":4},{"damage":6,"enemies":"2 Louse","floor":3,"turns":3},{"damage":13,"enemies":"Large Slime","floor":4,"turns":7},{"damage":0,"enemies":"Looter","floor":5,"turns":4},{"damage":16,"enemies":"Lagavulin","floor":7,"turns":7},{"damage":12,"enemies":"Exordium Thugs","floor":10,"turns":3},{"damage":0,"enemies":"2 Fungi Beasts","floor":13,"turns":3},{"damage":46,"enemies":"The Guardian","floor":16,"turns":12}],"seed_played":"9045808521756477997","potions_obtained":[{"floor":3,"key":"Strength Potion"},{"floor":7,"key":"FocusPotion"},{"floor":10,"key":"Regen Potion"}],"is_trial":false,"path_per_floor":["M","M","M","M","M","R","E","R","T","M","R","?","M","?","R","B"],"character_chosen":"DEFECT","items_purchased":[],"campfire_rested":1,"item_purchase_floors":[],"current_hp_per_floor":[53,51,45,32,32,32,16,38,38,28,28,28,30,30,30,0],"gold":254,"neow_bonus":"RANDOM_COLORLESS_2","is_prod":false,"is_daily":false,"chose_seed":false,"campfire_upgraded":3,"win_rate":0,"timestamp":1550882909,"path_taken":["M","M","M","M","M","R","E","R","T","M","R","?","?","?","R","BOSS"],"build_version":"2019-01-23","purchased_purges":0,"victory":false,"max_hp_per_floor":[75,75,75,75,75,75,75,75,75,77,77,77,79,79,79,79],"card_choices":[{"not_picked":["Conserve Battery","Stack"],"picked":"Chaos","floor":1},{"not_picked":["Undo","Sweeping Beam"],"picked":"Auto Shields","floor":2},{"not_picked":["Streamline","Chill","Electrodynamics"],"picked":"SKIP","floor":3},{"not_picked":["Leap","Ball Lightning"],"picked":"Conserve Battery","floor":4},{"not_picked":["Stack","Blizzard","Double Energy"],"picked":"SKIP","floor":5},{"not_picked":["Stack","Blizzard","Double Energy"],"picked":"SKIP","floor":5},{"not_picked":["Sweeping Beam","Leap"],"picked":"Go for the Eyes","floor":7},{"not_picked":["Sweeping Beam","Recycle","Ball Lightning"],"picked":"Singing Bowl","floor":10},{"not_picked":["Skim","Barrage","Gash"],"picked":"Singing Bowl","floor":13}],"player_experience":675430,"relics_obtained":[{"floor":7,"key":"Mummified Hand"},{"floor":9,"key":"Singing Bowl"}],"event_choices":[{"damage_healed":0,"gold_gain":0,"player_choice":"0 cards matched","damage_taken":0,"max_hp_gain":0,"max_hp_loss":0,"event_name":"Match and Keep!","floor":12,"gold_loss":0,"cards_obtained":[]},{"damage_healed":0,"gold_gain":0,"cards_transformed":["Strike_B"],"player_choice":"Transformed","damage_taken":0,"max_hp_gain":0,"max_hp_loss":0,"event_name":"Transmorgrifier","floor":14,"gold_loss":0,"cards_obtained":["Rebound"]}],"is_beta":false,"boss_relics":[],"items_purged_floors":[],"is_endless":false,"potions_floor_spawned":[3,7,10],"killed_by":"The Guardian","ascension_level":5}