{"gold_per_floor":[130,156,182,213,243,255,301,333,368,380,392,414,426,473,485,497],"floor_reached":16,"playtime":1506,"items_purged":[],"score":131,"play_id":"dcaef817-0106-4d55-b02e-288d43513f87","local_time":"20190309220607","is_ascension_mode":true,"campfire_choices":[{"data":"Neutralize","floor":6,"key":"SMITH"},{"data":"Dodge and Roll","floor":11,"key":"SMITH"},{"floor":15,"key":"REST"}],"neow_cost":"NONE","seed_source_timestamp":17183293614912,"circlet_count":0,"master_deck":["Defend_G","Defend_G","Defend_G","Defend_G","Defend_G","Strike_G","Strike_G","Strike_G","Strike_G","Strike_G","Survivor","Neutralize+1","All Out Attack","Bouncing Flask","Deflect","Infinite Blades","PiercingWail","Escape Plan","Dodge and Roll+1","Well Laid Plans","Injury","Deadly Poison"],"relics":["Ring of the Snake","MawBank","Strawberry","Art of War","Centennial Puzzle","Golden Idol","Bag of Preparation"],"potions_floor_usage":[7,12],"damage_taken":[{"damage":2,"enemies":"Cultist","floor":1,"turns":4},{"damage":0,"enemies":"2 Louse","floor":2,"turns":2},{"damage":0,"enemies":"Jaw Worm","floor":3,"turns":4},{"damage":1,"enemies":"Looter","floor":4,"turns":4},{"damage":5,"enemies":"Red Slaver","floor":5,"turns":5},{"damage":23,"enemies":"Gremlin Nob","floor":7,"turns":4},{"damage":0,"enemies":"3 Louse","floor":8,"turns":3},{"damage":7,"enemies":"Large Slime","floor":12,"turns":7},{"damage":5,"enemies":"Lagavulin","floor":14,"turns":6},{"damage":60,"enemies":"Slime Boss","floor":16,"turns":9}],"seed_played":"4466916746328579345","potions_obtained":[{"floor":2,"key":"Dexterity Potion"},{"floor":4,"key":"AttackPotion"},{"floor":5,"key":"Ancient Potion"},{"floor":7,"key":"Poison Potion"}],"is_trial":false,"path_per_floor":["M","M","M","M","M","R","E","M","T","?","R","M","?","E","R","B"],"character_chosen":"THE_SILENT","items_purchased":[],"campfire_rested":1,"item_purchase_floors":[],"current_hp_per_floor":[68,68,68,67,62,62,46,46,46,43,43,36,36,31,54,0],"gold":497,"neow_bonus":"RANDOM_COMMON_RELIC","is_prod":false,"is_daily":false,"chose_seed":false,"campfire_upgraded":2,"win_rate":0,"timestamp":1552161967,"path_taken":["M","M","?","M","M","R","E","M","T","?","R","M","?","E","R","BOSS"],"build_version":"2019-01-23","purchased_purges":0,"victory":false,"max_hp_per_floor":[70,70,70,70,70,70,77,77,77,77,77,77,77,77,77,77],"card_choices":[{"not_picked":["Acrobatics","Bane"],"picked":"All Out Attack","floor":1},{"not_picked":["Finisher","Outmaneuver"],"picked":"Bouncing Flask","floor":2},{"not_picked":["Calculated Gamble","Acrobatics"],"picked":"Deflect","floor":3},{"not_picked":["Underhanded Strike","Expertise"],"picked":"Infinite Blades","floor":4},{"not_picked":["Riddle With Holes","Underhanded Strike"],"picked":"PiercingWail","floor":5},{"not_picked":["Phantasmal Killer","Deflect"],"picked":"Escape Plan","floor":7},{"not_picked":["Bane","Dagger Spray"],"picked":"Dodge and Roll","floor":8},{"not_picked":["Concentrate","Underhanded Strike"],"picked":"Well Laid Plans","floor":12},{"not_picked":["Dagger Spray","Sucker Punch"],"picked":"Deadly Poison","floor":14}],"player_experience":724410,"relics_obtained":[{"floor":7,"key":"Strawberry"},{"floor":9,"key":"Art of War"},{"floor":14,"key":"Bag of Preparation"}],"event_choices":[{"damage_healed":0,"gold_gain":0,"player_choice":"Success","damage_taken":3,"relics_obtained":["Centennial Puzzle"],"max_hp_gain":0,"max_hp_loss":0,"event_name":"Scrap Ooze","floor":10,"gold_loss":0},{"damage_healed":0,"gold_gain":0,"player_choice":"Take Wound","damage_taken":0,"relics_obtained":["Golden Idol"],"max_hp_gain":0,"max_hp_loss":0,"event_name":"Golden Idol","floor":13,"gold_loss":0,"cards_obtained":["Injury"]}],"is_beta":false,"boss_relics":[],"items_purged_floors":[],"is_endless":false,"potions_floor_spawned":[2,4,5,7],"killed_by":"Slime Boss","ascension_level":3}