{"gold_per_floor":[109,125,143,42,42,69,69,104,104,104,121,121,21,21,21,150,150,175,21,21,40,40,40,79,98,152,177,276,292,312,350,350,350],"floor_reached":33,"playtime":5706,"items_purged":["Strike_B","Strike_B"],"score":521,"play_id":"8748ef2e-7c5f-4aa6-82d6-27a032684c61","local_time":"20190224143246","is_ascension_mode":true,"campfire_choices":[{"data":"Fission","floor":7,"key":"SMITH"},{"data":"Go for the Eyes","floor":10,"key":"SMITH"},{"floor":15,"key":"REST"},{"data":"Reinforced Body","floor":23,"key":"SMITH"},{"data":"Darkness","floor":32,"key":"SMITH"}],"neow_cost":"PERCENT_DAMAGE","seed_source_timestamp":315157869970619,"circlet_count":0,"master_deck":["AscendersBane","Strike_B","Strike_B","Defend_B","Defend_B","Defend_B","Defend_B","Zap+1","Dualcast","Fission+1","Go for the Eyes+1","Skim","BootSequence","Ball Lightning","Conserve Battery","Loop","Conserve Battery","All For One","Doom and Gloom","Reinforced Body+1","Dark Shackles","Conserve Battery","Conserve Battery","Conserve Battery+1","Darkness+1","Redo"],"relics":["Cracked Core","WingedGreaves","Symbiotic Virus","Mercury Hourglass","Golden Idol","Runic Pyramid","MutagenicStrength","Meat on the Bone","Bronze Scales","PreservedInsect"],"potions_floor_usage":[3,8,16,24,24,31,31],"damage_taken":[{"damage":1,"enemies":"Cultist","floor":1,"turns":3},{"damage":5,"enemies":"Small Slimes","floor":2,"turns":5},{"damage":3,"enemies":"2 Louse","floor":3,"turns":2},{"damage":34,"enemies":"3 Sentries","floor":6,"turns":10},{"damage":23,"enemies":"Gremlin Nob","floor":8,"turns":4},{"damage":0,"enemies":"Large Slime","floor":11,"turns":3},{"damage":10,"enemies":"The Guardian","floor":16,"turns":9},{"damage":0,"enemies":"Spheric Guardian","floor":18,"turns":3},{"damage":0,"enemies":"3 Byrds","floor":21,"turns":3},{"damage":0,"enemies":"Gremlin Leader","floor":24,"turns":6},{"damage":0,"enemies":"3 Cultists","floor":25,"turns":4},{"damage":2,"enemies":"Snake Plant","floor":27,"turns":3},{"damage":2,"enemies":"Centurion and Healer","floor":29,"turns":5},{"damage":0,"enemies":"Snecko","floor":30,"turns":4},{"damage":28,"enemies":"Slavers","floor":31,"turns":6},{"damage":39,"enemies":"Collector","floor":33,"turns":11}],"seed_played":"2184154558850859324","potions_obtained":[{"floor":2,"key":"SteroidPotion"},{"floor":6,"key":"Swift Potion"},{"floor":11,"key":"LiquidBronze"},{"floor":16,"key":"Poison Potion"},{"floor":18,"key":"Explosive Potion"},{"floor":24,"key":"Block Potion"},{"floor":29,"key":"Fire Potion"},{"floor":30,"key":"GamblersBrew"}],"is_trial":false,"path_per_floor":["M","M","M","$","?","E","R","E","T","R","M","?","$","?","R","B",null,"M","$","?","M","?","R","E","M","T","M","?","M","M","E","R","B"],"character_chosen":"DEFECT","items_purchased":["Ball Lightning","Reinforced Body","Dark Shackles"],"campfire_rested":1,"item_purchase_floors":[4,19,19],"current_hp_per_floor":[49,44,41,41,66,32,32,9,9,9,9,9,9,9,29,19,57,57,57,57,57,57,57,57,57,57,55,55,53,53,37,37,0],"gold":350,"neow_bonus":"THREE_RARE_CARDS","is_prod":false,"is_daily":false,"chose_seed":false,"campfire_upgraded":4,"win_rate":0,"timestamp":1551036766,"path_taken":["M","M","M","$","?","E","R","E","T","R","M","?","$","?","R","BOSS","M","$","?","M","?","R","E","M","T","M","?","?","M","E","R","BOSS"],"build_version":"2019-01-23","purchased_purges":2,"victory":false,"max_hp_per_floor":[75,75,75,75,75,75,75,75,75,75,75,75,75,69,69,69,69,69,69,69,69,69,69,69,69,69,69,69,69,69,69,69,69],"card_choices":[{"not_picked":["Multi-Cast","Buffer"],"picked":"Fission","floor":0},{"not_picked":["Gash","Beam Cell"],"picked":"Go for the Eyes","floor":1},{"not_picked":["Leap","Redo"],"picked":"Skim","floor":2},{"not_picked":["Double Energy","Gash"],"picked":"BootSequence","floor":3},{"not_picked":["Blizzard","Biased Cognition"],"picked":"Conserve Battery","floor":6},{"not_picked":["Sweeping Beam","Rebound"],"picked":"Loop","floor":8},{"not_picked":["Rebound","Cold Snap"],"picked":"Conserve Battery","floor":11},{"not_picked":["Reboot","Core Surge"],"picked":"All For One","floor":16},{"not_picked":["Melter","Streamline"],"picked":"Doom and Gloom","floor":18},{"not_picked":["Recycle","Rip and Tear"],"picked":"Conserve Battery","floor":21},{"not_picked":["Steam","Streamline"],"picked":"Conserve Battery","floor":24},{"not_picked":["Self Repair","Recycle"],"picked":"Conserve Battery+1","floor":25},{"not_picked":["Redo","Ball Lightning"],"picked":"Darkness","floor":27},{"not_picked":["Turbo","Conserve Battery"],"picked":"Redo","floor":29},{"not_picked":["Compile Driver","Barrage","Force Field"],"picked":"SKIP","floor":30},{"not_picked":["Buffer","All For One","Melter"],"picked":"SKIP","floor":31}],"player_experience":705166,"relics_obtained":[{"floor":6,"key":"WingedGreaves"},{"floor":8,"key":"Symbiotic Virus"},{"floor":9,"key":"Mercury Hourglass"},{"floor":24,"key":"Meat on the Bone"},{"floor":26,"key":"Bronze Scales"},{"floor":31,"key":"PreservedInsect"}],"event_choices":[{"damage_healed":25,"gold_gain":0,"player_choice":"Banana","damage_taken":0,"max_hp_gain":0,"max_hp_loss":0,"event_name":"Big Fish","floor":5,"gold_loss":0},{"damage_healed":0,"gold_gain":0,"player_choice":"Grow","damage_taken":0,"max_hp_gain":0,"max_hp_loss":0,"event_name":"Living Wall","floor":12,"gold_loss":0,"cards_upgraded":["Zap"]},{"damage_healed":0,"gold_gain":0,"player_choice":"Lose Max HP","damage_taken":0,"relics_obtained":["Golden Idol"],"max_hp_gain":0,"max_hp_loss":6,"event_name":"Golden Idol","floor":14,"gold_loss":0},{"damage_healed":0,"gold_gain":0,"player_choice":"Ignored","damage_taken":0,"max_hp_gain":0,"max_hp_loss":0,"event_name":"Ghosts","floor":20,"gold_loss":0},{"damage_healed":0,"gold_gain":0,"player_choice":"Inject Mutagens","damage_taken":0,"relics_obtained":["MutagenicStrength"],"max_hp_gain":0,"max_hp_loss":0,"event_name":"Drug Dealer","floor":22,"gold_loss":0},{"damage_healed":0,"gold_gain":99,"player_choice":"Stole From Cult","damage_taken":0,"max_hp_gain":0,"max_hp_loss":0,"event_name":"Nest","floor":28,"gold_loss":0}],"is_beta":false,"boss_relics":[{"not_picked":["Calling Bell","Astrolabe"],"picked":"Runic Pyramid"}],"items_purged_floors":[4,13],"is_endless":false,"potions_floor_spawned":[2,6,11,16,18,24,29,30],"killed_by":"Collector","ascension_level":11}