{"gold_per_floor":[111,130,130,130,143,172,172,172,198,149,164],"floor_reached":11,"playtime":677,"items_purged":[],"score":73,"play_id":"c49420c9-ca1e-4b01-a37f-8a7202002443","local_time":"20190219021925","is_ascension_mode":false,"campfire_choices":[{"floor":7,"key":"REST"}],"neow_cost":"NONE","seed_source_timestamp":2690269764230,"circlet_count":0,"master_deck":["Strike_R","Strike_R","Strike_R","Strike_R","Defend_R","Defend_R","Defend_R","Bash","Havoc","Iron Wave","Shockwave","True Grit","Shrug It Off","Iron Wave"],"relics":["Burning Blood","NeowsBlessing","Omamori","Pen Nib"],"potions_floor_usage":[],"damage_taken":[{"damage":0,"enemies":"Cultist","floor":1,"turns":1},{"damage":0,"enemies":"2 Louse","floor":2,"turns":1},{"damage":0,"enemies":"Jaw Worm","floor":5,"turns":1},{"damage":52,"enemies":"3 Sentries","floor":6,"turns":13},{"damage":41,"enemies":"Large Slime","floor":11,"turns":11}],"seed_played":"6348597768428631649","potions_obtained":[{"floor":1,"key":"BloodPotion"},{"floor":2,"key":"SkillPotion"},{"floor":6,"key":"SpeedPotion"}],"is_trial":false,"path_per_floor":["M","M","?","?","M","E","R","?","T","$","M"],"character_chosen":"IRONCLAD","items_purchased":["Shrug It Off"],"campfire_rested":1,"item_purchase_floors":[10],"current_hp_per_floor":[80,80,73,78,84,38,63,63,63,63,28],"gold":164,"neow_bonus":"THREE_ENEMY_KILL","is_prod":false,"is_daily":false,"chose_seed":false,"campfire_upgraded":0,"win_rate":0,"timestamp":1550535565,"path_taken":["M","?","?","?","M","E","R","?","T","$","M"],"build_version":"2019-01-23","purchased_purges":0,"victory":false,"max_hp_per_floor":[80,80,80,85,85,85,85,85,85,85,85],"card_choices":[{"not_picked":["Searing Blow","Second Wind"],"picked":"Havoc","floor":1},{"not_picked":["Combust","Wild Strike"],"picked":"Iron Wave","floor":2},{"not_picked":["Pummel","Perfected Strike"],"picked":"Shockwave","floor":5},{"not_picked":["Disarm","Warcry"],"picked":"True Grit","floor":6},{"not_picked":["Warcry","Shrug It Off"],"picked":"Iron Wave","floor":11}],"player_experience":397096,"relics_obtained":[{"floor":6,"key":"Omamori"},{"floor":9,"key":"Pen Nib"}],"event_choices":[{"cards_removed":["Strike_R"],"damage_healed":0,"gold_gain":0,"player_choice":"Card Removal","damage_taken":7,"max_hp_gain":0,"max_hp_loss":0,"event_name":"Golden Wing","floor":3,"gold_loss":0},{"damage_healed":0,"gold_gain":0,"player_choice":"Donut","damage_taken":0,"max_hp_gain":5,"max_hp_loss":0,"event_name":"Big Fish","floor":4,"gold_loss":0},{"cards_removed":["Defend_R"],"damage_healed":0,"gold_gain":0,"player_choice":"Offered Basic","damage_taken":0,"max_hp_gain":0,"max_hp_loss":0,"event_name":"Bonfire Elementals","floor":8,"gold_loss":0}],"is_beta":false,"boss_relics":[],"items_purged_floors":[],"is_endless":false,"potions_floor_spawned":[1,2,6],"killed_by":"Large Slime","ascension_level":0}