{"gold_per_floor":[119,129,141,141,158,184,184,2,2,2,21,35,60,80,80,180,180,192,202,222,237,237,237,137,163,189,199,210,237,251,54,54,158,158,171,171,101,101,153,153,171,171,253,266,277,277,289,299,299,299],"floor_reached":51,"playtime":8317,"items_purged":["Strike_G","Strike_G","Strike_G"],"score":780,"play_id":"43817d32-ab40-4a42-b875-0a9b75a6c189","local_time":"20180926065009","is_ascension_mode":false,"campfire_choices":[{"data":"Noxious Fumes","floor":7,"key":"SMITH"},{"data":"Noxious Fumes","floor":10,"key":"SMITH"},{"floor":15,"key":"REST"},{"floor":23,"key":"REST"},{"floor":32,"key":"REST"},{"floor":40,"key":"REST"},{"data":"Apotheosis","floor":42,"key":"SMITH"},{"floor":49,"key":"REST"}],"neow_cost":"NONE","seed_source_timestamp":66884084180667,"circlet_count":0,"master_deck":["Defend_G","Defend_G","Defend_G","Defend_G","Survivor","Neutralize","Noxious Fumes+1","All Out Attack","Escape Plan","Catalyst","Blur","Noxious Fumes+1","Escape Plan","Adrenaline","Outmaneuver","Backflip+1","Deflect","Blur","Backflip","Corpse Explosion","Footwork","Escape Plan","Footwork","Apotheosis+1","Prepared+1","Acrobatics+1","Madness","Madness","Acrobatics+1","Reflex+1"],"relics":["Ring of the Snake","Regal Pillow","Blue Candle","Incense Burner","Sozu","Centennial Puzzle","Bag of Preparation","Bag of Marbles","Empty Cage","Thread and Needle","Ninja Scroll"],"potions_floor_usage":[6,6,18,21],"damage_taken":[{"damage":2,"enemies":"Small Slimes","floor":1,"turns":3},{"damage":1,"enemies":"Cultist","floor":2,"turns":4},{"damage":0,"enemies":"Jaw Worm","floor":3,"turns":3},{"damage":15,"enemies":"Large Slime","floor":5,"turns":7},{"damage":18,"enemies":"3 Sentries","floor":6,"turns":6},{"damage":0,"enemies":"Exordium Thugs","floor":11,"turns":4},{"damage":3,"enemies":"Lots of Slimes","floor":12,"turns":3},{"damage":34,"enemies":"Gremlin Nob","floor":13,"turns":5},{"damage":2,"enemies":"Blue Slaver","floor":14,"turns":4},{"damage":15,"enemies":"Hexaghost","floor":16,"turns":8},{"damage":8,"enemies":"Chosen","floor":18,"turns":5},{"damage":25,"enemies":"3 Byrds","floor":19,"turns":4},{"damage":15,"enemies":"Cultist and Chosen","floor":20,"turns":5},{"damage":4,"enemies":"3 Cultists","floor":21,"turns":5},{"damage":14,"enemies":"Gremlin Leader","floor":25,"turns":8},{"damage":3,"enemies":"Snake Plant","floor":27,"turns":5},{"damage":0,"enemies":"Centurion and Healer","floor":28,"turns":6},{"damage":0,"enemies":"Book of Stabbing","floor":29,"turns":6},{"damage":5,"enemies":"3 Cultists","floor":30,"turns":3},{"damage":21,"enemies":"Collector","floor":33,"turns":9},{"damage":0,"enemies":"3 Shapes","floor":35,"turns":5},{"damage":41,"enemies":"Mysterious Sphere","floor":39,"turns":5},{"damage":0,"enemies":"3 Darklings","floor":41,"turns":6},{"damage":0,"enemies":"4 Shapes","floor":44,"turns":5},{"damage":0,"enemies":"Transient","floor":45,"turns":5},{"damage":0,"enemies":"Reptomancer","floor":47,"turns":6},{"damage":0,"enemies":"Maw","floor":48,"turns":7},{"damage":0,"enemies":"Donu and Deca","floor":50,"turns":6}],"seed_played":"1032386944778451791","potions_obtained":[{"floor":2,"key":"SkillPotion"},{"floor":5,"key":"Regen Potion"},{"floor":6,"key":"Dexterity Potion"},{"floor":14,"key":"Poison Potion"}],"is_trial":false,"path_per_floor":["M","M","M","?","M","E","R","$","T","R","M","M","E","M","R","B",null,"M","M","M","M","?","R","$","E","T","M","M","E","M","$","R","B",null,"M","?","$","?","?","R","M","R","T","M","M","?","M","M","R","B"],"character_chosen":"THE_SILENT","items_purchased":["Noxious Fumes","Escape Plan","Footwork","Footwork"],"campfire_rested":5,"item_purchase_floors":[8,8,31,37],"current_hp_per_floor":[68,67,67,67,52,49,49,49,49,49,49,46,12,10,46,31,70,62,37,22,18,18,54,54,40,40,37,37,37,32,32,68,47,70,70,70,70,60,19,55,55,55,55,55,55,46,46,46,70,70],"gold":299,"neow_bonus":"REMOVE_CARD","is_prod":false,"is_daily":false,"chose_seed":false,"campfire_upgraded":3,"win_rate":0.0,"timestamp":1537933809,"path_taken":["M","M","M","?","M","E","R","$","T","R","?","M","E","M","R","BOSS","M","M","M","M","?","R","$","E","T","?","M","E","M","$","R","BOSS","M","?","$","?","?","R","M","R","T","M","M","?","M","M","R","BOSS"],"build_version":"2018-09-20","purchased_purges":3,"victory":true,"max_hp_per_floor":[70,70,70,70,70,70,70,70,70,70,70,70,70,70,70,70,70,70,70,70,70,70,70,70,70,70,70,70,70,70,70,70,70,70,70,70,70,70,70,70,70,70,70,70,70,70,70,70,70,70],"card_choices":[{"not_picked":["Prepared","Sucker Punch"],"picked":"Noxious Fumes","floor":1},{"not_picked":["Leg Sweep","Sucker Punch"],"picked":"All Out Attack","floor":2},{"not_picked":["Well Laid Plans","Poisoned Stab"],"picked":"Escape Plan","floor":3},{"not_picked":["Blade Dance","Well Laid Plans"],"picked":"Catalyst","floor":5},{"not_picked":["All Out Attack","Choke"],"picked":"Blur","floor":6},{"not_picked":["Bullet Time","Bane","PiercingWail"],"picked":"SKIP","floor":11},{"not_picked":["PiercingWail","Dagger Spray","Heel Hook"],"picked":"SKIP","floor":12},{"not_picked":["Deadly Poison","Sucker Punch","Predator"],"picked":"SKIP","floor":13},{"not_picked":["Bane","Crippling Poison","Terror"],"picked":"SKIP","floor":14},{"not_picked":["Glass Knife","Bullet Time"],"picked":"Adrenaline","floor":16},{"not_picked":["Expertise","Bane"],"picked":"Outmaneuver","floor":18},{"not_picked":["Quick Slash","Deadly Poison","Blade Dance+1"],"picked":"SKIP","floor":19},{"not_picked":["Quick Slash","Glass Knife"],"picked":"Backflip+1","floor":20},{"not_picked":["Flying Knee+1","Leg Sweep"],"picked":"Deflect","floor":21},{"not_picked":["Caltrops","Slice","Riddle With Holes+1"],"picked":"SKIP","floor":25},{"not_picked":["Calculated Gamble","Noxious Fumes"],"picked":"Backflip","floor":27},{"not_picked":["Dodge and Roll+1","Bouncing Flask","Dagger Spray"],"picked":"SKIP","floor":28},{"not_picked":["Deadly Poison","Endless Agony+1"],"picked":"Corpse Explosion","floor":29},{"not_picked":["Expertise","Caltrops+1","Underhanded Strike"],"picked":"SKIP","floor":30},{"not_picked":["Skewer+1","Deflect+1"],"picked":"Escape Plan","floor":35},{"not_picked":["Discovery","Blind"],"picked":"Apotheosis","floor":38},{"not_picked":["Sucker Punch","Blade Dance"],"picked":"Prepared+1","floor":39},{"not_picked":["Crippling Poison","Dagger Throw","Eviscerate+1"],"picked":"SKIP","floor":41},{"not_picked":["Blade Dance+1","Prepared+1"],"picked":"Acrobatics+1","floor":44},{"not_picked":["Flying Knee","Blade Dance","PiercingWail"],"picked":"SKIP","floor":45},{"not_picked":["Flying Knee","Blade Dance","PiercingWail"],"picked":"SKIP","floor":45},{"not_picked":["Leg Sweep","Sucker Punch"],"picked":"Acrobatics+1","floor":47},{"not_picked":["Noxious Fumes","Dodge and Roll+1"],"picked":"Reflex+1","floor":48}],"player_experience":104397,"relics_obtained":[{"floor":6,"key":"Regal Pillow"},{"floor":9,"key":"Blue Candle"},{"floor":13,"key":"Incense Burner"},{"floor":25,"key":"Centennial Puzzle"},{"floor":26,"key":"Bag of Preparation"},{"floor":29,"key":"Bag of Marbles"},{"floor":39,"key":"Thread and Needle"},{"floor":43,"key":"Ninja Scroll"}],"event_choices":[{"event_name":"The Woman in Blue","player_choice":"Bought 0 Potions","floor":4,"damage_taken":0},{"event_name":"The Library","player_choice":"Read","floor":22,"damage_taken":0},{"event_name":"Tomb of Lord Red Mask","player_choice":"Ignored","floor":36,"damage_taken":0},{"event_name":"SensoryStone","player_choice":"Memory 3","floor":38,"damage_taken":0},{"event_name":"Mysterious Sphere","player_choice":"Fight","floor":39,"damage_taken":0},{"event_name":"Winding Halls","player_choice":"Embrace Madness","floor":46,"damage_taken":0}],"is_beta":false,"boss_relics":[{"not_picked":["Lizard Tail","Busted Crown"],"picked":"Sozu"},{"not_picked":["Fusion Hammer","White Beast Statue"],"picked":"Empty Cage"}],"items_purged_floors":[8,24,31],"is_endless":false,"potions_floor_spawned":[2,5,6,14,18,20,25,27,28,44,45,47],"ascension_level":0}