{"path_per_floor":["M","M","M","M","M","R","E","R","T","M","R","M","E","M","R","B",null,"M","$","M","?","M","E","R","M","T"],"character_chosen":"IRONCLAD","items_purchased":["Torii"],"gold_per_floor":[113,129,141,152,162,162,187,187,214,232,232,242,271,284,284,388,388,403,42,53,53,65,95,95,112,136],"floor_reached":27,"campfire_rested":1,"playtime":1998,"current_hp_per_floor":[80,80,80,76,72,72,65,65,65,68,68,58,32,47,47,43,80,61,61,53,53,50,22,47,37,37],"items_purged":["Strike_R"],"gold":136,"play_id":"b0886459-c848-4abe-ab32-c70f44fbb467","is_prod":false,"is_daily":false,"is_ascension_mode":false,"campfire_upgraded":4,"path_taken":["M","M","M","M","M","R","E","R","T","M","R","M","E","M","R","BOSS","M","$","M","?","M","E","R","M","T","M"],"build_version":"2018-01-23-BETA1","purchased_purges":1,"victory":false,"master_deck":["Strike_R","Strike_R","Strike_R","Strike_R","Defend_R","Defend_R","Defend_R","Defend_R","Bash","Exhume","Havoc","Demon Form","Cleave","Inflame","Heavy Blade","Clothesline","Shrug It Off","Shrug It Off","Feed","Rampage","Pommel Strike","Uppercut","Havoc","Pommel Strike"],"max_hp_per_floor":[80,80,80,80,80,80,80,80,80,80,80,80,80,80,80,80,80,80,80,83,83,86,86,86,86,86],"relics":["Burning Blood","Mummified Hand","Bronze Scales","Philosopher\u0027s Stone","Torii","Ancient Tea Set","Dream Catcher"],"card_choices":[{"not_picked":["Clash","Searing Blow"],"picked":"Exhume"},{"not_picked":["Perfected Strike","Shockwave"],"picked":"Havoc"},{"not_picked":["Warcry","Havoc"],"picked":"Demon Form"},{"not_picked":["Clash","Reckless Charge"],"picked":"Cleave"},{"not_picked":["Rampage","Reckless Charge"],"picked":"Inflame"},{"not_picked":["Fire Breathing","Body Slam"],"picked":"Heavy Blade"},{"not_picked":["Bloodletting","Reckless Charge"],"picked":"Clothesline"},{"not_picked":["Dropkick","Body Slam"],"picked":"Shrug It Off"},{"not_picked":["Sever Soul","Cleave"],"picked":"Shrug It Off"},{"not_picked":["Dark Embrace","Demon Form"],"picked":"Feed"},{"not_picked":["Flex","Perfected Strike"],"picked":"Rampage"},{"not_picked":["Body Slam","Twin Strike"],"picked":"Pommel Strike"},{"not_picked":["Warcry","Fire Breathing"],"picked":"Uppercut"},{"not_picked":["Armaments","Sever Soul"],"picked":"Havoc"},{"not_picked":["Wild Strike","Clash"],"picked":"Pommel Strike"}],"player_experience":15671,"potions_floor_usage":[10,13,14,20,22,23,23,25],"damage_taken":[{"damage":0,"enemies":"Small Slimes","floor":1,"turns":3},{"damage":3,"enemies":"2 Louse","floor":2,"turns":4},{"damage":1,"enemies":"Cultist","floor":3,"turns":4},{"damage":10,"enemies":"Looter","floor":4,"turns":3},{"damage":10,"enemies":"3 Louse","floor":5,"turns":5},{"damage":13,"enemies":"Lagavulin","floor":7,"turns":5},{"damage":3,"enemies":"Lots of Slimes","floor":10,"turns":1},{"damage":16,"enemies":"Exordium Thugs","floor":12,"turns":3},{"damage":32,"enemies":"3 Sentries","floor":13,"turns":4},{"damage":6,"enemies":"3 Louse","floor":14,"turns":7},{"damage":10,"enemies":"The Guardian","floor":16,"turns":7},{"damage":25,"enemies":"Spheric Guardian","floor":18,"turns":5},{"damage":26,"enemies":"Shell Parasite","floor":20,"turns":4},{"damage":12,"enemies":"Centurion and Healer","floor":22,"turns":4},{"damage":34,"enemies":"Slavers","floor":23,"turns":4},{"damage":16,"enemies":"Slaver and Parasite","floor":25,"turns":5},{"damage":42,"enemies":"Chosen and Byrds","floor":27,"turns":4}],"event_choices":[{"event_name":"Beggar","player_choice":"Ignored","floor":21,"damage_taken":0}],"boss_relics":[{"not_picked":["Runic Pyramid","Black Blood"],"picked":"Philosopher\u0027s Stone"}],"potions_floor_spawned":[2,3,7,12,14,16,20,23],"seed_played":"5997441471892935312","killed_by":"Chosen and Byrds","ascension_level":0,"is_trial":false}