{"gold_per_floor":[109,15,27,39,50,50,65,94,94,111,72,72,88,163,163,240,240,259,259,277,287,4,4,18,28,28,40,40,53,53,71,71,71],"floor_reached":33,"playtime":3482,"items_purged":[],"score":459,"play_id":"6488e5ca-3cc4-4686-9207-87b7bdf07cb1","local_time":"20190304215303","is_ascension_mode":true,"campfire_choices":[{"data":"Beam Cell","floor":6,"key":"SMITH"},{"data":"Consume","floor":15,"key":"SMITH"},{"data":"Defragment","floor":23,"key":"SMITH"},{"floor":28,"key":"REST"},{"floor":32,"key":"REST"}],"neow_cost":"NONE","seed_source_timestamp":76257671160493,"circlet_count":0,"master_deck":["AscendersBane","Strike_B","Strike_B","Strike_B","Defend_B","Defend_B","Defend_B","Defend_B","Zap","Dualcast","Streamline","Beam Cell+1","Reinforced Body","Chill","Hologram","Coolheaded","Blizzard","Consume+1","Stack+1","Hello World","Go for the Eyes","Fission+1","Ball Lightning+1","Skim+1","Defragment+1","Hologram+1","Hyperbeam","Leap+1","Hologram+1"],"special_seed":0,"relics":["Cracked Core","Boot","Pen Nib","Toxic Egg 2","Pantograph","Snecko Eye","Bag of Preparation","Shuriken"],"potions_floor_usage":[5,7,16,20,21,21,24,24,27,33],"damage_taken":[{"damage":0,"enemies":"Cultist","floor":1,"turns":3},{"damage":0,"enemies":"Small Slimes","floor":3,"turns":3},{"damage":7,"enemies":"Jaw Worm","floor":4,"turns":3},{"damage":16,"enemies":"Gremlin Gang","floor":5,"turns":5},{"damage":0,"enemies":"Looter","floor":7,"turns":3},{"damage":17,"enemies":"Lagavulin","floor":8,"turns":6},{"damage":6,"enemies":"Red Slaver","floor":10,"turns":4},{"damage":0,"enemies":"2 Fungi Beasts","floor":13,"turns":3},{"damage":31,"enemies":"Hexaghost","floor":16,"turns":12},{"damage":17,"enemies":"Spheric Guardian","floor":18,"turns":4},{"damage":0,"enemies":"3 Byrds","floor":20,"turns":6},{"damage":7,"enemies":"3 Cultists","floor":21,"turns":6},{"damage":24,"enemies":"Snake Plant","floor":24,"turns":5},{"damage":0,"enemies":"Snecko","floor":25,"turns":2},{"damage":5,"enemies":"Centurion and Healer","floor":27,"turns":3},{"damage":18,"enemies":"Snake Plant","floor":29,"turns":7},{"damage":0,"enemies":"3 Cultists","floor":31,"turns":1},{"damage":70,"enemies":"Automaton","floor":33,"turns":12}],"seed_played":"-637097415823756803","potions_obtained":[{"floor":3,"key":"Poison Potion"},{"floor":4,"key":"Ancient Potion"},{"floor":5,"key":"EssenceOfSteel"},{"floor":10,"key":"FearPotion"},{"floor":18,"key":"Poison Potion"},{"floor":20,"key":"EntropicBrew"},{"floor":25,"key":"Swift Potion"},{"floor":31,"key":"EssenceOfSteel"}],"is_trial":false,"path_per_floor":["M","$","M","M","M","R","M","E","T","M","$","T","M","?","R","B",null,"M","?","M","M","$","R","M","M","T","M","R","M","?","M","R","B"],"character_chosen":"DEFECT","items_purchased":["Beam Cell","Reinforced Body","Hello World","Skim+1","Defragment","Hologram+1","Fire Potion"],"campfire_rested":2,"item_purchase_floors":[2,2,11,22,22,22,22],"current_hp_per_floor":[64,64,64,57,41,41,41,24,24,18,18,18,18,7,7,1,54,37,37,37,30,30,30,6,6,6,1,22,4,4,4,25,0],"gold":71,"neow_bonus":"RANDOM_COMMON_RELIC","is_prod":false,"is_daily":false,"chose_seed":false,"campfire_upgraded":3,"win_rate":0,"timestamp":1551754383,"path_taken":["M","$","M","M","M","R","M","E","T","M","$","?","?","?","R","BOSS","M","?","?","M","$","R","M","M","T","M","R","M","?","?","R","BOSS"],"build_version":"2019-01-23","purchased_purges":0,"victory":false,"max_hp_per_floor":[71,71,71,71,71,71,71,71,71,71,71,71,71,71,71,71,71,71,71,71,71,71,71,71,71,71,71,71,71,71,71,71,71],"card_choices":[{"not_picked":["Steam","Leap"],"picked":"Streamline","floor":1},{"not_picked":["Blizzard","Beam Cell"],"picked":"Chill","floor":3},{"not_picked":["Gash","Leap"],"picked":"Hologram","floor":4},{"not_picked":["Chaos","Rebound"],"picked":"Coolheaded","floor":5},{"not_picked":["Meteor Strike","Leap"],"picked":"Blizzard","floor":7},{"not_picked":["Stack","Capacitor"],"picked":"Consume","floor":8},{"not_picked":["Streamline","Blizzard"],"picked":"Stack+1","floor":10},{"not_picked":["Rebound","Tempest+1"],"picked":"Go for the Eyes","floor":13},{"not_picked":["Meteor Strike","Buffer"],"picked":"Fission+1","floor":16},{"not_picked":["Sweeping Beam","Redo+1"],"picked":"Ball Lightning+1","floor":18},{"not_picked":["Melter","Streamline","Compile Driver"],"picked":"SKIP","floor":20},{"not_picked":["Gash+1","Chaos+1","Rip and Tear"],"picked":"SKIP","floor":21},{"not_picked":["Beam Cell","Sweeping Beam"],"picked":"Hyperbeam","floor":24},{"not_picked":["Reprogram+1","Chill+1","Steam+1"],"picked":"SKIP","floor":25},{"not_picked":["Melter","Streamline","Doom and Gloom"],"picked":"SKIP","floor":27},{"not_picked":["Blizzard","Doom and Gloom+1"],"picked":"Leap+1","floor":29},{"not_picked":["Stack+1","Turbo+1"],"picked":"Hologram+1","floor":31}],"player_experience":840409,"relics_obtained":[{"floor":8,"key":"Pen Nib"},{"floor":9,"key":"Toxic Egg 2"},{"floor":12,"key":"Pantograph"},{"floor":26,"key":"Shuriken"}],"event_choices":[{"damage_healed":0,"gold_gain":75,"player_choice":"Gather Gold","damage_taken":11,"max_hp_gain":0,"max_hp_loss":0,"event_name":"World of Goop","floor":14,"gold_loss":0},{"damage_healed":0,"gold_gain":0,"player_choice":"Gave Potion","damage_taken":0,"relics_obtained":["Bag of Preparation"],"max_hp_gain":0,"max_hp_loss":0,"event_name":"WeMeetAgain","floor":19,"gold_loss":0},{"cards_removed":["Strike_B"],"damage_healed":0,"gold_gain":0,"player_choice":"Purged","damage_taken":0,"max_hp_gain":0,"max_hp_loss":0,"event_name":"Purifier","floor":30,"gold_loss":0}],"is_beta":false,"boss_relics":[{"not_picked":["Philosopher\u0027s Stone","Inserter"],"picked":"Snecko Eye"}],"items_purged_floors":[],"is_endless":false,"potions_floor_spawned":[3,4,5,10,18,20,25,31],"killed_by":"Automaton","ascension_level":16}