{"gold_per_floor":[109,123,136,156,169,198,198,198],"floor_reached":8,"playtime":630,"items_purged":[],"score":75,"play_id":"51ab69ea-2c8e-444b-955d-415b25f886f5","local_time":"20190220173515","is_ascension_mode":true,"campfire_choices":[{"data":"Concentrate","floor":7,"key":"SMITH"}],"neow_cost":"NONE","seed_source_timestamp":299452153030400,"circlet_count":0,"master_deck":["Defend_G","Defend_G","Defend_G","Defend_G","Defend_G","Strike_G","Strike_G","Strike_G","Strike_G","Strike_G","Survivor","Neutralize","Impatience","Slice","Masterful Stab","PiercingWail","Concentrate+1","Poisoned Stab","All Out Attack"],"relics":["Ring of the Snake","Matryoshka"],"potions_floor_usage":[4,4,6,8],"damage_taken":[{"damage":2,"enemies":"Cultist","floor":1,"turns":4},{"damage":2,"enemies":"Jaw Worm","floor":2,"turns":4},{"damage":0,"enemies":"2 Louse","floor":3,"turns":2},{"damage":5,"enemies":"Gremlin Gang","floor":4,"turns":7},{"damage":1,"enemies":"3 Louse","floor":5,"turns":4},{"damage":44,"enemies":"Gremlin Nob","floor":6,"turns":6},{"damage":20,"enemies":"3 Sentries","floor":8,"turns":4}],"seed_played":"-8434873301922987016","potions_obtained":[{"floor":1,"key":"SmokeBomb"},{"floor":2,"key":"EntropicBrew"},{"floor":4,"key":"AttackPotion"}],"is_trial":false,"path_per_floor":["M","M","M","M","M","E","R","E"],"character_chosen":"THE_SILENT","items_purchased":[],"campfire_rested":0,"item_purchase_floors":[],"current_hp_per_floor":[68,66,66,61,60,16,16,0],"gold":198,"neow_bonus":"RANDOM_COLORLESS","is_prod":false,"is_daily":false,"chose_seed":false,"campfire_upgraded":1,"win_rate":0,"timestamp":1550680515,"path_taken":["M","M","M","?","?","E","R","E"],"build_version":"2019-01-23","purchased_purges":0,"victory":false,"max_hp_per_floor":[70,70,70,70,70,70,70,70],"card_choices":[{"not_picked":["Finisher","Sucker Punch"],"picked":"Slice","floor":1},{"not_picked":["Dagger Spray","Dagger Throw"],"picked":"Masterful Stab","floor":2},{"not_picked":["Dash","Catalyst"],"picked":"PiercingWail","floor":3},{"not_picked":["Blade Dance","Dodge and Roll"],"picked":"Concentrate","floor":4},{"not_picked":["Caltrops","Prepared"],"picked":"Poisoned Stab","floor":5},{"not_picked":["Underhanded Strike","Blade Dance"],"picked":"All Out Attack","floor":6}],"player_experience":329581,"relics_obtained":[{"floor":6,"key":"Matryoshka"}],"event_choices":[],"is_beta":false,"boss_relics":[],"items_purged_floors":[],"is_endless":false,"potions_floor_spawned":[1,2,4],"killed_by":"3 Sentries","ascension_level":5}