{"gold_per_floor":[114,133,149,169,180,207,382,382,382,382],"floor_reached":10,"playtime":1394,"items_purged":[],"score":70,"play_id":"82bc9df5-45b6-48fc-9a89-5e115007c307","local_time":"20190209103036","is_ascension_mode":false,"campfire_choices":[{"floor":8,"key":"RECALL"}],"neow_cost":"NONE","seed_source_timestamp":1954939788127052,"circlet_count":0,"master_deck":["Strike_R","Strike_R","Strike_R","Strike_R","Strike_R","Defend_R+1","Defend_R+1","Defend_R","Defend_R","Bash","Shrug It Off","Clash","Bloodletting","Shrug It Off","Iron Wave","Ghostly Armor","Doubt"],"relics":["Burning Blood","War Paint","Prayer Wheel"],"potions_floor_usage":[],"damage_taken":[{"damage":0,"enemies":"Small Slimes","floor":1,"turns":3},{"damage":1,"enemies":"Cultist","floor":2,"turns":4},{"damage":0,"enemies":"2 Louse","floor":3,"turns":2},{"damage":8,"enemies":"Blue Slaver","floor":4,"turns":4},{"damage":9,"enemies":"Large Slime","floor":5,"turns":8},{"damage":13,"enemies":"3 Sentries","floor":6,"turns":12},{"damage":68,"enemies":"Gremlin Nob","floor":10,"turns":8}],"seed_played":"-4897634013533668001","potions_obtained":[{"floor":5,"key":"LiquidBronze"}],"is_trial":false,"path_per_floor":["M","M","M","M","M","E","?","R","T","E"],"character_chosen":"IRONCLAD","items_purchased":[],"campfire_rested":0,"item_purchase_floors":[],"current_hp_per_floor":[80,80,80,78,75,68,68,68,68,0],"gold":382,"neow_bonus":"RANDOM_COMMON_RELIC","is_prod":false,"is_daily":false,"chose_seed":false,"campfire_upgraded":0,"win_rate":0,"timestamp":1549737036,"path_taken":["M","M","M","M","M","E","?","R","T","E"],"build_version":"2019-01-23","purchased_purges":0,"victory":false,"max_hp_per_floor":[80,80,80,80,80,80,80,80,80,80],"card_choices":[{"not_picked":["Wild Strike","Clothesline"],"picked":"Shrug It Off","floor":1},{"not_picked":["True Grit","Uppercut"],"picked":"Clash","floor":2},{"not_picked":["Headbutt","True Grit"],"picked":"Bloodletting","floor":3},{"not_picked":["Feel No Pain","Power Through"],"picked":"Shrug It Off","floor":4},{"not_picked":["Brutality","Headbutt"],"picked":"Iron Wave","floor":5},{"not_picked":["Wild Strike","Reckless Charge"],"picked":"Ghostly Armor","floor":6}],"player_experience":145920,"relics_obtained":[{"floor":6,"key":"Prayer Wheel"}],"event_choices":[{"damage_healed":0,"gold_gain":175,"player_choice":"AGREE","damage_taken":0,"max_hp_gain":0,"max_hp_loss":0,"event_name":"Liars Game","floor":7,"gold_loss":0,"cards_obtained":["Doubt"]}],"is_beta":false,"boss_relics":[],"items_purged_floors":[],"is_endless":false,"potions_floor_spawned":[5],"killed_by":"Gremlin Nob","ascension_level":0}