{"path_per_floor":["M","?","M","$","M","R","M","R","T","?","M","E","?","$","R","B",null,"M","?","$","?","?","M","E","R","T","M","$","M","R","M","R"],"character_chosen":"THE_SILENT","items_purchased":["Caltrops","Girya"],"gold_per_floor":[112,287,304,154,172,172,185,185,240,240,253,286,316,3,3,105,105,118,33,33,33,33,47,76,76,103,114,14,30,30,45,45],"floor_reached":33,"campfire_rested":2,"playtime":3842,"current_hp_per_floor":[70,70,70,70,68,68,66,66,66,66,66,41,41,41,41,31,70,56,63,63,47,47,45,36,36,36,29,29,13,39,5,32],"items_purged":["Strike_G","Normality"],"gold":45,"play_id":"1709588d-45f7-400e-8a50-84cc35f7cb1c","is_prod":false,"is_daily":false,"campfire_rituals":0,"campfire_upgraded":2,"is_hardmode":false,"path_taken":["M","?","M","?","M","R","M","R","T","?","?","E","?","$","R","BOSS","M","?","$","?","?","M","E","R","T","M","?","?","R","M","R","BOSS"],"build_version":"2018-01-11-PROD2","purchased_purges":3,"victory":false,"master_deck":["Defend_G","Defend_G","Defend_G","Defend_G","Defend_G","Survivor","Neutralize","Flying Knee","Unload","Reflex","Escape Plan","Doubt","Outmaneuver","Caltrops","Infinite Blades","Dagger Throw","Poisoned Stab","Unload","Clumsy","Clumsy","Backflip","Acrobatics","Acrobatics","Prepared"],"max_hp_per_floor":[70,70,70,70,70,70,70,70,70,70,70,70,70,70,70,70,70,70,77,77,77,77,77,87,87,87,87,87,89,89,91,91],"relics":["Astrolabe","Singing Bowl","Bottled Lightning","Anchor","Girya","Calling Bell","Shovel","Lantern","Snake Skull","Strawberry","Nilry\u0027s Codex","Pear","Bronze Scales","Omamori"],"campfire_meditates":0,"card_choices":[{"not_picked":["Dodge and Roll","Finisher"],"picked":"Escape Plan"},{"not_picked":["PiercingWail","Deflect"],"picked":"Outmaneuver"},{"not_picked":["Prepared","Calculated Gamble"],"picked":"Infinite Blades"},{"not_picked":["Outmaneuver","Finisher"],"picked":"Dagger Throw"},{"not_picked":["Deadly Poison","Escape Plan"],"picked":"Poisoned Stab"},{"not_picked":["Tactician","A Thousand Cuts"],"picked":"Unload"},{"not_picked":["Deadly Poison","Flying Knee"],"picked":"Backflip"},{"not_picked":["Terror","Calculated Gamble"],"picked":"Acrobatics"},{"not_picked":["Doppelganger","Endless Agony"],"picked":"Acrobatics"},{"not_picked":["Deflect","Deadly Poison"],"picked":"Prepared"}],"player_experience":131160,"potions_floor_usage":[12,23,29,29,33,33],"damage_taken":[{"damage":0,"enemies":"Small Slimes","floor":1,"turns":3},{"damage":0,"enemies":"2 Louse","floor":3,"turns":4},{"damage":2,"enemies":"Blue Slaver","floor":5,"turns":4},{"damage":2,"enemies":"Looter","floor":7,"turns":4},{"damage":0,"enemies":"2 Fungi Beasts","floor":11,"turns":4},{"damage":25,"enemies":"3 Sentries","floor":12,"turns":5},{"damage":10,"enemies":"Hexaghost","floor":16,"turns":9},{"damage":14,"enemies":"Shell Parasite","floor":18,"turns":7},{"damage":2,"enemies":"2 Thieves","floor":23,"turns":5},{"damage":19,"enemies":"Slavers","floor":24,"turns":7},{"damage":7,"enemies":"3 Cultists","floor":27,"turns":4},{"damage":18,"enemies":"Centurion and Healer","floor":29,"turns":4},{"damage":36,"enemies":"Sentry and Sphere","floor":31,"turns":6},{"damage":37,"enemies":"Automaton","floor":33,"turns":6}],"event_choices":[{"event_name":"Liars Game","player_choice":"agreed","floor":2,"damage_taken":0},{"event_name":"Living Wall","player_choice":"Forget","floor":10,"damage_taken":0},{"event_name":"Dead Adventurer","player_choice":"Searched \u00272\u0027 times","floor":13,"damage_taken":0},{"event_name":"Addict","player_choice":"Obtained Relic","floor":19,"damage_taken":0},{"event_name":"Cursed Tome","player_choice":"Obtained Book","floor":21,"damage_taken":0},{"event_name":"Back to Basics","player_choice":"Simplicity","floor":22,"damage_taken":0}],"boss_relics":[{"not_picked":["Snecko Eye","Runic Dome"],"picked":"Calling Bell"}],"potions_floor_spawned":[3,5,12,23,31],"seed_played":"392763686243975471","killed_by":"Automaton","is_trial":false}