{"gold_per_floor":[114,129,145,165,41,41,72,89,89,100,111,122,92,105,105,203,203,221,221,221,232,232,259,274,274,322,348,358,358,458,488,488,584,584,599,609,318,336,436,455,455,475,475,490,136,136,136,166,166,166],"floor_reached":51,"playtime":2703,"items_purged":["Strike_R","Normality","Strike_R"],"score":983,"play_id":"6bba9c33-dba2-47c5-87d6-a055dde0ffa1","local_time":"20180922170246","is_ascension_mode":true,"campfire_choices":[{"data":"True Grit","floor":6,"key":"SMITH"},{"floor":15,"key":"REST"},{"data":"Demon Form","floor":25,"key":"SMITH"},{"data":"Metallicize","floor":29,"key":"SMITH"},{"data":"Heavy Blade","floor":32,"key":"SMITH"},{"data":"Battle Trance","floor":41,"key":"SMITH"},{"floor":46,"key":"REST"},{"data":"Bash","floor":49,"key":"SMITH"}],"neow_cost":"","seed_source_timestamp":68175721459468,"circlet_count":0,"master_deck":["Strike_R","Strike_R","Defend_R","Defend_R","Defend_R","Defend_R","Bash+1","True Grit+1","Heavy Blade+1","Metallicize+1","Demon Form+1","Cleave","Dual Wield+1","Evolve","Battle Trance+1","Reaper","Ghostly Armor+1","Shrug It Off","Headbutt","Shockwave+1","Thunderclap","Whirlwind","Feed","Impervious","Twin Strike+1","Metallicize+1","True Grit+1","Shrug It Off","Writhe"],"relics":["Burning Blood","Mummified Hand","Self Forming Clay","Cursed Key","MutagenicStrength","Mercury Hourglass","PreservedInsect","Paper Frog","Mango","Darkstone Periapt","Matryoshka","Lizard Tail","DollysMirror","Pen Nib","Potion Belt"],"potions_floor_usage":[7,16,16,23,23,27,30,33,40,48,48,50],"damage_taken":[{"damage":6,"enemies":"Cultist","floor":1,"turns":4},{"damage":1,"enemies":"Small Slimes","floor":2,"turns":5},{"damage":0,"enemies":"2 Louse","floor":3,"turns":3},{"damage":6,"enemies":"2 Fungi Beasts","floor":4,"turns":4},{"damage":46,"enemies":"Lagavulin","floor":7,"turns":7},{"damage":14,"enemies":"3 Louse","floor":8,"turns":4},{"damage":9,"enemies":"Large Slime","floor":10,"turns":8},{"damage":6,"enemies":"Red Slaver","floor":11,"turns":3},{"damage":11,"enemies":"Exordium Wildlife","floor":12,"turns":4},{"damage":11,"enemies":"Looter","floor":13,"turns":4},{"damage":9,"enemies":"Large Slime","floor":14,"turns":7},{"damage":15,"enemies":"Slime Boss","floor":16,"turns":8},{"damage":24,"enemies":"3 Byrds","floor":18,"turns":6},{"damage":8,"enemies":"Shell Parasite","floor":21,"turns":5},{"damage":26,"enemies":"Slavers","floor":23,"turns":5},{"damage":3,"enemies":"Snecko","floor":24,"turns":5},{"damage":18,"enemies":"Gremlin Leader","floor":27,"turns":4},{"damage":0,"enemies":"Centurion and Healer","floor":28,"turns":5},{"damage":13,"enemies":"Colosseum Slavers","floor":30,"turns":4},{"damage":27,"enemies":"Colosseum Nobs","floor":30,"turns":4},{"damage":36,"enemies":"Slavers","floor":31,"turns":4},{"damage":15,"enemies":"Champ","floor":33,"turns":10},{"damage":11,"enemies":"Orb Walker","floor":35,"turns":3},{"damage":11,"enemies":"3 Shapes","floor":36,"turns":2},{"damage":14,"enemies":"3 Darklings","floor":38,"turns":5},{"damage":44,"enemies":"Transient","floor":40,"turns":5},{"damage":50,"enemies":"4 Shapes","floor":42,"turns":2},{"damage":0,"enemies":"3 Darklings","floor":44,"turns":3},{"damage":35,"enemies":"2 Orb Walkers","floor":48,"turns":6},{"damage":106,"enemies":"Time Eater","floor":50,"turns":9}],"seed_played":"4851869075373214818","potions_obtained":[{"floor":3,"key":"LiquidBronze"},{"floor":7,"key":"SpeedPotion"},{"floor":11,"key":"Regen Potion"},{"floor":16,"key":"FearPotion"},{"floor":18,"key":"Regen Potion"},{"floor":28,"key":"LiquidBronze"},{"floor":31,"key":"Weak Potion"},{"floor":35,"key":"BloodPotion"},{"floor":36,"key":"AttackPotion"},{"floor":38,"key":"AttackPotion"}],"is_trial":false,"path_per_floor":["M","M","M","M","$","R","E","M","T","M","M","M","M","M","R","B",null,"M","?","?","M","?","E","M","R","T","E","M","R","?","E","R","B",null,"M","M","$","M","?","M","R","M","T","M","$","R","?","E","R","B"],"character_chosen":"IRONCLAD","items_purchased":["Explosive Potion","DollysMirror","Pen Nib","BloodPotion"],"campfire_rested":2,"item_purchase_floors":[5,37,45,45],"current_hp_per_floor":[72,77,80,80,80,80,40,32,32,29,29,24,19,16,40,46,72,68,68,68,66,66,60,71,71,71,63,76,76,73,43,43,61,88,83,92,92,89,89,58,58,14,14,20,20,49,79,80,80,46],"gold":166,"neow_bonus":"","is_prod":false,"is_daily":false,"chose_seed":false,"campfire_upgraded":6,"win_rate":0,"timestamp":1537650166,"path_taken":["M","M","M","M","$","R","E","M","T","M","M","M","?","?","R","BOSS","M","?","?","M","?","E","M","R","T","E","?","R","?","E","R","BOSS","M","M","$","?","?","M","R","M","T","M","$","R","?","E","R","BOSS"],"build_version":"2018-09-20","purchased_purges":3,"victory":true,"max_hp_per_floor":[80,80,80,80,80,80,80,80,80,80,80,80,80,80,80,80,80,80,80,80,80,80,80,80,80,80,80,80,80,94,94,94,97,97,97,97,97,97,97,97,97,97,97,97,97,97,103,106,106,106],"card_choices":[{"not_picked":["Combust","Rage"],"picked":"True Grit","floor":1},{"not_picked":["Iron Wave","Havoc","Power Through"],"picked":"SKIP","floor":2},{"not_picked":["Second Wind","Feel No Pain"],"picked":"Heavy Blade","floor":3},{"not_picked":["Wild Strike","Havoc"],"picked":"Metallicize","floor":4},{"not_picked":["Combust","Rupture"],"picked":"Demon Form","floor":7},{"not_picked":["Heavy Blade","Iron Wave","True Grit"],"picked":"SKIP","floor":8},{"not_picked":["Iron Wave","Evolve"],"picked":"Cleave","floor":10},{"not_picked":["Power Through","Clash"],"picked":"Dual Wield","floor":11},{"not_picked":["Heavy Blade","Carnage"],"picked":"Evolve","floor":12},{"not_picked":["Wild Strike","Flame Barrier"],"picked":"Battle Trance","floor":13},{"not_picked":["True Grit","Twin Strike","Heavy Blade"],"picked":"SKIP","floor":14},{"not_picked":["Dark Embrace","Demon Form"],"picked":"Reaper","floor":16},{"not_picked":["Sword Boomerang","Anger+1"],"picked":"Ghostly Armor+1","floor":18},{"not_picked":["Anger","Body Slam","Wild Strike"],"picked":"SKIP","floor":21},{"not_picked":["Reaper","Twin Strike+1"],"picked":"Shrug It Off","floor":23},{"not_picked":["Inflame","Intimidate"],"picked":"Headbutt","floor":24},{"not_picked":["Clash","Wild Strike"],"picked":"Shockwave+1","floor":27},{"not_picked":["Havoc","Heavy Blade"],"picked":"Thunderclap","floor":28},{"not_picked":["Clash+1","Cleave+1"],"picked":"Whirlwind","floor":30},{"not_picked":["Warcry","Clash"],"picked":"Feed","floor":31},{"not_picked":["Feed","Dark Embrace"],"picked":"Impervious","floor":33},{"not_picked":["Twin Strike+1","Heavy Blade","Burning Pact"],"picked":"SKIP","floor":35},{"not_picked":["Heavy Blade","Burning Pact"],"picked":"Twin Strike+1","floor":35},{"not_picked":["Rampage+1","Havoc+1","Blood for Blood"],"picked":"SKIP","floor":36},{"not_picked":["Thunderclap","Power Through","Iron Wave+1"],"picked":"SKIP","floor":38},{"not_picked":["Armaments+1","Sentinel+1","Twin Strike"],"picked":"SKIP","floor":40},{"not_picked":["Flex","Thunderclap+1"],"picked":"True Grit+1","floor":42},{"not_picked":["Warcry+1","Second Wind"],"picked":"Shrug It Off","floor":44},{"not_picked":["Perfected Strike+1","Anger+1","Clothesline+1"],"picked":"SKIP","floor":48}],"player_experience":567669,"relics_obtained":[{"floor":7,"key":"Mummified Hand"},{"floor":9,"key":"Self Forming Clay"},{"floor":23,"key":"Mercury Hourglass"},{"floor":26,"key":"PreservedInsect"},{"floor":27,"key":"Paper Frog"},{"floor":30,"key":"Mango"},{"floor":30,"key":"Darkstone Periapt"},{"floor":31,"key":"Matryoshka"},{"floor":48,"key":"Potion Belt"}],"event_choices":[{"event_name":"Drug Dealer","player_choice":"Inject Mutagens","floor":19,"damage_taken":0},{"event_name":"Back to Basics","player_choice":"Elegance","floor":20,"damage_taken":0},{"event_name":"Upgrade Shrine","player_choice":"Upgraded","floor":22,"damage_taken":0},{"event_name":"Colosseum","player_choice":"Fight","floor":30,"damage_taken":0},{"event_name":"Colosseum","player_choice":"Fought Nobs","floor":30,"damage_taken":0},{"event_name":"Golden Shrine","player_choice":"Pray","floor":39,"damage_taken":0},{"event_name":"Winding Halls","player_choice":"Writhe","floor":47,"damage_taken":0}],"is_beta":false,"boss_relics":[{"not_picked":["Black Blood","Astrolabe"],"picked":"Cursed Key"},{"not_picked":["Pandora\u0027s Box","Runic Cube"],"picked":"Lizard Tail"}],"items_purged_floors":[5,37,45],"is_endless":false,"potions_floor_spawned":[3,7,11,12,14,16,18,28,31,35,36,38],"ascension_level":6}