{"gold_per_floor":[117,137,157,235,310,310,345,345,345,345,365,365,72,22,22,100,100,100,0,0,0,0,0,0,0,0,0,0,0,0,0,0,0],"floor_reached":33,"playtime":1410,"items_purged":["Strike_G","Defend_G"],"score":408,"play_id":"3971fa8d-105b-4d9d-a4ae-fd66025009b1","local_time":"20190301124743","is_ascension_mode":true,"campfire_choices":[{"data":"Predator","floor":6,"key":"SMITH"},{"data":"All Out Attack","floor":8,"key":"SMITH"},{"data":"Blade Dance","floor":10,"key":"SMITH"},{"data":"Poisoned Stab","floor":12,"key":"SMITH"},{"data":"Neutralize","floor":15,"key":"SMITH"},{"floor":23,"key":"REST"},{"data":"Blur","floor":25,"key":"SMITH"},{"floor":27,"key":"REST"},{"data":"Cloak And Dagger","floor":32,"key":"SMITH"}],"neow_cost":"NONE","seed_source_timestamp":745172600497935,"circlet_count":0,"master_deck":["AscendersBane","Defend_G","Defend_G","Defend_G","Strike_G","Strike_G","Strike_G","Survivor","Neutralize+1","Tactician","Predator+1","Escape Plan","Blade Dance+1","All Out Attack+1","Poisoned Stab+1","Blur+1","Doppelganger","Well Laid Plans","Infinite Blades+1","Flying Knee+1","Shame","Cloak And Dagger+1"],"relics":["Ring of the Snake","Matryoshka","Art of War","Bottled Lightning","Pen Nib","Ectoplasm","Smiling Mask","Centennial Puzzle","Regal Pillow"],"potions_floor_usage":[7,16,16,18,20,21,33,33],"damage_taken":[{"damage":0,"enemies":"2 Louse","floor":1,"turns":4},{"damage":3,"enemies":"Small Slimes","floor":2,"turns":4},{"damage":3,"enemies":"Jaw Worm","floor":3,"turns":6},{"damage":26,"enemies":"Gremlin Nob","floor":7,"turns":4},{"damage":2,"enemies":"Red Slaver","floor":11,"turns":5},{"damage":11,"enemies":"The Guardian","floor":16,"turns":10},{"damage":1,"enemies":"3 Byrds","floor":18,"turns":4},{"damage":6,"enemies":"Shell Parasite","floor":20,"turns":3},{"damage":15,"enemies":"3 Cultists","floor":21,"turns":5},{"damage":25,"enemies":"Sentry and Sphere","floor":22,"turns":4},{"damage":15,"enemies":"Snake Plant","floor":24,"turns":4},{"damage":3,"enemies":"Chosen and Byrds","floor":30,"turns":4},{"damage":32,"enemies":"Snecko","floor":31,"turns":5},{"damage":17,"enemies":"Collector","floor":33,"turns":6}],"seed_played":"508819306549372461","potions_obtained":[{"floor":1,"key":"PowerPotion"},{"floor":7,"key":"EntropicBrew"},{"floor":11,"key":"GhostInAJar"},{"floor":20,"key":"Swift Potion"},{"floor":30,"key":"SteroidPotion"},{"floor":31,"key":"Strength Potion"}],"is_trial":false,"path_per_floor":["M","M","M","?","?","R","E","R","T","R","M","R","$","?","R","B",null,"M","$","M","M","M","R","M","R","T","R","?","?","M","M","R","B"],"character_chosen":"THE_SILENT","items_purchased":["Blur","Pen Nib"],"campfire_rested":2,"item_purchase_floors":[13,13],"current_hp_per_floor":[63,60,57,57,46,46,20,20,20,20,18,18,18,18,18,7,54,53,53,47,32,7,28,13,13,13,34,57,57,54,22,22,5],"gold":0,"neow_bonus":"TRANSFORM_CARD","is_prod":false,"is_daily":false,"chose_seed":false,"campfire_upgraded":7,"win_rate":0,"timestamp":1551462463,"path_taken":["M","M","M","?","?","R","E","R","T","R","?","R","?","?","R","BOSS","M","$","M","M","M","R","M","R","T","R","?","?","M","M","R","BOSS"],"build_version":"2019-01-23","purchased_purges":2,"victory":false,"max_hp_per_floor":[70,70,70,70,70,70,70,70,70,70,70,70,70,70,70,70,70,70,70,70,70,70,70,70,70,70,70,70,70,70,70,70,70],"card_choices":[{"not_picked":["Riddle With Holes","Underhanded Strike"],"picked":"Predator","floor":1},{"not_picked":["Underhanded Strike","Expertise"],"picked":"Escape Plan","floor":2},{"not_picked":["Outmaneuver","Terror"],"picked":"Blade Dance","floor":3},{"not_picked":["Reflex","Skewer"],"picked":"All Out Attack","floor":7},{"not_picked":["Quick Slash","Bane"],"picked":"Poisoned Stab","floor":11},{"not_picked":["Grand Finale","Storm of Steel"],"picked":"Doppelganger","floor":16},{"not_picked":["Expertise","Deflect"],"picked":"Well Laid Plans","floor":18},{"not_picked":["Riddle With Holes","Prepared","All Out Attack+1"],"picked":"SKIP","floor":20},{"not_picked":["Endless Agony","Deflect"],"picked":"Infinite Blades+1","floor":21},{"not_picked":["Flying Knee","Reflex","Poisoned Stab"],"picked":"SKIP","floor":22},{"not_picked":["Sucker Punch","Terror"],"picked":"Flying Knee+1","floor":24},{"not_picked":["Underhanded Strike","Infinite Blades"],"picked":"Cloak And Dagger","floor":30},{"not_picked":["Expertise","Infinite Blades","Dagger Spray+1"],"picked":"SKIP","floor":31}],"player_experience":739833,"relics_obtained":[{"floor":7,"key":"Matryoshka"},{"floor":9,"key":"Art of War"},{"floor":9,"key":"Bottled Lightning"},{"floor":26,"key":"Smiling Mask"},{"floor":26,"key":"Centennial Puzzle"}],"event_choices":[{"damage_healed":0,"gold_gain":78,"player_choice":"Gained Gold","damage_taken":0,"max_hp_gain":0,"max_hp_loss":0,"event_name":"Golden Wing","floor":4,"gold_loss":0},{"damage_healed":0,"gold_gain":75,"player_choice":"Gather Gold","damage_taken":11,"max_hp_gain":0,"max_hp_loss":0,"event_name":"World of Goop","floor":5,"gold_loss":0},{"cards_removed":["Strike_G"],"damage_healed":0,"gold_gain":0,"player_choice":"Card Removal","damage_taken":0,"max_hp_gain":0,"max_hp_loss":0,"event_name":"The Cleric","floor":14,"gold_loss":50},{"damage_healed":23,"gold_gain":0,"player_choice":"Heal","damage_taken":0,"max_hp_gain":0,"max_hp_loss":0,"event_name":"The Library","floor":28,"gold_loss":0},{"damage_healed":0,"gold_gain":0,"player_choice":"Stole Relic","damage_taken":0,"relics_obtained":["Regal Pillow"],"max_hp_gain":0,"max_hp_loss":0,"event_name":"Addict","floor":29,"gold_loss":0,"cards_obtained":["Shame"]}],"is_beta":false,"boss_relics":[{"not_picked":["Fusion Hammer","Snecko Eye"],"picked":"Ectoplasm"}],"items_purged_floors":[13,19],"is_endless":false,"potions_floor_spawned":[1,7,11,20,30,31],"killed_by":"Collector","ascension_level":13}