{"gold_per_floor":[112,128,146,160,160,191,191,218,218,230,230,253,297,32,32,32],"floor_reached":16,"playtime":983,"items_purged":[],"score":265,"play_id":"35045531-aa29-434a-8bf2-bd589b176d87","local_time":"20190308151727","is_ascension_mode":true,"campfire_choices":[{"data":"Zap","floor":7,"key":"SMITH"},{"floor":15,"key":"REST"}],"neow_cost":"NONE","seed_source_timestamp":400679386848790,"circlet_count":0,"master_deck":["AscendersBane","Strike_B","Strike_B","Strike_B","Strike_B","Defend_B","Defend_B","Defend_B","Defend_B","Zap+1","Dualcast","Amplify","Defragment+1","Ball Lightning","Chill","Leap","Machine Learning","Conserve Battery","Sunder","Tempest","Compile Driver"],"relics":["Cracked Core","Orichalcum","Bottled Tornado","Girya","Golden Idol","WingedGreaves","Symbiotic Virus"],"potions_floor_usage":[],"damage_taken":[{"damage":0,"enemies":"Jaw Worm","floor":1,"turns":3},{"damage":2,"enemies":"Small Slimes","floor":2,"turns":4},{"damage":1,"enemies":"Cultist","floor":3,"turns":3},{"damage":20,"enemies":"Lots of Slimes","floor":4,"turns":4},{"damage":8,"enemies":"Lagavulin","floor":6,"turns":6},{"damage":0,"enemies":"3 Sentries","floor":8,"turns":8},{"damage":7,"enemies":"Exordium Wildlife","floor":10,"turns":4},{"damage":0,"enemies":"2 Fungi Beasts","floor":12,"turns":3},{"damage":19,"enemies":"Lagavulin","floor":13,"turns":5},{"damage":32,"enemies":"The Guardian","floor":16,"turns":11}],"seed_played":"-4107995345616617146","potions_obtained":[{"floor":4,"key":"Explosive Potion"},{"floor":10,"key":"Ancient Potion"},{"floor":12,"key":"Explosive Potion"}],"is_trial":false,"path_per_floor":["M","M","M","M","?","E","R","E","T","M","?","M","E","$","R","B"],"character_chosen":"DEFECT","items_purchased":["Symbiotic Virus"],"campfire_rested":1,"item_purchase_floors":[14],"current_hp_per_floor":[64,62,61,41,41,33,33,33,33,26,26,26,7,7,26,0],"gold":32,"neow_bonus":"ONE_RANDOM_RARE_CARD","is_prod":false,"is_daily":false,"chose_seed":false,"campfire_upgraded":1,"win_rate":0,"timestamp":1552076247,"path_taken":["M","M","M","M","?","E","R","E","T","M","?","M","E","$","R","BOSS"],"build_version":"2019-01-23","purchased_purges":0,"victory":false,"max_hp_per_floor":[71,71,71,71,71,71,71,71,71,71,64,64,64,64,64,64],"card_choices":[{"not_picked":["Redo","Ball Lightning"],"picked":"Defragment","floor":1},{"not_picked":["Rebound","Sweeping Beam"],"picked":"Ball Lightning","floor":2},{"not_picked":["Redo","Streamline"],"picked":"Chill","floor":3},{"not_picked":["Streamline","Melter"],"picked":"Leap","floor":4},{"not_picked":["Ball Lightning","Lockon"],"picked":"Machine Learning","floor":6},{"not_picked":["Ball Lightning","Barrage"],"picked":"Conserve Battery","floor":8},{"not_picked":["Blizzard","Coolheaded"],"picked":"Sunder","floor":10},{"not_picked":["Turbo","Sweeping Beam"],"picked":"Tempest","floor":12},{"not_picked":["Darkness","Recycle"],"picked":"Compile Driver","floor":13}],"player_experience":859574,"relics_obtained":[{"floor":6,"key":"Orichalcum"},{"floor":8,"key":"Bottled Tornado"},{"floor":9,"key":"Girya"},{"floor":13,"key":"WingedGreaves"}],"event_choices":[{"damage_healed":0,"gold_gain":0,"player_choice":"Grow","damage_taken":0,"max_hp_gain":0,"max_hp_loss":0,"event_name":"Living Wall","floor":5,"gold_loss":0,"cards_upgraded":["Defragment"]},{"damage_healed":0,"gold_gain":0,"player_choice":"Lose Max HP","damage_taken":0,"relics_obtained":["Golden Idol"],"max_hp_gain":0,"max_hp_loss":7,"event_name":"Golden Idol","floor":11,"gold_loss":0}],"is_beta":false,"boss_relics":[],"items_purged_floors":[],"is_endless":false,"potions_floor_spawned":[4,10,12],"killed_by":"The Guardian","ascension_level":16}