{"gold_per_floor":[114,114,126,144,38,73,73,106,106,161,179,179],"floor_reached":12,"playtime":623,"items_purged":[],"score":147,"play_id":"ad0b8521-5731-4f75-8336-7c45804b512f","local_time":"20190307203639","is_ascension_mode":true,"campfire_choices":[{"data":"Bash","floor":7,"key":"SMITH"}],"neow_cost":"NONE","seed_source_timestamp":528773131844664,"circlet_count":0,"master_deck":["AscendersBane","Strike_R","Strike_R","Strike_R+1","Strike_R","Strike_R+1","Defend_R","Defend_R","Defend_R","Defend_R","Bash+1","True Grit","Carnage","Anger","Spot Weakness","Corruption","Demon Form","Clothesline","Flame Barrier","Battle Trance"],"relics":["Burning Blood","PreservedInsect","Anchor","Ornamental Fan","Whetstone","Dream Catcher","Tiny Chest"],"potions_floor_usage":[6],"damage_taken":[{"damage":11,"enemies":"Jaw Worm","floor":1,"turns":4},{"damage":2,"enemies":"2 Louse","floor":3,"turns":5},{"damage":0,"enemies":"Cultist","floor":4,"turns":3},{"damage":28,"enemies":"Lagavulin","floor":6,"turns":4},{"damage":25,"enemies":"Gremlin Nob","floor":8,"turns":4},{"damage":15,"enemies":"Lagavulin","floor":10,"turns":6},{"damage":10,"enemies":"Looter","floor":11,"turns":4},{"damage":20,"enemies":"3 Sentries","floor":12,"turns":3}],"seed_played":"-2434555216456560547","potions_obtained":[{"floor":4,"key":"PowerPotion"},{"floor":10,"key":"Strength Potion"},{"floor":11,"key":"SteroidPotion"}],"is_trial":false,"path_per_floor":["M","?","M","M","$","E","R","E","T","E","M","E"],"character_chosen":"IRONCLAD","items_purchased":["Spot Weakness","Corruption"],"campfire_rested":0,"item_purchase_floors":[5,5],"current_hp_per_floor":[67,64,68,74,74,52,52,33,33,24,20,0],"gold":179,"neow_bonus":"RANDOM_COMMON_RELIC","is_prod":false,"is_daily":false,"chose_seed":false,"campfire_upgraded":1,"win_rate":0,"timestamp":1552008999,"path_taken":["M","?","M","M","$","E","R","E","T","E","M","E"],"build_version":"2019-01-23","purchased_purges":0,"victory":false,"max_hp_per_floor":[80,80,80,80,80,80,80,80,80,80,80,80],"card_choices":[{"not_picked":["Armaments","Shrug It Off"],"picked":"True Grit","floor":1},{"not_picked":["True Grit","Iron Wave"],"picked":"Carnage","floor":3},{"not_picked":["Clothesline","Twin Strike"],"picked":"Anger","floor":4},{"not_picked":["Shockwave","Twin Strike"],"picked":"Demon Form","floor":6},{"not_picked":["Clash","Heavy Blade"],"picked":"Clothesline","floor":8},{"not_picked":["Hemokinesis","Sword Boomerang"],"picked":"Flame Barrier","floor":10},{"not_picked":["Pommel Strike","Sword Boomerang"],"picked":"Battle Trance","floor":11}],"player_experience":1738200,"relics_obtained":[{"floor":6,"key":"Ornamental Fan"},{"floor":8,"key":"Whetstone"},{"floor":9,"key":"Dream Catcher"},{"floor":10,"key":"Tiny Chest"}],"event_choices":[{"damage_healed":0,"gold_gain":0,"player_choice":"Success","damage_taken":3,"relics_obtained":["Anchor"],"max_hp_gain":0,"max_hp_loss":0,"event_name":"Scrap Ooze","floor":2,"gold_loss":0}],"is_beta":false,"boss_relics":[],"items_purged_floors":[],"is_endless":false,"potions_floor_spawned":[4,10,11],"killed_by":"3 Sentries","ascension_level":10}