{"gold_per_floor":[114,126,145,145,31,31,61,61,84,109,139,23,23,48,48,143,143,162,162,140,156,176,176,216,216,264,139,173,192,208,233,233,233],"floor_reached":33,"playtime":2484,"items_purged":["Strike_B","Strike_B"],"score":612,"play_id":"6b51abaf-9a9e-4e3f-9c53-ffbc0f46683d","local_time":"20190214221131","is_ascension_mode":true,"campfire_choices":[{"data":"Defragment","floor":6,"key":"SMITH"},{"floor":8,"key":"REST"},{"floor":15,"key":"REST"},{"floor":23,"key":"REST"},{"floor":25,"key":"REST"},{"floor":32,"key":"REST"}],"neow_cost":"NONE","seed_source_timestamp":163164735682844,"circlet_count":0,"master_deck":["AscendersBane","Strike_B","Strike_B","Defend_B+1","Defend_B","Defend_B","Defend_B","Zap","Dualcast","Coolheaded+1","Cold Snap","Cold Snap","Defragment+1","Sweeping Beam","Rainbow","Loop","FTL","Rainbow","Defragment","Static Discharge","Beam Cell+1","FTL+1","Conserve Battery","Self Repair+1","Self Repair","Chill"],"relics":["Cracked Core","Happy Flower","Bronze Scales","Bag of Marbles","Turnip","Golden Idol","Fusion Hammer","Torii","Centennial Puzzle","War Paint"],"potions_floor_usage":[7,16,20,24,28,30,33],"damage_taken":[{"damage":15,"enemies":"Small Slimes","floor":1,"turns":4},{"damage":3,"enemies":"2 Louse","floor":2,"turns":5},{"damage":1,"enemies":"Cultist","floor":3,"turns":4},{"damage":25,"enemies":"Gremlin Nob","floor":7,"turns":7},{"damage":0,"enemies":"Lagavulin","floor":10,"turns":7},{"damage":8,"enemies":"2 Fungi Beasts","floor":14,"turns":3},{"damage":18,"enemies":"Hexaghost","floor":16,"turns":8},{"damage":11,"enemies":"Chosen","floor":18,"turns":4},{"damage":22,"enemies":"2 Thieves","floor":20,"turns":4},{"damage":9,"enemies":"Cultist and Chosen","floor":21,"turns":5},{"damage":9,"enemies":"3 Cultists","floor":22,"turns":5},{"damage":34,"enemies":"Slavers","floor":24,"turns":4},{"damage":11,"enemies":"Book of Stabbing","floor":28,"turns":4},{"damage":16,"enemies":"Snecko","floor":29,"turns":5},{"damage":8,"enemies":"Centurion and Healer","floor":30,"turns":5},{"damage":39,"enemies":"Chosen and Byrds","floor":31,"turns":4},{"damage":47,"enemies":"Champ","floor":33,"turns":8}],"seed_played":"5354272609308282347","potions_obtained":[{"floor":3,"key":"Energy Potion"},{"floor":7,"key":"FairyPotion"},{"floor":10,"key":"SkillPotion"},{"floor":14,"key":"AttackPotion"},{"floor":16,"key":"Regen Potion"},{"floor":20,"key":"Dexterity Potion"},{"floor":24,"key":"SteroidPotion"},{"floor":29,"key":"PowerPotion"},{"floor":30,"key":"Dexterity Potion"}],"is_trial":false,"path_per_floor":["M","M","M","?","$","R","E","R","T","E","?","$","?","M","R","B",null,"M","?","M","M","M","R","E","R","T","$","E","M","M","M","R","B"],"character_chosen":"DEFECT","items_purchased":["Defragment","Loop","FTL","Conserve Battery"],"campfire_rested":5,"item_purchase_floors":[5,12,12,27],"current_hp_per_floor":[49,46,45,50,50,50,25,47,47,47,47,47,47,39,59,41,62,51,51,43,34,25,45,11,31,31,31,20,14,16,23,43,0],"gold":233,"neow_bonus":"RANDOM_COMMON_RELIC","is_prod":false,"is_daily":false,"chose_seed":false,"campfire_upgraded":1,"win_rate":0,"timestamp":1550203891,"path_taken":["M","M","M","?","$","R","E","R","T","E","?","$","?","M","R","BOSS","M","?","M","M","?","R","E","R","T","$","E","M","M","M","R","BOSS"],"build_version":"2019-01-23","purchased_purges":2,"victory":false,"max_hp_per_floor":[71,71,71,76,76,76,76,76,76,76,76,76,69,69,69,69,69,69,69,69,69,69,69,69,69,69,69,69,69,69,69,69,69],"card_choices":[{"not_picked":["Go for the Eyes","Hologram"],"picked":"Coolheaded","floor":1},{"not_picked":["Skim","Beam Cell"],"picked":"Cold Snap","floor":2},{"not_picked":["Turbo","Rebound"],"picked":"Cold Snap","floor":3},{"not_picked":["Beam Cell","Leap"],"picked":"Sweeping Beam","floor":7},{"not_picked":["Steam Power","Storm"],"picked":"Rainbow","floor":10},{"not_picked":["Reprogram","Chaos","Barrage"],"picked":"SKIP","floor":14},{"not_picked":["All For One","Fission"],"picked":"Rainbow","floor":16},{"not_picked":["Steam","Beam Cell"],"picked":"Defragment","floor":18},{"not_picked":["Go for the Eyes","FTL"],"picked":"Static Discharge","floor":20},{"not_picked":["Turbo","Melter+1","Hologram"],"picked":"SKIP","floor":21},{"not_picked":["Undo","Turbo"],"picked":"Beam Cell+1","floor":22},{"not_picked":["Tempest","Beam Cell"],"picked":"FTL+1","floor":24},{"not_picked":["Conserve Battery","Stack"],"picked":"Self Repair+1","floor":28},{"not_picked":["Gash","Redo","Hologram"],"picked":"SKIP","floor":29},{"not_picked":["Hologram","Beam Cell+1"],"picked":"Self Repair","floor":30},{"not_picked":["Beam Cell","Conserve Battery"],"picked":"Chill","floor":31}],"player_experience":500745,"relics_obtained":[{"floor":7,"key":"Bronze Scales"},{"floor":9,"key":"Bag of Marbles"},{"floor":10,"key":"Turnip"},{"floor":24,"key":"Torii"},{"floor":26,"key":"Centennial Puzzle"},{"floor":28,"key":"War Paint"}],"event_choices":[{"damage_healed":0,"gold_gain":0,"player_choice":"Donut","damage_taken":0,"max_hp_gain":5,"max_hp_loss":0,"event_name":"Big Fish","floor":4,"gold_loss":0},{"damage_healed":0,"gold_gain":30,"player_choice":"Searched \u00271\u0027 times","damage_taken":0,"max_hp_gain":0,"max_hp_loss":0,"event_name":"Dead Adventurer","floor":11,"gold_loss":0},{"damage_healed":0,"gold_gain":0,"player_choice":"Lose Max HP","damage_taken":0,"relics_obtained":["Golden Idol"],"max_hp_gain":0,"max_hp_loss":7,"event_name":"Golden Idol","floor":13,"gold_loss":0},{"damage_healed":0,"gold_gain":0,"player_choice":"Got Potions","damage_taken":0,"max_hp_gain":0,"max_hp_loss":0,"event_name":"Lab","floor":19,"gold_loss":0}],"is_beta":false,"boss_relics":[{"not_picked":["Coffee Dripper","Runic Dome"],"picked":"Fusion Hammer"}],"items_purged_floors":[5,27],"is_endless":false,"potions_floor_spawned":[3,7,10,14,16,20,22,24,29,30],"killed_by":"Champ","ascension_level":18}