{"path_per_floor":["M","?","M","M","M","R","M","R","T","E","M","?","$","M","R","B",null,"M","$","?","M","?","?","R","M","T","?","M","$","M","M","R"],"character_chosen":"THE_SILENT","items_purchased":["Infinite Blades","Toxic Egg 2"],"gold_per_floor":[112,187,206,222,235,235,254,254,278,313,332,332,19,38,38,138,138,149,74,74,88,88,88,88,107,107,107,119,19,39,54,54,54],"floor_reached":33,"campfire_rested":1,"playtime":3111,"current_hp_per_floor":[64,53,53,51,43,43,41,41,41,24,21,14,14,3,24,17,70,57,57,57,48,48,48,48,39,39,39,31,31,22,17,17,0],"items_purged":["Strike_G","Decay"],"gold":54,"score":277,"play_id":"309ac82f-d924-44ba-b2af-f782e2d72932","local_time":"20180408015236","is_prod":false,"is_daily":false,"is_ascension_mode":false,"campfire_upgraded":4,"timestamp":1523145156,"path_taken":["M","?","M","M","?","R","M","R","T","E","M","?","$","M","R","BOSS","M","$","?","M","?","?","R","M","T","?","?","$","M","M","R","BOSS"],"build_version":"2018-04-05v2","purchased_purges":2,"victory":false,"master_deck":["Defend_G","Defend_G","Defend_G","Defend_G","Survivor+1","Neutralize+1","Infinite Blades","Flying Knee","Calculated Gamble+1","Flying Knee","Quick Slash","Infinite Blades","A Thousand Cuts+1","Acrobatics+1","Backflip+1","Finisher","Bite","Bite","Bite","Bite","Bite","Corpse Explosion","Prepared+1"],"max_hp_per_floor":[70,70,70,70,70,70,70,70,70,70,70,70,70,70,70,70,70,70,70,70,70,49,49,49,49,49,49,49,49,49,49,49,49],"relics":["Sozu","Pen Nib","Gambling Chip","Toxic Egg 2","Cursed Key","Ginger"],"card_choices":[{"not_picked":["Deflect","Poisoned Stab"],"picked":"Infinite Blades","floor":1},{"not_picked":["Calculated Gamble","Die Die Die"],"picked":"Flying Knee","floor":3},{"not_picked":["Underhanded Strike","Footwork"],"picked":"Calculated Gamble","floor":4},{"not_picked":["Flechettes","Deadly Poison"],"picked":"Flying Knee","floor":10},{"not_picked":["Bouncing Flask","Poisoned Stab"],"picked":"Quick Slash","floor":11},{"not_picked":["Burst","Storm of Steel"],"picked":"A Thousand Cuts","floor":16},{"not_picked":["Malaise","PiercingWail"],"picked":"Acrobatics","floor":18},{"not_picked":["Bane","Escape Plan"],"picked":"Finisher","floor":21},{"not_picked":["Deadly Poison","Eviscerate"],"picked":"Prepared","floor":31}],"player_experience":89957,"potions_floor_usage":[],"damage_taken":[{"damage":6,"enemies":"Small Slimes","floor":1,"turns":3},{"damage":0,"enemies":"Jaw Worm","floor":3,"turns":4},{"damage":2,"enemies":"2 Louse","floor":4,"turns":3},{"damage":8,"enemies":"Lots of Slimes","floor":5,"turns":6},{"damage":2,"enemies":"Looter","floor":7,"turns":3},{"damage":17,"enemies":"3 Sentries","floor":10,"turns":9},{"damage":3,"enemies":"Exordium Wildlife","floor":11,"turns":5},{"damage":11,"enemies":"Exordium Thugs","floor":14,"turns":5},{"damage":7,"enemies":"Hexaghost","floor":16,"turns":11},{"damage":13,"enemies":"2 Thieves","floor":18,"turns":4},{"damage":9,"enemies":"Spheric Guardian","floor":21,"turns":4},{"damage":16,"enemies":"Centurion and Healer","floor":25,"turns":3},{"damage":22,"enemies":"Chosen and Byrds","floor":28,"turns":5},{"damage":23,"enemies":"Slaver and Parasite","floor":30,"turns":5},{"damage":21,"enemies":"Centurion and Healer","floor":31,"turns":5},{"damage":47,"enemies":"Champ","floor":33,"turns":7}],"event_choices":[{"event_name":"World of Goop","player_choice":"Gather Gold","floor":2,"damage_taken":0},{"event_name":"Scrap Ooze","player_choice":"unsuccessful","floor":12,"damage_taken":7},{"event_name":"The Library","player_choice":"Read","floor":20,"damage_taken":0},{"event_name":"Vampires","player_choice":"Became a vampire","floor":22,"damage_taken":0},{"event_name":"Transmorgrifier","player_choice":"Transform","floor":23,"damage_taken":0},{"event_name":"Ghosts","player_choice":"Ignored","floor":27,"damage_taken":0}],"boss_relics":[{"not_picked":["Lizard Tail","Orrery"],"picked":"Cursed Key"}],"potions_floor_spawned":[1,5,11,14,16,21,25,31],"seed_played":"-7671978428453904972","killed_by":"Champ","ascension_level":0,"is_trial":false}