{"gold_per_floor":[365,365,379,379,390,390,41,66,92,104,145,175,35,48,48,148,148,165,200,200,211,226,226,226,226,226,226,244,25,53,53,53,154,154,165,165,177,197,49,49,80,80,80,80,180,180,200,211,211,211],"floor_reached":51,"playtime":7139,"items_purged":["Clumsy","Strike_G"],"score":746,"play_id":"1a2aeec8-ecfc-4fb7-9522-f7d5c9642e8a","local_time":"20190308044815","is_ascension_mode":true,"campfire_choices":[{"data":"Neutralize","floor":6,"key":"SMITH"},{"data":"Cloak And Dagger","floor":10,"key":"SMITH"},{"data":"Noxious Fumes","floor":15,"key":"SMITH"},{"data":"After Image","floor":23,"key":"SMITH"},{"data":"Glass Knife","floor":25,"key":"SMITH"},{"data":"Deadly Poison","floor":27,"key":"SMITH"},{"floor":32,"key":"REST"},{"data":"Burst","floor":40,"key":"SMITH"},{"data":"Outmaneuver","floor":46,"key":"SMITH"},{"floor":49,"key":"REST"}],"neow_cost":"CURSE","seed_source_timestamp":63213624721034,"circlet_count":0,"master_deck":["Defend_G","Defend_G","Defend_G","Defend_G","Defend_G+1","Strike_G+1","Survivor","Neutralize+1","PiercingWail","Deadly Poison+1","Endless Agony","Backstab","Cloak And Dagger+1","Blur","Backflip","Noxious Fumes+1","After Image+1","Concentrate+1","Footwork+1","Noxious Fumes+1","Caltrops","Footwork","Escape Plan","Malaise","Burst+1","Venomology+1","Blur+1","Deflect+1","Footwork+1","Deflect+1","Outmaneuver+1","Backflip+1","Sucker Punch+1","Wraith Form v2"],"relics":["Ring of the Snake","Mercury Hourglass","Oddly Smooth Stone","MawBank","Anchor","Runic Pyramid","Red Mask","Strawberry","Vajra","Astrolabe","Happy Flower","Bottled Tornado","Bottled Lightning","Girya"],"potions_floor_usage":[19,19,35,37,38,41,45,45,47,47,47,48,50,50],"damage_taken":[{"damage":6,"enemies":"2 Louse","floor":1,"turns":3},{"damage":0,"enemies":"Jaw Worm","floor":3,"turns":4},{"damage":0,"enemies":"Small Slimes","floor":5,"turns":4},{"damage":8,"enemies":"Lagavulin","floor":8,"turns":7},{"damage":3,"enemies":"3 Sentries","floor":11,"turns":5},{"damage":0,"enemies":"Looter","floor":12,"turns":2},{"damage":0,"enemies":"Exordium Wildlife","floor":14,"turns":2},{"damage":5,"enemies":"The Guardian","floor":16,"turns":10},{"damage":6,"enemies":"Chosen","floor":18,"turns":5},{"damage":0,"enemies":"Masked Bandits","floor":19,"turns":3},{"damage":0,"enemies":"Shell Parasite","floor":21,"turns":5},{"damage":0,"enemies":"Snake Plant","floor":22,"turns":5},{"damage":0,"enemies":"Colosseum Slavers","floor":24,"turns":5},{"damage":0,"enemies":"Sentry and Sphere","floor":28,"turns":4},{"damage":16,"enemies":"Gremlin Leader","floor":30,"turns":7},{"damage":23,"enemies":"Automaton","floor":33,"turns":10},{"damage":0,"enemies":"3 Shapes","floor":35,"turns":6},{"damage":0,"enemies":"3 Darklings","floor":37,"turns":5},{"damage":0,"enemies":"Jaw Worm Horde","floor":38,"turns":6},{"damage":0,"enemies":"Giant Head","floor":41,"turns":13},{"damage":0,"enemies":"Mind Bloom Boss Battle","floor":45,"turns":8},{"damage":0,"enemies":"Spire Growth","floor":47,"turns":6},{"damage":8,"enemies":"Transient","floor":48,"turns":5},{"damage":22,"enemies":"Awakened One","floor":50,"turns":19}],"seed_played":"-5998666832220077592","potions_obtained":[{"floor":1,"key":"PowerPotion"},{"floor":3,"key":"Explosive Potion"},{"floor":12,"key":"Block Potion"},{"floor":14,"key":"LiquidBronze"},{"floor":18,"key":"LiquidBronze"},{"floor":21,"key":"Regen Potion"},{"floor":22,"key":"Block Potion"},{"floor":28,"key":"Dexterity Potion"},{"floor":35,"key":"EntropicBrew"},{"floor":38,"key":"LiquidBronze"},{"floor":45,"key":"Block Potion"}],"is_trial":false,"path_per_floor":["M","?","M","T","M","R","$","E","T","R","E","M","$","M","R","B",null,"M","?","?","M","M","R","?","R","T","R","M","$","E","?","R","B",null,"M","?","M","M","$","R","E","?","T","?","?","R","M","M","R","B",null],"character_chosen":"THE_SILENT","items_purchased":["Oddly Smooth Stone","Backstab","Cloak And Dagger","Noxious Fumes","Glass Knife","Footwork","Escape Plan","Happy Flower"],"campfire_rested":2,"item_purchase_floors":[7,7,7,13,13,29,29,39],"current_hp_per_floor":[64,50,50,50,50,50,50,42,42,42,39,39,39,39,39,34,70,64,64,64,64,64,64,64,64,71,71,71,71,55,41,65,42,82,82,82,82,82,82,82,82,82,82,82,82,82,82,74,82,60],"gold":211,"neow_bonus":"TWO_FIFTY_GOLD","is_prod":false,"is_daily":false,"chose_seed":false,"campfire_upgraded":8,"win_rate":0,"timestamp":1552013295,"path_taken":["M","?","M","?","M","R","$","E","T","R","E","M","?","M","R","BOSS","M","?","?","M","M","R","?","R","T","R","?","$","E","?","R","BOSS","M","?","M","M","$","R","E","?","T","?","?","R","?","M","R","BOSS"],"build_version":"2019-01-23","purchased_purges":2,"victory":true,"max_hp_per_floor":[70,70,70,70,70,70,70,70,70,70,70,70,70,70,70,70,70,70,70,70,70,70,70,70,70,77,77,77,77,77,82,82,82,82,82,82,82,82,82,82,82,82,82,82,82,82,82,82,82,82],"card_choices":[{"not_picked":["Backflip","Deadly Poison"],"picked":"PiercingWail","floor":1},{"not_picked":["Bane","Catalyst"],"picked":"Deadly Poison","floor":3},{"not_picked":["Bouncing Flask","Heel Hook"],"picked":"Endless Agony","floor":5},{"not_picked":["Distraction","Grand Finale"],"picked":"Blur","floor":8},{"not_picked":["Predator","Crippling Poison","Quick Slash"],"picked":"SKIP","floor":11},{"not_picked":["Deflect","Deadly Poison"],"picked":"Backflip","floor":12},{"not_picked":["Tactician","Skewer","Prepared"],"picked":"SKIP","floor":14},{"not_picked":["Bullet Time","Storm of Steel"],"picked":"After Image","floor":16},{"not_picked":["Bane","Terror+1"],"picked":"Concentrate+1","floor":18},{"not_picked":["Sucker Punch","Leg Sweep+1"],"picked":"Footwork+1","floor":19},{"not_picked":["Quick Slash","Outmaneuver"],"picked":"Noxious Fumes+1","floor":21},{"not_picked":["Sucker Punch","Flechettes","Backstab+1"],"picked":"SKIP","floor":22},{"not_picked":["Bouncing Flask+1","Heel Hook"],"picked":"Caltrops","floor":28},{"not_picked":["Dagger Spray","Acrobatics"],"picked":"Malaise","floor":30},{"not_picked":["Doppelganger","Venomology"],"picked":"Burst","floor":33},{"not_picked":["Riddle With Holes+1","Dagger Spray"],"picked":"Footwork+1","floor":35},{"not_picked":["Acrobatics+1","Backflip"],"picked":"Deflect+1","floor":37},{"not_picked":["Deadly Poison","Terror"],"picked":"Outmaneuver","floor":38},{"not_picked":["Finisher","Underhanded Strike"],"picked":"Backflip+1","floor":41},{"not_picked":["Dodge and Roll+1","Underhanded Strike"],"picked":"Sucker Punch+1","floor":45},{"not_picked":["Distraction+1","Bane+1","Prepared"],"picked":"SKIP","floor":47},{"not_picked":["Crippling Poison+1","Blade Dance"],"picked":"Wraith Form v2","floor":48}],"player_experience":696913,"relics_obtained":[{"floor":4,"key":"Mercury Hourglass"},{"floor":9,"key":"MawBank"},{"floor":11,"key":"Anchor"},{"floor":19,"key":"Red Mask"},{"floor":26,"key":"Strawberry"},{"floor":30,"key":"Vajra"},{"floor":41,"key":"Bottled Tornado"},{"floor":43,"key":"Bottled Lightning"},{"floor":45,"key":"Girya"}],"event_choices":[{"damage_healed":0,"gold_gain":0,"player_choice":"Entered Light","damage_taken":14,"max_hp_gain":0,"max_hp_loss":0,"event_name":"Shining Light","floor":2,"gold_loss":0,"cards_upgraded":["Defend_G","Strike_G"]},{"damage_healed":0,"gold_gain":0,"player_choice":"Fought Bandits","damage_taken":0,"max_hp_gain":0,"max_hp_loss":0,"event_name":"Masked Bandits","floor":19,"gold_loss":0},{"damage_healed":0,"gold_gain":0,"player_choice":"Ignored","damage_taken":0,"max_hp_gain":0,"max_hp_loss":0,"event_name":"Cursed Tome","floor":20,"gold_loss":0},{"damage_healed":0,"gold_gain":0,"player_choice":"Fight","damage_taken":0,"max_hp_gain":0,"max_hp_loss":0,"event_name":"Colosseum","floor":24,"gold_loss":0},{"damage_healed":0,"gold_gain":0,"player_choice":"Fled From Nobs","damage_taken":0,"max_hp_gain":0,"max_hp_loss":0,"event_name":"Colosseum","floor":24,"gold_loss":0},{"damage_healed":0,"gold_gain":0,"player_choice":"Shed Blood","damage_taken":19,"max_hp_gain":5,"max_hp_loss":0,"event_name":"Forgotten Altar","floor":31,"gold_loss":0},{"cards_removed":["Glass Knife"],"damage_healed":0,"gold_gain":0,"player_choice":"Removed Attack","damage_taken":0,"max_hp_gain":0,"max_hp_loss":0,"event_name":"Falling","floor":36,"gold_loss":0},{"damage_healed":0,"gold_gain":0,"player_choice":"Ignored","damage_taken":0,"max_hp_gain":0,"max_hp_loss":0,"event_name":"Tomb of Lord Red Mask","floor":42,"gold_loss":0},{"damage_healed":0,"gold_gain":0,"player_choice":"Ignored","damage_taken":0,"max_hp_gain":0,"max_hp_loss":0,"event_name":"Mysterious Sphere","floor":44,"gold_loss":0},{"damage_healed":0,"gold_gain":0,"player_choice":"Fight","damage_taken":0,"max_hp_gain":0,"max_hp_loss":0,"event_name":"MindBloom","floor":45,"gold_loss":0}],"is_beta":false,"boss_relics":[{"not_picked":["Snecko Eye","Velvet Choker"],"picked":"Runic Pyramid"},{"not_picked":["Orrery","Tiny House"],"picked":"Astrolabe"}],"items_purged_floors":[7,29],"is_endless":false,"potions_floor_spawned":[1,3,12,14,18,21,22,28,35,38,45,47],"ascension_level":2}