{"gold_per_floor":[118,118,118,130,148,148,148,148,219,64,64,82,100,33,33,128,128],"floor_reached":17,"playtime":881,"items_purged":["Strike_R"],"score":145,"play_id":"d3de0764-dbc9-4f23-bcf5-92695b6acbfa","local_time":"20190220205946","is_ascension_mode":false,"campfire_choices":[{"data":"Havoc","floor":6,"key":"SMITH"},{"data":"Flame Barrier","floor":8,"key":"SMITH"},{"data":"Combust","floor":15,"key":"SMITH"}],"neow_cost":"NONE","seed_source_timestamp":24690439699756,"circlet_count":0,"master_deck":["Strike_R","Strike_R","Strike_R","Defend_R","Defend_R","Defend_R","Defend_R","Bash","Clothesline+1","Flame Barrier+1","Havoc+1","Combust+1","Carnage","Shrug It Off","Spot Weakness","Limit Break"],"relics":["Burning Blood","Question Card","Gremlin Horn"],"potions_floor_usage":[],"damage_taken":[{"damage":1,"enemies":"Jaw Worm","floor":1,"turns":6},{"damage":3,"enemies":"Small Slimes","floor":4,"turns":3},{"damage":1,"enemies":"Cultist","floor":5,"turns":4},{"damage":3,"enemies":"Gremlin Gang","floor":12,"turns":3},{"damage":2,"enemies":"2 Fungi Beasts","floor":13,"turns":2},{"damage":34,"enemies":"The Guardian","floor":16,"turns":12}],"seed_played":"-1065565359967544589","potions_obtained":[{"floor":5,"key":"Regen Potion"},{"floor":12,"key":"GamblersBrew"},{"floor":16,"key":"Swift Potion"}],"is_trial":false,"path_per_floor":["M","?","?","M","M","R","?","R","T","$","T","M","M","$","R","B",null],"character_chosen":"IRONCLAD","items_purchased":["Combust","Spot Weakness"],"campfire_rested":0,"item_purchase_floors":[10,14],"current_hp_per_floor":[88,81,81,84,88,88,88,88,88,88,88,88,88,88,88,60,60],"gold":128,"neow_bonus":"TEN_PERCENT_HP_BONUS","is_prod":false,"is_daily":false,"chose_seed":false,"campfire_upgraded":3,"win_rate":0,"timestamp":1550689186,"path_taken":["M","?","?","?","?","R","?","R","T","$","?","M","M","?","R","BOSS"],"build_version":"2019-01-23","purchased_purges":1,"victory":false,"max_hp_per_floor":[88,88,88,88,88,88,88,88,88,88,88,88,88,88,88,88,88],"card_choices":[{"not_picked":["Rage","Entrench"],"picked":"Clothesline","floor":1},{"not_picked":["Clothesline","Iron Wave"],"picked":"Flame Barrier","floor":4},{"not_picked":["Thunderclap","Twin Strike"],"picked":"Havoc","floor":5},{"not_picked":["Cleave","Rage","Iron Wave"],"picked":"Carnage","floor":12},{"not_picked":["Iron Wave","Clash","True Grit"],"picked":"Shrug It Off","floor":13},{"not_picked":["Dark Embrace","Bludgeon","Barricade"],"picked":"Limit Break","floor":16}],"player_experience":462335,"relics_obtained":[{"floor":9,"key":"Question Card"},{"floor":11,"key":"Gremlin Horn"}],"event_choices":[{"cards_removed":["Strike_R"],"damage_healed":0,"gold_gain":0,"player_choice":"Card Removal","damage_taken":7,"max_hp_gain":0,"max_hp_loss":0,"event_name":"Golden Wing","floor":2,"gold_loss":0},{"damage_healed":0,"gold_gain":0,"player_choice":"Upgraded","damage_taken":0,"max_hp_gain":0,"max_hp_loss":0,"event_name":"Upgrade Shrine","floor":3,"gold_loss":0,"cards_upgraded":["Clothesline"]},{"damage_healed":0,"gold_gain":0,"player_choice":"Ignored","damage_taken":0,"max_hp_gain":0,"max_hp_loss":0,"event_name":"Liars Game","floor":7,"gold_loss":0}],"is_beta":false,"boss_relics":[],"items_purged_floors":[10],"is_endless":false,"potions_floor_spawned":[5,12,16],"ascension_level":0}