{"gold_per_floor":[114,134,134,154,173,173,207,225,251,284,284,72,90,155,155,229,229,207,226,226],"floor_reached":20,"playtime":900,"items_purged":["Strike_R"],"score":363,"play_id":"8b647a30-7349-4c58-9d4d-0d805f9579a7","local_time":"20190308230016","is_ascension_mode":true,"campfire_choices":[{"data":"Reckless Charge","floor":6,"key":"SMITH"},{"data":"Reckless Charge","floor":11,"key":"SMITH"},{"floor":15,"key":"REST"}],"neow_cost":"NONE","seed_source_timestamp":428532556331061,"circlet_count":0,"master_deck":["AscendersBane","Strike_R","Strike_R","Strike_R","Strike_R","Defend_R","Defend_R","Defend_R","Defend_R","Bash","Reckless Charge+1","Evolve","Pommel Strike","Combust","Reckless Charge+1","Offering","Wild Strike","Second Wind","Barricade","Clothesline","Power Through"],"relics":["Burning Blood","Nunchaku","Pen Nib","Anchor","Tiny Chest","Cursed Key"],"potions_floor_usage":[4,7,8,13,13,14,20],"damage_taken":[{"damage":14,"enemies":"Jaw Worm","floor":1,"turns":3},{"damage":2,"enemies":"Cultist","floor":2,"turns":4},{"damage":10,"enemies":"Small Slimes","floor":4,"turns":3},{"damage":6,"enemies":"2 Fungi Beasts","floor":5,"turns":4},{"damage":43,"enemies":"Lagavulin","floor":7,"turns":5},{"damage":8,"enemies":"Large Slime","floor":8,"turns":5},{"damage":24,"enemies":"3 Sentries","floor":10,"turns":6},{"damage":13,"enemies":"Exordium Thugs","floor":13,"turns":2},{"damage":18,"enemies":"Lagavulin","floor":14,"turns":4},{"damage":21,"enemies":"Slime Boss","floor":16,"turns":8},{"damage":14,"enemies":"2 Thieves","floor":18,"turns":4},{"damage":19,"enemies":"3 Byrds","floor":19,"turns":4},{"damage":44,"enemies":"Shelled Parasite and Fungi","floor":20,"turns":5}],"seed_played":"-139323110059684148","potions_obtained":[{"floor":0,"key":"Regen Potion"},{"floor":0,"key":"AttackPotion"},{"floor":2,"key":"BloodPotion"},{"floor":7,"key":"Weak Potion"},{"floor":8,"key":"Swift Potion"},{"floor":13,"key":"Strength Potion"},{"floor":16,"key":"Strength Potion"}],"is_trial":false,"path_per_floor":["M","M","?","M","M","R","E","M","T","E","R","$","M","E","R","B",null,"M","M","M"],"character_chosen":"IRONCLAD","items_purchased":["Regen Potion","Wild Strike"],"campfire_rested":1,"item_purchase_floors":[12,12],"current_hp_per_floor":[60,64,64,67,67,67,43,41,41,23,23,23,21,9,31,16,60,52,39,0],"gold":226,"neow_bonus":"THREE_SMALL_POTIONS","is_prod":false,"is_daily":false,"chose_seed":false,"campfire_upgraded":2,"win_rate":0,"timestamp":1552104016,"path_taken":["M","M","?","M","M","R","E","M","T","E","R","$","?","E","R","BOSS","M","M","M"],"build_version":"2019-01-23","purchased_purges":1,"victory":false,"max_hp_per_floor":[75,75,75,75,75,75,75,75,75,75,75,75,75,75,75,75,75,75,75,75],"card_choices":[{"not_picked":["Inflame","Wild Strike"],"picked":"Reckless Charge","floor":1},{"not_picked":["Heavy Blade","Sword Boomerang"],"picked":"Evolve","floor":2},{"not_picked":["Wild Strike","Thunderclap"],"picked":"Pommel Strike","floor":4},{"not_picked":["Entrench","Fire Breathing"],"picked":"Combust","floor":5},{"not_picked":["Iron Wave","Entrench"],"picked":"Reckless Charge","floor":7},{"not_picked":["Cleave","Body Slam"],"picked":"Offering","floor":8},{"not_picked":["Pummel","Body Slam","Armaments"],"picked":"SKIP","floor":10},{"not_picked":["Armaments","Pommel Strike"],"picked":"Second Wind","floor":13},{"not_picked":["Clash","Armaments","Body Slam"],"picked":"SKIP","floor":14},{"not_picked":["Offering","Exhume"],"picked":"Barricade","floor":16},{"not_picked":["Pommel Strike","Armaments"],"picked":"Clothesline","floor":18},{"not_picked":["Battle Trance","Whirlwind"],"picked":"Power Through","floor":19}],"player_experience":883332,"relics_obtained":[{"floor":7,"key":"Nunchaku"},{"floor":9,"key":"Pen Nib"},{"floor":10,"key":"Anchor"},{"floor":14,"key":"Tiny Chest"}],"event_choices":[{"damage_healed":0,"gold_gain":0,"player_choice":"Got Potions","damage_taken":0,"max_hp_gain":0,"max_hp_loss":0,"event_name":"Lab","floor":3,"gold_loss":0}],"is_beta":false,"boss_relics":[{"not_picked":["Coffee Dripper","Eternal Feather"],"picked":"Cursed Key"}],"items_purged_floors":[12],"is_endless":false,"potions_floor_spawned":[2,7,8,13,16],"killed_by":"Shelled Parasite and Fungi","ascension_level":17}