{"gold_per_floor":[214,93,112,126,0,0,20,55,55,67,79,119,131],"floor_reached":13,"playtime":618,"items_purged":["Strike_R"],"score":163,"play_id":"4062f600-acbd-415c-bfe2-eed78834fe09","local_time":"20190224083900","is_ascension_mode":true,"campfire_choices":[{"data":"Bash","floor":6,"key":"SMITH"},{"data":"Armaments","floor":10,"key":"SMITH"}],"neow_cost":"NONE","seed_source_timestamp":811097427245278,"circlet_count":0,"master_deck":["AscendersBane","Strike_R","Strike_R","Strike_R","Strike_R","Defend_R","Defend_R+1","Defend_R+1","Defend_R","Bash+1","True Grit","Clothesline","Flame Barrier","Shrug It Off","Disarm","Ghostly Armor","Armaments+1","Feel No Pain"],"relics":["Burning Blood","Ancient Tea Set","MawBank","Self Forming Clay"],"potions_floor_usage":[8,12],"damage_taken":[{"damage":1,"enemies":"Cultist","floor":1,"turns":3},{"damage":3,"enemies":"Small Slimes","floor":3,"turns":3},{"damage":10,"enemies":"2 Louse","floor":4,"turns":3},{"damage":2,"enemies":"Large Slime","floor":7,"turns":8},{"damage":27,"enemies":"Lagavulin","floor":8,"turns":7},{"damage":26,"enemies":"3 Sentries","floor":12,"turns":13},{"damage":14,"enemies":"Exordium Thugs","floor":13,"turns":2}],"seed_played":"-2249915416057025807","potions_obtained":[{"floor":1,"key":"PowerPotion"},{"floor":8,"key":"SkillPotion"}],"is_trial":false,"path_per_floor":["M","$","M","M","$","R","M","E","T","R","?","E","M"],"character_chosen":"IRONCLAD","items_purchased":["Clothesline","Shrug It Off","Disarm"],"campfire_rested":0,"item_purchase_floors":[2,5,5],"current_hp_per_floor":[73,73,75,71,71,71,75,54,54,54,31,11,0],"gold":131,"neow_bonus":"HUNDRED_GOLD","is_prod":false,"is_daily":false,"chose_seed":false,"campfire_upgraded":2,"win_rate":0,"timestamp":1551019140,"path_taken":["M","$","M","M","?","R","M","E","T","R","?","E","M"],"build_version":"2019-01-23","purchased_purges":1,"victory":false,"max_hp_per_floor":[75,75,75,75,75,75,75,75,75,75,75,75,75],"card_choices":[{"not_picked":["Rupture","Clash"],"picked":"True Grit","floor":1},{"not_picked":["Wild Strike","Havoc","Body Slam"],"picked":"SKIP","floor":3},{"not_picked":["Blood for Blood","Heavy Blade"],"picked":"Flame Barrier","floor":4},{"not_picked":["Perfected Strike","Body Slam"],"picked":"Ghostly Armor","floor":7},{"not_picked":["Pummel","Wild Strike"],"picked":"Armaments","floor":8},{"not_picked":["Carnage","Perfected Strike"],"picked":"Feel No Pain","floor":12}],"player_experience":527768,"relics_obtained":[{"floor":8,"key":"Ancient Tea Set"},{"floor":9,"key":"MawBank"},{"floor":12,"key":"Self Forming Clay"}],"event_choices":[{"damage_healed":0,"gold_gain":0,"player_choice":"Entered Light","damage_taken":23,"max_hp_gain":0,"max_hp_loss":0,"event_name":"Shining Light","floor":11,"gold_loss":0,"cards_upgraded":["Defend_R","Defend_R"]}],"is_beta":false,"boss_relics":[],"items_purged_floors":[2],"is_endless":false,"potions_floor_spawned":[1,8],"killed_by":"Exordium Thugs","ascension_level":15}