{"path_per_floor":["M","?","M","?","M","R","E","R","T","E","M","E","R","M","R","B",null,"M","$","M","T","$","R","E","R","T","?","E","R","?","E","R","B",null,"M","M","$","?","?","R","M","E","T","R","M","R","M","M","R","B"],"character_chosen":"IRONCLAD","items_purchased":["Ancient Potion","Battle Trance","Happy Flower","Singing Bowl","Flash of Steel"],"gold_per_floor":[117,117,129,204,218,218,248,248,271,296,311,338,338,350,350,452,452,468,321,337,337,12,12,47,47,72,72,105,105,105,135,135,239,239,252,265,27,27,27,27,39,67,113,113,123,123,136,154,154,154],"floor_reached":51,"campfire_rested":1,"playtime":2727,"current_hp_per_floor":[71,55,61,50,56,56,49,49,49,36,38,34,34,40,40,27,67,80,80,73,73,73,73,73,73,73,73,67,67,67,55,55,23,73,69,78,78,78,78,78,75,51,51,81,87,87,93,104,104,50],"items_purged":["Defend_R","Defend_R"],"gold":154,"score":1091,"play_id":"4bba948d-07bd-4df8-bae9-edd523d4fc75","local_time":"20180518201957","is_prod":false,"is_daily":false,"chose_seed":false,"is_ascension_mode":true,"campfire_upgraded":9,"timestamp":1526689197,"campfire_choices":[{"data":"Perfected Strike","floor":6,"key":"SMITH"},{"data":"Demon Form","floor":8,"key":"SMITH"},{"data":"Disarm","floor":13,"key":"SMITH"},{"data":"Iron Wave","floor":15,"key":"SMITH"},{"data":"Shockwave","floor":23,"key":"SMITH"},{"data":"Battle Trance","floor":25,"key":"SMITH"},{"data":"Iron Wave","floor":29,"key":"SMITH"},{"data":"Pommel Strike","floor":32,"key":"SMITH"},{"data":"Bash","floor":40,"key":"SMITH"},{"floor":44,"key":"REST"},{"floor":46,"key":"DIG"},{"floor":49,"key":"DIG"}],"path_taken":["M","?","M","?","M","R","E","R","T","E","?","E","R","M","R","BOSS","M","$","M","?","$","R","E","R","T","?","E","R","?","E","R","BOSS","M","?","$","?","?","R","M","E","T","R","?","R","M","?","R","BOSS"],"build_version":"2018-05-17","seed_source_timestamp":828049319212515,"purchased_purges":2,"victory":true,"master_deck":["Strike_R","Strike_R+1","Strike_R","Strike_R","Strike_R","Defend_R","Defend_R+1","Bash+1","Cleave","Perfected Strike+1","Shockwave+1","Demon Form+1","Iron Wave+1","Pommel Strike+1","Disarm+1","Pommel Strike+1","Feed","Headbutt+1","Perfected Strike+1","Battle Trance+1","Evolve","Iron Wave+1","Dual Wield+1","Pommel Strike+1","Heavy Blade+1","Flash of Steel","Rage+1","Iron Wave+1"],"max_hp_per_floor":[80,80,80,80,80,80,80,80,80,80,80,80,80,80,80,80,80,83,83,86,86,86,86,89,89,89,89,89,89,89,89,89,89,89,93,96,96,96,96,96,101,103,103,103,103,103,108,113,113,113],"relics":["Burning Blood","Bag of Marbles","Bag of Preparation","Orichalcum","Toolbox","Runic Cube","Mercury Hourglass","Happy Flower","Champion Belt","Dream Catcher","Lantern","Bottled Lightning","Sozu","Singing Bowl","Shovel","Oddly Smooth Stone","Omamori","Blue Candle"],"card_choices":[{"not_picked":["Searing Blow","Spot Weakness"],"picked":"Cleave","floor":1},{"not_picked":["Spot Weakness","Clothesline"],"picked":"Perfected Strike","floor":3},{"not_picked":["Armaments","Sword Boomerang"],"picked":"Shockwave","floor":5},{"not_picked":["Sentinel","Twin Strike"],"picked":"Demon Form","floor":7},{"not_picked":["Body Slam","True Grit"],"picked":"Iron Wave","floor":10},{"not_picked":["Armaments","Twin Strike"],"picked":"Pommel Strike","floor":11},{"not_picked":["Uppercut","Entrench"],"picked":"Disarm","floor":12},{"not_picked":["Sentinel","Combust"],"picked":"Pommel Strike","floor":14},{"not_picked":["Double Tap","Exhume"],"picked":"Feed","floor":16},{"not_picked":["Sword Boomerang","Combust"],"picked":"Headbutt+1","floor":18},{"not_picked":["Clash","Pommel Strike"],"picked":"Perfected Strike+1","floor":20},{"not_picked":["Entrench+1","Dark Embrace"],"picked":"Evolve","floor":24},{"not_picked":["Metallicize+1","Burning Pact"],"picked":"Iron Wave","floor":28},{"not_picked":["Anger","Hemokinesis+1"],"picked":"Dual Wield+1","floor":31},{"not_picked":["Shockwave","Warcry+1"],"picked":"Pommel Strike+1","floor":35},{"not_picked":["Sword Boomerang","Blood for Blood+1"],"picked":"Heavy Blade+1","floor":36},{"not_picked":["Cleave","Flex+1","Infernal Blade+1"],"picked":"Singing Bowl","floor":41},{"not_picked":["Armaments","Entrench+1","Heavy Blade+1"],"picked":"Singing Bowl","floor":42},{"not_picked":["Evolve+1","Power Through"],"picked":"Rage+1","floor":44},{"not_picked":["Shockwave","Body Slam"],"picked":"Iron Wave+1","floor":45},{"not_picked":["Headbutt","Fire Breathing+1","Armaments+1"],"picked":"Singing Bowl","floor":47},{"not_picked":["Cleave+1","Hemokinesis","Flex+1"],"picked":"Singing Bowl","floor":48}],"player_experience":191060,"potions_floor_usage":[10,12,24,31,47,50],"damage_taken":[{"damage":7,"enemies":"Jaw Worm","floor":1,"turns":3},{"damage":0,"enemies":"Small Slimes","floor":3,"turns":3},{"damage":0,"enemies":"Cultist","floor":5,"turns":2},{"damage":13,"enemies":"Gremlin Nob","floor":7,"turns":3},{"damage":19,"enemies":"Lagavulin","floor":10,"turns":6},{"damage":4,"enemies":"Red Slaver","floor":11,"turns":3},{"damage":10,"enemies":"Gremlin Nob","floor":12,"turns":3},{"damage":0,"enemies":"Looter","floor":14,"turns":1},{"damage":19,"enemies":"The Guardian","floor":16,"turns":7},{"damage":0,"enemies":"Shell Parasite","floor":18,"turns":4},{"damage":16,"enemies":"Spheric Guardian","floor":20,"turns":4},{"damage":9,"enemies":"Gremlin Leader","floor":24,"turns":4},{"damage":12,"enemies":"Book of Stabbing","floor":28,"turns":2},{"damage":18,"enemies":"Gremlin Leader","floor":31,"turns":4},{"damage":38,"enemies":"Collector","floor":33,"turns":7},{"damage":14,"enemies":"3 Darklings","floor":35,"turns":5},{"damage":0,"enemies":"3 Shapes","floor":36,"turns":4},{"damage":14,"enemies":"Spire Growth","floor":41,"turns":4},{"damage":32,"enemies":"Nemesis","floor":42,"turns":4},{"damage":0,"enemies":"Sphere and 2 Shapes","floor":45,"turns":3},{"damage":5,"enemies":"4 Shapes","floor":47,"turns":7},{"damage":0,"enemies":"3 Darklings","floor":48,"turns":3},{"damage":60,"enemies":"Time Eater","floor":50,"turns":7}],"relics_obtained":[{"floor":7,"key":"Bag of Preparation"},{"floor":9,"key":"Orichalcum"},{"floor":12,"key":"Toolbox"},{"floor":21,"key":"Mercury Hourglass"},{"floor":24,"key":"Champion Belt"},{"floor":26,"key":"Dream Catcher"},{"floor":28,"key":"Lantern"},{"floor":31,"key":"Bottled Lightning"},{"floor":42,"key":"Shovel"},{"floor":43,"key":"Oddly Smooth Stone"},{"floor":46,"key":"Omamori"},{"floor":49,"key":"Blue Candle"}],"event_choices":[{"event_name":"Shining Light","player_choice":"Entered Light","floor":2,"damage_taken":0},{"event_name":"World of Goop","player_choice":"Gather Gold","floor":4,"damage_taken":0},{"event_name":"Beggar","player_choice":"Ignored","floor":27,"damage_taken":0},{"event_name":"Upgrade Shrine","player_choice":"Upgraded","floor":30,"damage_taken":0},{"event_name":"The Lab","player_choice":"Got Potions","floor":38,"damage_taken":0},{"event_name":"Mysterious Sphere","player_choice":"Ignore","floor":39,"damage_taken":0}],"boss_relics":[{"not_picked":["Tiny House","Black Blood"],"picked":"Runic Cube"},{"not_picked":["Calling Bell","Runic Dome"],"picked":"Sozu"}],"potions_floor_spawned":[3,5,10,16,20,24,36,41,48],"seed_played":"-4042284260210943253","ascension_level":9,"potions_obtained":[{"floor":3,"key":"SteroidPotion"},{"floor":5,"key":"Weak Potion"},{"floor":10,"key":"Swift Potion"},{"floor":16,"key":"Energy Potion"},{"floor":24,"key":"SkillPotion"}],"is_trial":false}