{"gold_per_floor":[109,109,109,120,134,134,162,0,23,23,23,23,61,74,74,165,165,190,105,121,139,139,139,162,87,387,430,430,630,661,682,682,780,780,793,817,817,817,817,817,836,836,863,516,516,529,564,66,66,66],"floor_reached":51,"playtime":2326,"items_purged":["Strike_B","Strike_B","Strike_B"],"score":1286,"play_id":"10f708a1-5bce-4ada-ac59-fdcb2c026aa8","local_time":"20190308195217","is_ascension_mode":true,"campfire_choices":[{"data":"Glacier","floor":6,"key":"SMITH"},{"data":"Defragment","floor":10,"key":"SMITH"},{"floor":12,"key":"REST"},{"data":"Go for the Eyes","floor":15,"key":"SMITH"},{"data":"Redo","floor":23,"key":"SMITH"},{"floor":32,"key":"REST"},{"data":"Consume","floor":40,"key":"SMITH"},{"data":"Chill","floor":42,"key":"SMITH"},{"data":"Defragment","floor":49,"key":"SMITH"}],"neow_cost":"NONE","seed_source_timestamp":415819937135407,"circlet_count":0,"master_deck":["AscendersBane","Strike_B+1","Defend_B+1","Defend_B","Defend_B","Defend_B","Zap+1","Cold Snap","Glacier+1","Ball Lightning","Cold Snap","Defragment+1","Conserve Battery","Go for the Eyes+1","All For One","Conserve Battery","Hologram+1","Redo+1","Coolheaded+1","Chill+1","Reinforced Body","Blizzard","Electrodynamics","Consume+1","Consume+1","Writhe","Defragment+1","Cold Snap+1","Core Surge"],"relics":["Inserter","Bronze Scales","Regal Pillow","Golden Idol","Symbiotic Virus","Sozu","Gremlin Horn","Old Coin","Unceasing Top","Centennial Puzzle","Nuclear Battery","DataDisk","Art of War","Torii","Lee\u0027s Waffle"],"potions_floor_usage":[7,7,22,24],"damage_taken":[{"damage":0,"enemies":"Small Slimes","floor":1,"turns":3},{"damage":2,"enemies":"Jaw Worm","floor":4,"turns":4},{"damage":0,"enemies":"2 Louse","floor":5,"turns":2},{"damage":6,"enemies":"Lagavulin","floor":7,"turns":5},{"damage":3,"enemies":"3 Sentries","floor":13,"turns":8},{"damage":0,"enemies":"Red Slaver","floor":14,"turns":3},{"damage":27,"enemies":"Hexaghost","floor":16,"turns":9},{"damage":9,"enemies":"Shell Parasite","floor":18,"turns":3},{"damage":12,"enemies":"2 Thieves","floor":20,"turns":4},{"damage":0,"enemies":"Chosen and Byrds","floor":21,"turns":4},{"damage":0,"enemies":"Snake Plant","floor":22,"turns":1},{"damage":0,"enemies":"Snecko","floor":24,"turns":5},{"damage":8,"enemies":"Book of Stabbing","floor":27,"turns":5},{"damage":23,"enemies":"Slavers","floor":30,"turns":5},{"damage":9,"enemies":"Shelled Parasite and Fungi","floor":31,"turns":5},{"damage":2,"enemies":"Collector","floor":33,"turns":11},{"damage":24,"enemies":"3 Darklings","floor":35,"turns":4},{"damage":1,"enemies":"3 Shapes","floor":36,"turns":4},{"damage":5,"enemies":"Sphere and 2 Shapes","floor":41,"turns":6},{"damage":7,"enemies":"Spire Growth","floor":46,"turns":5},{"damage":16,"enemies":"Giant Head","floor":47,"turns":16},{"damage":21,"enemies":"Time Eater","floor":50,"turns":22}],"seed_played":"1285662535464874820","potions_obtained":[{"floor":4,"key":"SkillPotion"},{"floor":5,"key":"Block Potion"},{"floor":13,"key":"SmokeBomb"}],"is_trial":false,"path_per_floor":["M","?","?","M","M","R","E","$","T","R","?","R","E","M","R","B",null,"M","?","M","M","M","R","M","$","T","E","?","?","E","M","R","B",null,"M","M","?","?","?","R","M","R","T","$","?","M","E","$","R","B",null],"character_chosen":"DEFECT","items_purchased":["Defragment","Regen Potion","Art of War","Defragment","Lee\u0027s Waffle","Core Surge"],"campfire_rested":2,"item_purchase_floors":[8,8,44,44,48,48],"current_hp_per_floor":[64,43,43,41,41,41,35,35,35,35,35,64,61,61,61,34,57,48,48,36,36,36,36,50,50,50,42,42,42,19,10,44,42,59,35,34,34,34,47,47,42,42,42,42,42,35,19,71,71,50],"gold":66,"neow_bonus":"BOSS_RELIC","is_prod":false,"is_daily":false,"chose_seed":false,"campfire_upgraded":7,"win_rate":0,"timestamp":1552092737,"path_taken":["M","?","?","M","M","R","E","$","T","R","?","R","E","M","R","BOSS","M","?","M","M","M","R","M","$","T","E","?","?","E","M","R","BOSS","M","M","?","?","?","R","M","R","T","$","?","?","E","?","R","BOSS"],"build_version":"2019-01-23","purchased_purges":3,"victory":true,"max_hp_per_floor":[71,71,71,71,71,71,71,71,71,71,64,64,64,64,64,64,64,64,64,64,64,64,64,64,64,64,64,64,64,64,64,64,64,64,64,64,64,64,64,64,64,64,64,64,64,64,64,71,71,71],"card_choices":[{"not_picked":["Beam Cell","Compile Driver"],"picked":"Cold Snap","floor":1},{"not_picked":["Turbo","Stack"],"picked":"Glacier","floor":4},{"not_picked":["Doom and Gloom","BootSequence"],"picked":"Ball Lightning","floor":5},{"not_picked":["Leap","Reinforced Body"],"picked":"Cold Snap","floor":7},{"not_picked":["Gash","Hologram"],"picked":"Conserve Battery","floor":13},{"not_picked":["Coolheaded","Stack"],"picked":"Go for the Eyes","floor":14},{"not_picked":["Thunder Strike","Reboot"],"picked":"All For One","floor":16},{"not_picked":["Steam","Coolheaded"],"picked":"Conserve Battery","floor":18},{"not_picked":["Sunder","Steam"],"picked":"Hologram+1","floor":20},{"not_picked":["Ball Lightning","Buffer"],"picked":"Redo","floor":21},{"not_picked":["Go for the Eyes","Redo"],"picked":"Coolheaded+1","floor":24},{"not_picked":["Coolheaded","Melter"],"picked":"Chill","floor":27},{"not_picked":["Turbo","Ball Lightning"],"picked":"Reinforced Body","floor":30},{"not_picked":["Coolheaded","Self Repair"],"picked":"Blizzard","floor":31},{"not_picked":["Rainbow","Buffer"],"picked":"Electrodynamics","floor":33},{"not_picked":["Go for the Eyes","Coolheaded"],"picked":"Consume","floor":35},{"not_picked":["Tempest","Coolheaded"],"picked":"Consume+1","floor":36},{"not_picked":["Rebound","Heatsinks","Gash"],"picked":"SKIP","floor":41},{"not_picked":["Stack","Ball Lightning","Cold Snap+1"],"picked":"SKIP","floor":46},{"not_picked":["Stack","Ball Lightning"],"picked":"Cold Snap+1","floor":46},{"not_picked":["FTL","Sunder+1","Stack"],"picked":"SKIP","floor":47}],"player_experience":870800,"relics_obtained":[{"floor":7,"key":"Bronze Scales"},{"floor":9,"key":"Regal Pillow"},{"floor":13,"key":"Symbiotic Virus"},{"floor":26,"key":"Old Coin"},{"floor":27,"key":"Unceasing Top"},{"floor":30,"key":"Centennial Puzzle"},{"floor":43,"key":"DataDisk"},{"floor":47,"key":"Torii"}],"event_choices":[{"damage_healed":0,"gold_gain":0,"player_choice":"Entered Light","damage_taken":21,"max_hp_gain":0,"max_hp_loss":0,"event_name":"Shining Light","floor":2,"gold_loss":0,"cards_upgraded":["Defend_B","Strike_B"]},{"damage_healed":0,"gold_gain":0,"player_choice":"Grow","damage_taken":0,"max_hp_gain":0,"max_hp_loss":0,"event_name":"Living Wall","floor":3,"gold_loss":0,"cards_upgraded":["Zap"]},{"damage_healed":0,"gold_gain":0,"player_choice":"Lose Max HP","damage_taken":0,"relics_obtained":["Golden Idol"],"max_hp_gain":0,"max_hp_loss":7,"event_name":"Golden Idol","floor":11,"gold_loss":0},{"damage_healed":0,"gold_gain":0,"player_choice":"Obtained Relic","damage_taken":0,"relics_obtained":["Gremlin Horn"],"max_hp_gain":0,"max_hp_loss":0,"event_name":"Addict","floor":19,"gold_loss":85},{"damage_healed":0,"gold_gain":0,"player_choice":"Ignored","damage_taken":0,"max_hp_gain":0,"max_hp_loss":0,"event_name":"Ghosts","floor":28,"gold_loss":0},{"damage_healed":0,"gold_gain":250,"player_choice":"Bet on Owner","damage_taken":0,"max_hp_gain":0,"max_hp_loss":0,"event_name":"The Joust","floor":29,"gold_loss":50},{"cards_removed":["Dualcast"],"damage_healed":0,"gold_gain":0,"player_choice":"Removed Skill","damage_taken":0,"max_hp_gain":0,"max_hp_loss":0,"event_name":"Falling","floor":37,"gold_loss":0},{"damage_healed":0,"gold_gain":0,"player_choice":"Ignored","damage_taken":0,"max_hp_gain":0,"max_hp_loss":0,"event_name":"Mysterious Sphere","floor":38,"gold_loss":0},{"damage_healed":13,"gold_gain":0,"player_choice":"Writhe","damage_taken":0,"max_hp_gain":0,"max_hp_loss":0,"event_name":"Winding Halls","floor":39,"gold_loss":0,"cards_obtained":["Writhe"]},{"damage_healed":0,"gold_gain":0,"player_choice":"Memory 1","damage_taken":0,"max_hp_gain":0,"max_hp_loss":0,"event_name":"SensoryStone","floor":45,"gold_loss":0}],"is_beta":false,"boss_relics":[{"not_picked":["Calling Bell","Astrolabe"],"picked":"Sozu"},{"not_picked":["Velvet Choker","Runic Dome"],"picked":"Nuclear Battery"}],"items_purged_floors":[25,44,48],"is_endless":false,"potions_floor_spawned":[4,5,13,18,21,24,30,33,36],"ascension_level":16}