{"path_per_floor":["M","M","M","M","M","E","R","?","T","R","M","R","M","M","R","B",null,"M","$","M","M","T","R","M","R","T","R","?","M","M","M","R","B",null,"M","M","$","M","M","R","?"],"character_chosen":"THE_SILENT","items_purchased":["Footwork","Ice Cream","Cloak And Dagger"],"gold_per_floor":[110,124,138,155,172,203,203,203,278,278,297,297,312,331,331,430,430,446,300,312,322,322,322,337,337,337,337,237,249,259,271,271,376,376,392,412,3,22,38,38,85],"floor_reached":42,"campfire_rested":2,"playtime":4358,"current_hp_per_floor":[70,70,61,58,49,32,32,32,32,53,51,51,51,51,51,40,70,70,70,66,49,49,49,35,35,35,35,35,33,33,33,33,6,70,37,35,35,24,16,37,9],"items_purged":["Strike_G","Strike_G"],"gold":85,"play_id":"c4defa3d-013d-4f72-a676-09c3c73eb36b","is_prod":false,"is_daily":false,"is_ascension_mode":false,"campfire_upgraded":7,"path_taken":["M","M","M","M","M","E","R","?","T","R","M","R","M","M","R","BOSS","M","?","M","M","?","R","M","R","T","R","?","M","M","?","R","BOSS","M","?","$","M","M","R","?","?"],"build_version":"2018-01-25-PROD3","purchased_purges":2,"victory":false,"master_deck":["Defend_G","Defend_G","Defend_G","Defend_G","Defend_G","Strike_G","Strike_G","Strike_G","Survivor","Neutralize+1","Blur","Bouncing Flask+1","Well Laid Plans+1","Dagger Spray","Deadly Poison","Flying Knee","Cloak And Dagger+1","Backflip","Quick Slash","Glass Knife+1","Footwork+1","Dash+1","PiercingWail+1","J.A.X.","Dodge and Roll+1","Acrobatics","Envenom","Backflip","Catalyst+1","Cloak And Dagger"],"max_hp_per_floor":[70,70,70,70,70,70,70,70,70,70,70,70,70,70,70,70,70,70,70,70,70,70,70,70,70,70,70,70,70,70,70,70,70,70,70,70,70,70,70,70,70],"relics":["Ring of the Snake","Matryoshka","Snake Skull","Gremlin Horn","Philosopher\u0027s Stone","Bottled Lightning","Anchor","Vajra","White Beast Statue","Ice Cream","Du-Vu Doll"],"card_choices":[{"not_picked":["Deflect","Setup"],"picked":"Blur"},{"not_picked":["Poisoned Stab","All Out Attack"],"picked":"Bouncing Flask"},{"not_picked":["Skewer","Acrobatics"],"picked":"Well Laid Plans"},{"not_picked":["Poisoned Stab","Flechettes"],"picked":"Dagger Spray"},{"not_picked":["Masterful Stab","Slice"],"picked":"Deadly Poison"},{"not_picked":["Storm of Steel","Setup"],"picked":"Flying Knee"},{"not_picked":["Outmaneuver","Prepared"],"picked":"Cloak And Dagger"},{"not_picked":["Deflect","Concentrate"],"picked":"Backflip"},{"not_picked":["Concentrate","Dagger Throw"],"picked":"Quick Slash"},{"not_picked":["Bullet Time","Venomology"],"picked":"Glass Knife"},{"not_picked":["Distraction","Terror"],"picked":"Dash"},{"not_picked":["All Out Attack","Flying Knee"],"picked":"PiercingWail"},{"not_picked":["Outmaneuver","Phantasmal Killer"],"picked":"Dodge and Roll"},{"not_picked":["Poisoned Stab","Underhanded Strike"],"picked":"Acrobatics"},{"not_picked":["Venomology","Unload"],"picked":"Envenom"},{"not_picked":["Choke","Bane"],"picked":"Backflip"},{"not_picked":["Quick Slash","Choke"],"picked":"Catalyst"}],"player_experience":331695,"potions_floor_usage":[5,6,18,20,33,33,33,36,39,41,42],"damage_taken":[{"damage":0,"enemies":"Cultist","floor":1,"turns":4},{"damage":0,"enemies":"Small Slimes","floor":2,"turns":5},{"damage":9,"enemies":"Blue Slaver","floor":3,"turns":5},{"damage":3,"enemies":"3 Louse","floor":4,"turns":4},{"damage":24,"enemies":"Exordium Thugs","floor":5,"turns":5},{"damage":17,"enemies":"3 Sentries","floor":6,"turns":9},{"damage":2,"enemies":"Looter","floor":11,"turns":4},{"damage":0,"enemies":"Lots of Slimes","floor":13,"turns":1},{"damage":0,"enemies":"3 Louse","floor":14,"turns":3},{"damage":11,"enemies":"The Guardian","floor":16,"turns":7},{"damage":0,"enemies":"Spheric Guardian","floor":18,"turns":3},{"damage":4,"enemies":"3 Byrds","floor":20,"turns":4},{"damage":17,"enemies":"Snake Plant","floor":21,"turns":4},{"damage":14,"enemies":"Centurion and Healer","floor":24,"turns":8},{"damage":2,"enemies":"Snecko","floor":29,"turns":4},{"damage":0,"enemies":"Snake Plant","floor":30,"turns":3},{"damage":0,"enemies":"Chosen and Byrds","floor":31,"turns":5},{"damage":27,"enemies":"Automaton","floor":33,"turns":8},{"damage":33,"enemies":"3 Darklings","floor":35,"turns":5},{"damage":2,"enemies":"3 Shapes","floor":36,"turns":5},{"damage":11,"enemies":"Maw","floor":38,"turns":6},{"damage":23,"enemies":"Sphere and 2 Shapes","floor":39,"turns":7},{"damage":28,"enemies":"Mysterious Sphere","floor":41,"turns":6},{"damage":11,"enemies":"4 Shapes","floor":42,"turns":2}],"event_choices":[{"event_name":"Dead Adventurer","player_choice":"Searched \u00270\u0027 times","floor":8,"damage_taken":0},{"event_name":"Drug Dealer","player_choice":"Got JAXXED","floor":28,"damage_taken":0},{"event_name":"Mysterious Sphere","player_choice":"Fight","floor":41,"damage_taken":0}],"boss_relics":[{"not_picked":["Orrery","Snecko Eye"],"picked":"Philosopher\u0027s Stone"},{"not_picked":["Question Card","Black Star"],"picked":"White Beast Statue"}],"potions_floor_spawned":[2,4,5,13,14,16,20,24,30,35,36,38,39,41],"seed_played":"-3598553029300454042","killed_by":"4 Shapes","ascension_level":0,"is_trial":false}