{"path_per_floor":["M","?","?","?","M","R","$","R","T","T","E","M","?","$","R","B",null,"M","?","$","M","?","R","M","?","T","E","M","R","M","M","R"],"character_chosen":"IRONCLAD","items_purchased":["Flash of Steel","Power Through"],"gold_per_floor":[110,110,110,110,135,135,44,44,44,70,101,114,114,39,39,170,170,195,195,23,47,47,47,68,68,68,101,121,121,137,162,162],"floor_reached":33,"campfire_rested":0,"playtime":2274,"current_hp_per_floor":[72,52,52,57,63,63,63,63,63,63,41,40,23,23,23,7,85,85,85,85,85,85,85,76,76,76,59,65,65,69,68,68],"items_purged":["Strike_R","Strike_R"],"gold":162,"play_id":"c273e0e6-adfb-47a7-855c-e5c6c42064eb","is_prod":false,"is_daily":false,"campfire_rituals":0,"campfire_upgraded":3,"is_hardmode":false,"path_taken":["M","?","?","?","M","R","?","R","T","?","E","M","?","$","R","BOSS","M","?","?","M","?","R","M","?","T","E","M","R","M","?","R","BOSS"],"build_version":"2018-01-18-PROD4","purchased_purges":2,"victory":false,"master_deck":["Strike_R","Strike_R","Defend_R","Defend_R","Defend_R","Defend_R","Bash","Carnage","Brutality","Flash of Steel","Barricade","Ghostly Armor","Impervious","Iron Wave","Power Through","Headbutt","Battle Trance","Iron Wave","Writhe","Sever Soul","Disarm","Seeing Red","Pommel Strike"],"max_hp_per_floor":[80,80,80,85,85,85,85,85,85,85,85,85,85,85,85,85,85,85,85,85,85,85,85,85,85,85,85,85,85,85,85,85],"relics":["Burning Blood","Golden Idol","Shovel","Bronze Scales","Centennial Puzzle","Cursed Key","The Courier","Calipers","Magic Flower","Meat on the Bone","Dream Catcher"],"campfire_meditates":0,"card_choices":[{"not_picked":["Heavy Blade","Anger"],"picked":"Carnage"},{"not_picked":["Perfected Strike","Sentinel"],"picked":"Brutality"},{"not_picked":["Twin Strike","True Grit"],"picked":"Barricade"},{"not_picked":["Spot Weakness","Headbutt"],"picked":"Ghostly Armor"},{"not_picked":["Brutality","Dark Embrace"],"picked":"Impervious"},{"not_picked":["Flex","Headbutt"],"picked":"Iron Wave"},{"not_picked":["Inflame","Intimidate"],"picked":"Headbutt"},{"not_picked":["Havoc","Pommel Strike"],"picked":"Iron Wave"},{"not_picked":["Thunderclap","Brutality"],"picked":"Sever Soul"},{"not_picked":["Inflame","Reckless Charge"],"picked":"Disarm"},{"not_picked":["Headbutt","Dual Wield"],"picked":"Seeing Red"},{"not_picked":["Dual Wield","Rage"],"picked":"Pommel Strike"}],"player_experience":330569,"potions_floor_usage":[16,27],"damage_taken":[{"damage":14,"enemies":"Blue Slaver","floor":1,"turns":4},{"damage":0,"enemies":"2 Louse","floor":5,"turns":3},{"damage":28,"enemies":"Lagavulin","floor":11,"turns":4},{"damage":7,"enemies":"Small Slimes","floor":12,"turns":2},{"damage":22,"enemies":"The Guardian","floor":16,"turns":14},{"damage":0,"enemies":"Shell Parasite","floor":18,"turns":5},{"damage":4,"enemies":"3 Byrds","floor":21,"turns":5},{"damage":15,"enemies":"Centurion and Healer","floor":24,"turns":5},{"damage":23,"enemies":"Slavers","floor":27,"turns":8},{"damage":3,"enemies":"Snake Plant","floor":28,"turns":4},{"damage":5,"enemies":"Chosen and Byrds","floor":30,"turns":6},{"damage":10,"enemies":"Centurion and Healer","floor":31,"turns":6},{"damage":71,"enemies":"Collector","floor":33,"turns":16}],"event_choices":[{"event_name":"Golden Idol","player_choice":"Take Damage","floor":2,"damage_taken":0},{"event_name":"Liars Game","player_choice":"disagreed","floor":3,"damage_taken":0},{"event_name":"Big Fish","player_choice":"Donut","floor":4,"damage_taken":0},{"event_name":"Shining Light","player_choice":"Entered Light","floor":13,"damage_taken":0},{"event_name":"Purifier","player_choice":"One Purge","floor":19,"damage_taken":0},{"event_name":"The Library","player_choice":"Read","floor":22,"damage_taken":0},{"event_name":"Addict","player_choice":"Ignored","floor":25,"damage_taken":0}],"boss_relics":[{"not_picked":["Mark of Pain","Pandora\u0027s Box"],"picked":"Cursed Key"}],"potions_floor_spawned":[12,18,27,28],"seed_played":"302875961102934987","killed_by":"Collector","is_trial":false}