{"gold_per_floor":[117,70,81,95,105,105,123,153,153,153,179,105,115,131,131,230,230,242,242,157,157,170,170,202,202,202,218,218,21,21,37,37,140,140,157,2,17,117,117,117,142,142,169,204,204,216,56,70,70,70],"floor_reached":51,"playtime":3992,"items_purged":[],"score":838,"play_id":"38c05ff5-8dc2-44b1-8a1e-527c311a117c","local_time":"20190212212520","is_ascension_mode":true,"campfire_choices":[{"data":"Shrug It Off","floor":6,"key":"SMITH"},{"floor":10,"key":"REST"},{"data":"True Grit","floor":15,"key":"SMITH"},{"data":"Fiend Fire","floor":23,"key":"SMITH"},{"floor":25,"key":"REST"},{"data":"Whirlwind","floor":28,"key":"SMITH"},{"data":"Shrug It Off","floor":30,"key":"SMITH"},{"data":"Sentinel","floor":32,"key":"SMITH"},{"data":"Impervious","floor":40,"key":"SMITH"},{"floor":42,"key":"REST"},{"data":"Thinking Ahead","floor":45,"key":"SMITH"},{"floor":49,"key":"REST"}],"neow_cost":"NONE","seed_source_timestamp":778934071376639,"circlet_count":0,"master_deck":["Bash","Shrug It Off+1","Whirlwind+1","True Grit+1","Thunderclap","Demon Form","Twin Strike","Body Slam","Battle Trance","Heavy Blade","Fiend Fire+1","Shrug It Off+1","Clash","Reaper","Offering","Sever Soul","True Grit","Twin Strike","Sword Boomerang","Battle Trance","Flex","Flex+1","Bite","Bite","Bite","Bite","Bite","Clash+1","Feel No Pain","Sentinel+1","Impervious+1","Armaments+1","Thinking Ahead+1","Blood for Blood+1","Warcry","Reckless Charge+1","Impervious"],"relics":["Burning Blood","Mango","Dodecahedron","Lantern","Pandora\u0027s Box","Magic Flower","Thread and Needle","The Courier","Brimstone","Sozu","FossilizedHelix","Question Card","Happy Flower","HandDrill"],"potions_floor_usage":[7,16,27,31,33,33],"damage_taken":[{"damage":2,"enemies":"Cultist","floor":1,"turns":4},{"damage":0,"enemies":"2 Louse","floor":3,"turns":1},{"damage":2,"enemies":"Jaw Worm","floor":4,"turns":6},{"damage":2,"enemies":"Large Slime","floor":5,"turns":8},{"damage":14,"enemies":"Exordium Thugs","floor":7,"turns":7},{"damage":32,"enemies":"Lagavulin","floor":8,"turns":8},{"damage":27,"enemies":"3 Sentries","floor":11,"turns":6},{"damage":2,"enemies":"Red Slaver","floor":13,"turns":3},{"damage":4,"enemies":"Blue Slaver","floor":14,"turns":5},{"damage":38,"enemies":"The Guardian","floor":16,"turns":10},{"damage":6,"enemies":"Spheric Guardian","floor":18,"turns":3},{"damage":24,"enemies":"Chosen","floor":22,"turns":5},{"damage":30,"enemies":"Gremlin Leader","floor":24,"turns":3},{"damage":14,"enemies":"3 Cultists","floor":27,"turns":5},{"damage":11,"enemies":"Centurion and Healer","floor":31,"turns":2},{"damage":86,"enemies":"Automaton","floor":33,"turns":8},{"damage":28,"enemies":"3 Shapes","floor":35,"turns":4},{"damage":37,"enemies":"3 Darklings","floor":37,"turns":4},{"damage":1,"enemies":"Mind Bloom Boss Battle","floor":38,"turns":4},{"damage":44,"enemies":"Nemesis","floor":41,"turns":5},{"damage":24,"enemies":"Reptomancer","floor":44,"turns":3},{"damage":0,"enemies":"Sphere and 2 Shapes","floor":46,"turns":2},{"damage":36,"enemies":"Writhing Mass","floor":48,"turns":4},{"damage":69,"enemies":"Time Eater","floor":50,"turns":6}],"seed_played":"1099561238426416593","potions_obtained":[{"floor":1,"key":"FairyPotion"},{"floor":5,"key":"GamblersBrew"},{"floor":8,"key":"Regen Potion"},{"floor":13,"key":"GamblersBrew"},{"floor":24,"key":"GamblersBrew"},{"floor":27,"key":"Energy Potion"},{"floor":31,"key":"Energy Potion"}],"is_trial":false,"path_per_floor":["M","$","M","M","M","R","M","E","T","R","E","$","M","M","R","B",null,"M","?","?","?","M","R","E","R","T","M","R","$","R","M","R","B",null,"M","$","M","?","?","R","E","R","T","E","R","M","$","M","R","B",null],"character_chosen":"IRONCLAD","items_purchased":["True Grit","Fiend Fire","Feel No Pain","Brimstone","Thinking Ahead","HandDrill"],"campfire_rested":4,"item_purchase_floors":[2,12,29,29,36,47],"current_hp_per_floor":[80,80,80,80,80,80,72,60,60,88,67,67,71,73,73,41,94,94,94,94,65,53,53,35,54,54,61,61,61,61,62,62,28,65,61,61,42,62,75,75,43,65,65,59,59,75,75,54,75,21],"gold":70,"neow_bonus":"THREE_CARDS","is_prod":false,"is_daily":false,"chose_seed":false,"campfire_upgraded":8,"win_rate":0,"timestamp":1550003120,"path_taken":["M","?","M","M","M","R","M","E","T","R","E","$","M","?","R","BOSS","M","?","?","?","M","R","E","R","T","M","R","$","R","M","R","BOSS","M","$","M","?","?","R","E","R","T","E","R","?","?","M","R","BOSS"],"build_version":"2019-01-23","purchased_purges":0,"victory":true,"max_hp_per_floor":[80,80,80,80,80,80,80,94,94,94,94,94,94,94,94,94,94,94,94,94,65,65,65,65,65,65,65,65,65,65,65,65,65,65,65,65,65,65,75,75,75,75,75,75,75,75,75,75,75,75],"card_choices":[{"not_picked":["Flex","Intimidate"],"picked":"Shrug It Off","floor":0},{"not_picked":["Armaments","Clothesline"],"picked":"Whirlwind","floor":1},{"not_picked":["Anger","Armaments"],"picked":"Thunderclap","floor":3},{"not_picked":["Havoc","Anger"],"picked":"Demon Form","floor":4},{"not_picked":["Thunderclap","Seeing Red"],"picked":"Twin Strike","floor":5},{"not_picked":["Pommel Strike","Inflame"],"picked":"Body Slam","floor":7},{"not_picked":["Flex","Thunderclap"],"picked":"Battle Trance","floor":8},{"not_picked":["Clash","Body Slam"],"picked":"Heavy Blade","floor":11},{"not_picked":["Barricade","Cleave"],"picked":"Shrug It Off","floor":13},{"not_picked":["True Grit","Spot Weakness"],"picked":"Clash","floor":14},{"not_picked":["Exhume","Limit Break"],"picked":"Reaper","floor":16},{"not_picked":["Wild Strike","Body Slam"],"picked":"Flex+1","floor":18},{"not_picked":["True Grit+1","Battle Trance"],"picked":"Clash+1","floor":22},{"not_picked":["Battle Trance","Demon Form","Havoc"],"picked":"SKIP","floor":24},{"not_picked":["Anger","Pommel Strike+1","Sword Boomerang"],"picked":"SKIP","floor":27},{"not_picked":["Demon Form","Sword Boomerang"],"picked":"Sentinel","floor":31},{"not_picked":["Fiend Fire","Brutality"],"picked":"Impervious","floor":33},{"not_picked":["Headbutt+1","Iron Wave+1"],"picked":"Armaments+1","floor":35},{"not_picked":["Havoc+1","Battle Trance+1"],"picked":"Blood for Blood+1","floor":37},{"not_picked":["Spot Weakness+1","Rage"],"picked":"Warcry","floor":38},{"not_picked":["Anger","Inflame"],"picked":"Reckless Charge+1","floor":41},{"not_picked":["Dark Embrace","Pommel Strike","Cleave"],"picked":"Impervious","floor":44},{"not_picked":["Twin Strike+1","Dropkick+1","Battle Trance+1","Metallicize"],"picked":"SKIP","floor":46},{"not_picked":["Shockwave","Dual Wield","Seeing Red","Cleave"],"picked":"SKIP","floor":48}],"player_experience":289104,"relics_obtained":[{"floor":8,"key":"Mango"},{"floor":9,"key":"Dodecahedron"},{"floor":11,"key":"Lantern"},{"floor":24,"key":"Thread and Needle"},{"floor":26,"key":"The Courier"},{"floor":38,"key":"FossilizedHelix"},{"floor":41,"key":"Question Card"},{"floor":44,"key":"Happy Flower"}],"event_choices":[{"cards_removed":["Searing Blow"],"damage_healed":0,"gold_gain":0,"player_choice":"Elegance","damage_taken":0,"max_hp_gain":0,"max_hp_loss":0,"event_name":"Back to Basics","floor":19,"gold_loss":0},{"damage_healed":0,"gold_gain":0,"player_choice":"Obtained Relic","damage_taken":0,"relics_obtained":["Magic Flower"],"max_hp_gain":0,"max_hp_loss":0,"event_name":"Addict","floor":20,"gold_loss":85},{"damage_healed":0,"gold_gain":0,"player_choice":"Became a vampire","damage_taken":0,"max_hp_gain":0,"max_hp_loss":29,"event_name":"Vampires","floor":21,"gold_loss":0,"cards_obtained":["Bite","Bite","Bite","Bite","Bite"]},{"damage_healed":0,"gold_gain":0,"player_choice":"Fight","damage_taken":0,"max_hp_gain":0,"max_hp_loss":0,"event_name":"MindBloom","floor":38,"gold_loss":0},{"cards_removed":["Dark Embrace"],"damage_healed":3,"gold_gain":0,"player_choice":"Offered Rare","damage_taken":0,"max_hp_gain":10,"max_hp_loss":0,"event_name":"Bonfire Elementals","floor":39,"gold_loss":0}],"is_beta":false,"boss_relics":[{"not_picked":["Velvet Choker","Eternal Feather"],"picked":"Pandora\u0027s Box"},{"not_picked":["Black Star","Snecko Eye"],"picked":"Sozu"}],"items_purged_floors":[],"is_endless":false,"potions_floor_spawned":[1,5,8,13,14,24,27,31,37,44,46,48],"ascension_level":3}