{"gold_per_floor":[115,129,51,51,51,51,0,26,77,2,2,13,13,26,26,102,102,116,134,48,248,268,268,268],"floor_reached":24,"playtime":702,"items_purged":["Strike_B"],"score":388,"play_id":"16c09e8c-0db0-42c9-b11f-683a4970eef5","local_time":"20190221030356","is_ascension_mode":true,"campfire_choices":[{"data":"Zap","floor":6,"key":"SMITH"},{"data":"Streamline","floor":11,"key":"SMITH"},{"data":"Reinforced Body","floor":13,"key":"SMITH"},{"floor":15,"key":"REST"},{"floor":23,"key":"REST"}],"neow_cost":"NONE","seed_source_timestamp":2481517104710198,"circlet_count":0,"master_deck":["AscendersBane","Strike_B+1","Strike_B+1","Defend_B","Defend_B","Defend_B","Defend_B","Zap+1","Dualcast","Steam","Streamline+1","Reinforced Body+1","Cold Snap","Ball Lightning","Barrage","Electrodynamics","Hologram","Self Repair"],"relics":["Cracked Core","Oddly Smooth Stone","Ancient Tea Set","Whetstone","Velvet Choker"],"potions_floor_usage":[16],"damage_taken":[{"damage":0,"enemies":"Cultist","floor":1,"turns":3},{"damage":1,"enemies":"2 Louse","floor":2,"turns":3},{"damage":29,"enemies":"Gremlin Nob","floor":8,"turns":4},{"damage":5,"enemies":"Jaw Worm","floor":12,"turns":3},{"damage":12,"enemies":"Exordium Thugs","floor":14,"turns":4},{"damage":16,"enemies":"Slime Boss","floor":16,"turns":10},{"damage":15,"enemies":"2 Thieves","floor":18,"turns":4},{"damage":20,"enemies":"Spheric Guardian","floor":19,"turns":4},{"damage":0,"enemies":"3 Cultists","floor":22,"turns":3},{"damage":59,"enemies":"Gremlin Leader","floor":24,"turns":6}],"seed_played":"-4076386001777748102","potions_obtained":[{"floor":2,"key":"SneckoOil"},{"floor":14,"key":"Fire Potion"},{"floor":16,"key":"SpeedPotion"}],"is_trial":false,"path_per_floor":["M","M","$","?","?","R","$","E","T","$","R","M","R","M","R","B",null,"M","M","$","?","M","R","E"],"character_chosen":"DEFECT","items_purchased":["Reinforced Body","Cold Snap","Self Repair"],"campfire_rested":2,"item_purchase_floors":[3,7,20],"current_hp_per_floor":[64,63,63,68,61,61,61,32,32,32,32,27,27,15,37,21,62,47,27,27,27,34,56,0],"gold":268,"neow_bonus":"RANDOM_COMMON_RELIC","is_prod":false,"is_daily":false,"chose_seed":false,"campfire_upgraded":3,"win_rate":0,"timestamp":1550685836,"path_taken":["M","M","?","?","?","R","$","E","T","$","R","M","R","M","R","BOSS","M","M","$","?","?","R","E"],"build_version":"2019-01-23","purchased_purges":1,"victory":false,"max_hp_per_floor":[71,71,71,76,76,76,76,76,76,76,76,76,76,76,76,76,76,76,76,76,76,76,76,76],"card_choices":[{"not_picked":["Go for the Eyes","Heatsinks"],"picked":"Steam","floor":1},{"not_picked":["Conserve Battery","Chaos"],"picked":"Streamline","floor":2},{"not_picked":["White Noise","Fusion"],"picked":"Ball Lightning","floor":8},{"not_picked":["Rebound","Sweeping Beam","Conserve Battery"],"picked":"SKIP","floor":12},{"not_picked":["Redo","Conserve Battery"],"picked":"Barrage","floor":14},{"not_picked":["Thunder Strike","Amplify"],"picked":"Electrodynamics","floor":16},{"not_picked":["Cold Snap","Steam Power","Leap"],"picked":"SKIP","floor":18},{"not_picked":["Scrape","Steam"],"picked":"Hologram","floor":19},{"not_picked":["Stack","Rebound+1","Force Field"],"picked":"SKIP","floor":22}],"player_experience":573395,"relics_obtained":[{"floor":8,"key":"Ancient Tea Set"},{"floor":9,"key":"Whetstone"}],"event_choices":[{"damage_healed":0,"gold_gain":0,"player_choice":"Donut","damage_taken":0,"max_hp_gain":5,"max_hp_loss":0,"event_name":"Big Fish","floor":4,"gold_loss":0},{"cards_removed":["Strike_B"],"damage_healed":0,"gold_gain":0,"player_choice":"Card Removal","damage_taken":7,"max_hp_gain":0,"max_hp_loss":0,"event_name":"Golden Wing","floor":5,"gold_loss":0},{"damage_healed":0,"gold_gain":200,"player_choice":"Gold","damage_taken":0,"max_hp_gain":0,"max_hp_loss":0,"event_name":"Wheel of Change","floor":21,"gold_loss":0}],"is_beta":false,"boss_relics":[{"not_picked":["Astrolabe","Philosopher\u0027s Stone"],"picked":"Velvet Choker"}],"items_purged_floors":[10],"is_endless":false,"potions_floor_spawned":[2,14,16],"killed_by":"Gremlin Leader","ascension_level":20}