{"gold_per_floor":[114,124,124,137,156,189,189,201,269,280,292,305,305,338,338,435,435,455,312,329,343,359,420,420,36,61,61],"floor_reached":27,"playtime":2547,"items_purged":["Strike_B","Strike_B"],"score":249,"play_id":"f81f27e5-8bf3-4297-ba6c-70af77501845","local_time":"20180727130400","is_ascension_mode":false,"campfire_choices":[{"floor":7,"key":"REST"},{"floor":13,"key":"REST"},{"floor":15,"key":"REST"},{"floor":24,"key":"REST"}],"neow_cost":"NONE","seed_source_timestamp":587215769361454,"circlet_count":0,"master_deck":["Strike_B","Strike_B","Defend_B","Defend_B","Defend_B","Defend_B","Zap","Dualcast","Chaos","Beam Cell","Conserve Battery","BootSequence","Self Repair","Beam Cell","Reprogram","Consume","Storm","Redo","Echo Form","Defragment","Cold Snap","Redo","Storm"],"relics":["Fusion Hammer","Orichalcum","Bottled Tornado","Turnip","Inserter","Tiny Chest","OrangePellets","Bag of Preparation"],"potions_floor_usage":[6,14,16,16,21,23,23],"damage_taken":[{"damage":0,"enemies":"2 Louse","floor":1,"turns":3},{"damage":6,"enemies":"Jaw Worm","floor":2,"turns":4},{"damage":0,"enemies":"Cultist","floor":4,"turns":3},{"damage":6,"enemies":"Lots of Slimes","floor":5,"turns":4},{"damage":16,"enemies":"Gremlin Nob","floor":6,"turns":4},{"damage":1,"enemies":"2 Fungi Beasts","floor":8,"turns":3},{"damage":11,"enemies":"Large Slime","floor":10,"turns":7},{"damage":7,"enemies":"Blue Slaver","floor":11,"turns":5},{"damage":3,"enemies":"Gremlin Gang","floor":12,"turns":5},{"damage":26,"enemies":"Lagavulin","floor":14,"turns":6},{"damage":49,"enemies":"Slime Boss","floor":16,"turns":17},{"damage":27,"enemies":"Shell Parasite","floor":18,"turns":7},{"damage":11,"enemies":"Chosen","floor":20,"turns":5},{"damage":14,"enemies":"Snecko","floor":21,"turns":6},{"damage":15,"enemies":"Snake Plant","floor":22,"turns":4},{"damage":36,"enemies":"Book of Stabbing","floor":23,"turns":6},{"damage":38,"enemies":"Slavers","floor":27,"turns":2}],"seed_played":"3734580643471438171","potions_obtained":[{"floor":1,"key":"Poison Potion"},{"floor":2,"key":"LiquidBronze"},{"floor":5,"key":"AttackPotion"},{"floor":11,"key":"Fire Potion"},{"floor":16,"key":"Energy Potion"},{"floor":18,"key":"SteroidPotion"},{"floor":20,"key":"Poison Potion"},{"floor":22,"key":"PowerPotion"}],"is_trial":false,"path_per_floor":["M","M","?","M","M","E","R","M","T","M","M","M","R","E","R","B",null,"M","$","M","M","M","E","R","$","T"],"character_chosen":"DEFECT","items_purchased":["Defragment","Storm","OrangePellets"],"campfire_rested":4,"item_purchase_floors":[19,25,25],"current_hp_per_floor":[75,69,74,74,68,52,76,80,80,76,76,80,80,61,80,38,80,60,60,56,49,41,12,36,36,36,0],"gold":61,"neow_bonus":"BOSS_RELIC","is_prod":false,"is_daily":false,"chose_seed":false,"campfire_upgraded":0,"win_rate":0,"timestamp":1532711040,"path_taken":["M","M","?","M","M","E","R","M","T","M","M","M","R","E","R","BOSS","M","$","M","M","M","E","R","$","T","E"],"build_version":"2018-07-26","purchased_purges":2,"victory":false,"max_hp_per_floor":[75,75,80,80,80,80,80,80,80,80,80,80,80,80,80,80,80,80,80,80,80,80,80,80,80,80,80],"card_choices":[{"not_picked":["Melter","Redo"],"picked":"Chaos","floor":1},{"not_picked":["Tempest","Auto Shields"],"picked":"Beam Cell","floor":2},{"not_picked":["Scrape","Steam Power"],"picked":"Conserve Battery","floor":4},{"not_picked":["Rebound","Force Field"],"picked":"BootSequence","floor":5},{"not_picked":["Reinforced Body","Gash"],"picked":"Self Repair","floor":6},{"not_picked":["Coolheaded","Aggregate"],"picked":"Beam Cell","floor":8},{"not_picked":["Thunder Strike","Self Repair"],"picked":"Reprogram","floor":10},{"not_picked":["Redo","Gash"],"picked":"Consume","floor":11},{"not_picked":["Reprogram","Cold Snap"],"picked":"Storm","floor":12},{"not_picked":["Doom and Gloom","Chill"],"picked":"Redo","floor":14},{"not_picked":["Hyperbeam","Rainbow"],"picked":"Echo Form","floor":16},{"not_picked":["Conserve Battery","Turbo","Reprogram"],"picked":"SKIP","floor":18},{"not_picked":["Go for the Eyes","Sweeping Beam"],"picked":"Cold Snap","floor":20},{"not_picked":["Beam Cell","Skim"],"picked":"Redo","floor":21},{"not_picked":["Reprogram+1","Streamline","Aggregate"],"picked":"SKIP","floor":22},{"not_picked":["Reboot","Streamline","Sunder"],"picked":"SKIP","floor":23}],"player_experience":677217,"relics_obtained":[{"floor":6,"key":"Orichalcum"},{"floor":9,"key":"Bottled Tornado"},{"floor":14,"key":"Turnip"},{"floor":23,"key":"Tiny Chest"},{"floor":26,"key":"Bag of Preparation"}],"event_choices":[{"event_name":"Big Fish","player_choice":"Donut","floor":3,"damage_taken":0}],"is_beta":false,"boss_relics":[{"not_picked":["Calling Bell","Empty Cage"],"picked":"Inserter"}],"items_purged_floors":[19,25],"is_endless":false,"potions_floor_spawned":[1,2,5,11,12,16,18,20,22],"killed_by":"Slavers","ascension_level":0}