{"gold_per_floor":[115,129,146,157,107,126,126,138,138,138,150,150,175,28,28,129,129,148,0,0,13,30,30,43,43,43,43,43,43,43,56,56,158,158,175,194,206,206,219,219,119,138,138,149,168,168,9,20,20,20],"floor_reached":51,"playtime":5570,"items_purged":["Strike_R","Strike_R","Strike_R"],"score":655,"play_id":"870b93e5-3e77-4e19-ba78-9a1154b220ec","local_time":"20190220224117","is_ascension_mode":false,"campfire_choices":[{"data":"Carnage","floor":7,"key":"SMITH"},{"data":"Clothesline","floor":10,"key":"SMITH"},{"data":"Warcry","floor":12,"key":"SMITH"},{"data":"Flame Barrier","floor":15,"key":"SMITH"},{"data":"Limit Break","floor":23,"key":"SMITH"},{"data":"Battle Trance","floor":27,"key":"SMITH"},{"data":"Demon Form","floor":28,"key":"SMITH"},{"data":"Heavy Blade","floor":30,"key":"SMITH"},{"data":"Disarm","floor":32,"key":"SMITH"},{"data":"Immolate","floor":40,"key":"SMITH"},{"data":"Battle Trance","floor":46,"key":"SMITH"},{"data":"Exhume","floor":49,"key":"SMITH"}],"neow_cost":"NONE","seed_source_timestamp":26085870906416,"circlet_count":0,"master_deck":["Strike_R","Defend_R","Defend_R","Defend_R","Defend_R","Bash","Carnage+1","Clothesline+1","Cleave","Disarm+1","Warcry+1","Demon Form+1","Flame Barrier+1","Immolate+1","Intimidate+1","Ghostly Armor","Limit Break+1","Reaper","Battle Trance+1","Heavy Blade+1","Ghostly Armor","Exhume+1","Battle Trance+1","Shrug It Off+1","Headbutt","Shrug It Off+1"],"relics":["Burning Blood","Orichalcum","Pen Nib","Mango","Philosopher\u0027s Stone","WingedGreaves","Velvet Choker","The Courier"],"potions_floor_usage":[22,48,50,50],"damage_taken":[{"damage":14,"enemies":"Jaw Worm","floor":1,"turns":4},{"damage":0,"enemies":"2 Louse","floor":2,"turns":2},{"damage":0,"enemies":"Cultist","floor":3,"turns":2},{"damage":4,"enemies":"Looter","floor":4,"turns":3},{"damage":7,"enemies":"Gremlin Gang","floor":6,"turns":4},{"damage":0,"enemies":"2 Fungi Beasts","floor":8,"turns":4},{"damage":3,"enemies":"Red Slaver","floor":11,"turns":2},{"damage":20,"enemies":"Lagavulin","floor":13,"turns":5},{"damage":29,"enemies":"The Guardian","floor":16,"turns":9},{"damage":3,"enemies":"Shell Parasite","floor":18,"turns":5},{"damage":17,"enemies":"2 Thieves","floor":21,"turns":3},{"damage":6,"enemies":"Centurion and Healer","floor":22,"turns":6},{"damage":10,"enemies":"Cultist and Chosen","floor":24,"turns":6},{"damage":0,"enemies":"Snecko","floor":31,"turns":4},{"damage":13,"enemies":"Champ","floor":33,"turns":10},{"damage":2,"enemies":"Orb Walker","floor":35,"turns":3},{"damage":2,"enemies":"3 Shapes","floor":36,"turns":4},{"damage":9,"enemies":"Maw","floor":37,"turns":5},{"damage":14,"enemies":"4 Shapes","floor":39,"turns":4},{"damage":20,"enemies":"Sphere and 2 Shapes","floor":42,"turns":4},{"damage":4,"enemies":"3 Darklings","floor":44,"turns":3},{"damage":42,"enemies":"Spire Growth","floor":45,"turns":6},{"damage":8,"enemies":"Jaw Worm Horde","floor":48,"turns":7},{"damage":52,"enemies":"Time Eater","floor":50,"turns":9}],"seed_played":"6531097733696965191","potions_obtained":[{"floor":2,"key":"Regen Potion"},{"floor":4,"key":"Explosive Potion"},{"floor":6,"key":"Block Potion"},{"floor":24,"key":"SteroidPotion"},{"floor":31,"key":"GamblersBrew"},{"floor":35,"key":"BloodPotion"},{"floor":42,"key":"Strength Potion"},{"floor":48,"key":"Fruit Juice"}],"is_trial":false,"path_per_floor":["M","M","M","M","?","M","R","M","T","R","M","R","E","$","R","B",null,"M","$","?","M","M","R","M","?","T","R","R","?","R","M","R","B",null,"M","M","M","?","M","R","$","M","T","M","M","R","$","M","R","B",null],"character_chosen":"IRONCLAD","items_purchased":["Flame Barrier","Ghostly Armor","Limit Break","LiquidBronze"],"campfire_rested":0,"item_purchase_floors":[14,19,19,47],"current_hp_per_floor":[72,78,80,80,80,79,79,80,80,80,80,80,80,80,80,57,94,94,94,94,83,83,83,79,79,79,79,79,79,79,94,94,87,94,94,94,91,91,83,83,83,69,69,71,63,63,63,92,92,55],"gold":20,"neow_bonus":"RANDOM_COMMON_RELIC","is_prod":false,"is_daily":false,"chose_seed":false,"campfire_upgraded":12,"win_rate":0,"timestamp":1550695277,"path_taken":["M","M","M","M","?","M","R","M","T","R","M","R","E","$","R","BOSS","M","$","?","M","M","R","M","?","T","R","R","?","R","M","R","BOSS","M","M","?","?","M","R","$","M","T","M","M","R","$","M","R","BOSS"],"build_version":"2019-01-23","purchased_purges":3,"victory":true,"max_hp_per_floor":[80,80,80,80,80,80,80,80,80,80,80,80,94,94,94,94,94,94,94,94,94,94,94,94,94,94,94,94,94,94,94,94,94,94,94,94,94,94,94,94,94,94,94,94,94,94,94,99,99,99],"card_choices":[{"not_picked":["Cleave","Perfected Strike"],"picked":"Carnage","floor":1},{"not_picked":["Intimidate","Reckless Charge"],"picked":"Clothesline","floor":2},{"not_picked":["Perfected Strike","Body Slam","Clothesline"],"picked":"SKIP","floor":3},{"not_picked":["Searing Blow","Second Wind"],"picked":"Cleave","floor":4},{"not_picked":["Searing Blow","Heavy Blade","Reckless Charge"],"picked":"SKIP","floor":6},{"not_picked":["Intimidate","Anger"],"picked":"Disarm","floor":8},{"not_picked":["Blood for Blood","Dropkick"],"picked":"Warcry","floor":11},{"not_picked":["Searing Blow","Headbutt"],"picked":"Demon Form","floor":13},{"not_picked":["Double Tap","Barricade"],"picked":"Immolate","floor":16},{"not_picked":["Sword Boomerang+1","Anger"],"picked":"Intimidate+1","floor":18},{"not_picked":["Corruption+1","Thunderclap+1","Twin Strike+1"],"picked":"SKIP","floor":21},{"not_picked":["Perfected Strike","Headbutt"],"picked":"Reaper","floor":22},{"not_picked":["Inflame","Flex+1","Sentinel"],"picked":"SKIP","floor":24},{"not_picked":["Inflame","Flex+1","Sentinel"],"picked":"SKIP","floor":24},{"not_picked":["Sever Soul","Blood for Blood"],"picked":"Ghostly Armor","floor":31},{"not_picked":["Dark Embrace","Reaper"],"picked":"Exhume","floor":33},{"not_picked":["Dual Wield+1","Havoc","Flex"],"picked":"SKIP","floor":35},{"not_picked":["Evolve","Armaments+1"],"picked":"Battle Trance","floor":36},{"not_picked":["Thunderclap+1","Iron Wave"],"picked":"Shrug It Off+1","floor":37},{"not_picked":["Twin Strike+1","Battle Trance"],"picked":"Headbutt","floor":39},{"not_picked":["Perfected Strike+1","Armaments","Fire Breathing"],"picked":"SKIP","floor":42},{"not_picked":["Wild Strike","Second Wind+1"],"picked":"Shrug It Off+1","floor":44},{"not_picked":["Fiend Fire","Clothesline+1","Body Slam"],"picked":"SKIP","floor":45},{"not_picked":["Heavy Blade","Havoc+1","Carnage+1"],"picked":"SKIP","floor":48}],"player_experience":463216,"relics_obtained":[{"floor":9,"key":"Pen Nib"},{"floor":13,"key":"Mango"},{"floor":26,"key":"WingedGreaves"},{"floor":43,"key":"The Courier"}],"event_choices":[{"cards_removed":["Strike_R"],"damage_healed":0,"gold_gain":0,"player_choice":"Card Removal","damage_taken":0,"max_hp_gain":0,"max_hp_loss":0,"event_name":"The Cleric","floor":5,"gold_loss":50},{"damage_healed":0,"gold_gain":0,"player_choice":"Ignored","damage_taken":0,"max_hp_gain":0,"max_hp_loss":0,"event_name":"The Mausoleum","floor":20,"gold_loss":0},{"damage_healed":0,"gold_gain":0,"player_choice":"Read","damage_taken":0,"max_hp_gain":0,"max_hp_loss":0,"event_name":"The Library","floor":25,"gold_loss":0,"cards_obtained":["Battle Trance"]},{"damage_healed":0,"gold_gain":0,"player_choice":"1 cards matched","damage_taken":0,"max_hp_gain":0,"max_hp_loss":0,"event_name":"Match and Keep!","floor":29,"gold_loss":0,"cards_obtained":["Heavy Blade"]},{"damage_healed":0,"gold_gain":0,"player_choice":"1 cards matched","damage_taken":0,"max_hp_gain":0,"max_hp_loss":0,"event_name":"Match and Keep!","floor":29,"gold_loss":0,"cards_obtained":["Heavy Blade"]},{"damage_healed":0,"gold_gain":0,"player_choice":"1 cards matched","damage_taken":0,"max_hp_gain":0,"max_hp_loss":0,"event_name":"Match and Keep!","floor":29,"gold_loss":0,"cards_obtained":["Heavy Blade"]},{"damage_healed":0,"gold_gain":0,"player_choice":"Bought 0 Potions","damage_taken":0,"max_hp_gain":0,"max_hp_loss":0,"event_name":"The Woman in Blue","floor":38,"gold_loss":0}],"is_beta":false,"boss_relics":[{"not_picked":["Empty Cage","Runic Dome"],"picked":"Philosopher\u0027s Stone"},{"not_picked":["Calling Bell","Black Blood"],"picked":"Velvet Choker"}],"items_purged_floors":[14,41,47],"is_endless":false,"potions_floor_spawned":[2,4,6,16,24,31,35,37,39,42,48],"ascension_level":0}