{"path_per_floor":["M","M","M","M","M","R","E","R","T","E","M","?","E","M","R","B",null,"M","M","?","M","$","R","M","$","T","?","$","R","?","M","R","B",null,"M","?","?","M","M","E","M","$","T","M","R","?","?","M","R"],"character_chosen":"IRONCLAD","items_purchased":["Letter Opener","Secret Weapon"],"gold_per_floor":[113,127,139,152,168,168,193,193,220,247,264,264,294,312,312,416,416,428,438,353,373,39,39,55,55,55,55,55,55,55,70,70,175,175,185,185,185,201,220,249,269,93,393,406,406,406,406,419,419],"floor_reached":50,"campfire_rested":2,"playtime":3722,"current_hp_per_floor":[80,80,80,76,75,75,76,76,76,69,75,68,74,70,70,57,83,83,70,70,65,65,65,52,52,52,52,52,52,37,41,67,21,88,88,88,88,88,50,75,88,88,88,71,71,61,61,33,59],"items_purged":["Strike_R"],"gold":419,"play_id":"4f450f9b-4a38-4fe9-b2f1-969d8ff78134","is_prod":false,"is_daily":false,"is_ascension_mode":false,"campfire_rituals":0,"campfire_upgraded":6,"path_taken":["M","M","M","M","M","R","E","R","T","E","M","?","E","M","R","BOSS","M","M","?","M","$","R","M","$","T","?","?","R","?","M","R","BOSS","M","?","?","?","M","E","M","$","T","M","R","?","?","M","R","BOSS"],"build_version":"2018-01-22-BETA2","purchased_purges":1,"victory":false,"master_deck":["Strike_R","Strike_R","Strike_R","Defend_R","Defend_R","Defend_R","Defend_R","Bash","Shrug It Off","Armaments","Infernal Blade","Pummel","Spot Weakness","Metallicize","Heavy Blade","Twin Strike","Bloodletting","Clothesline","Limit Break","Spot Weakness","Fire Breathing","Dual Wield","Reaper","Pummel","Infernal Blade","Secret Weapon","Whirlwind","Madness","Madness","Battle Trance"],"max_hp_per_floor":[80,80,80,80,80,80,80,80,80,80,80,80,83,83,83,83,83,83,83,83,83,83,83,83,83,83,83,83,83,88,88,88,88,88,88,88,88,88,88,88,88,88,88,88,88,88,88,88,88],"relics":["Burning Blood","Red Skull","Oddly Smooth Stone","Thread and Needle","Whetstone","Philosopher\u0027s Stone","Blood Vial","Letter Opener","Magic Flower","Lizard Tail","Juzu Bracelet","Old Coin"],"campfire_meditates":0,"card_choices":[{"not_picked":["Power Through","Twin Strike"],"picked":"Shrug It Off"},{"not_picked":["Sever Soul","Dropkick"],"picked":"Armaments"},{"not_picked":["Dual Wield","Body Slam"],"picked":"Infernal Blade"},{"not_picked":["Brutality","Rage"],"picked":"Pummel"},{"not_picked":["Headbutt","Flex"],"picked":"Spot Weakness"},{"not_picked":["Power Through","Perfected Strike"],"picked":"Metallicize"},{"not_picked":["Cleave","Burning Pact"],"picked":"Heavy Blade"},{"not_picked":["Infernal Blade","Inflame"],"picked":"Twin Strike"},{"not_picked":["Combust","Armaments"],"picked":"Bloodletting"},{"not_picked":["Perfected Strike","Flex"],"picked":"Clothesline"},{"not_picked":["Berserk","Bludgeon"],"picked":"Limit Break"},{"not_picked":["Rage","Metallicize"],"picked":"Spot Weakness"},{"not_picked":["Clash","Shockwave"],"picked":"Fire Breathing"},{"not_picked":["Rupture","Warcry"],"picked":"Dual Wield"},{"not_picked":["Juggernaut","Double Tap"],"picked":"Reaper"},{"not_picked":["Iron Wave","Thunderclap"],"picked":"Pommel Strike"},{"not_picked":["Blood for Blood","Sword Boomerang"],"picked":"Pummel"},{"not_picked":["Feel No Pain","Flame Barrier"],"picked":"Infernal Blade"},{"not_picked":["Warcry","Uppercut"],"picked":"Whirlwind"},{"not_picked":["True Grit","Shrug It Off"],"picked":"Battle Trance"}],"player_experience":6623,"potions_floor_usage":[7,13,33,39,50,50,50],"damage_taken":[{"damage":5,"enemies":"Small Slimes","floor":1,"turns":4},{"damage":6,"enemies":"Cultist","floor":2,"turns":4},{"damage":0,"enemies":"2 Louse","floor":3,"turns":3},{"damage":10,"enemies":"Looter","floor":4,"turns":3},{"damage":7,"enemies":"Large Slime","floor":5,"turns":6},{"damage":5,"enemies":"Gremlin Nob","floor":7,"turns":3},{"damage":13,"enemies":"Lagavulin","floor":10,"turns":6},{"damage":0,"enemies":"2 Fungi Beasts","floor":11,"turns":2},{"damage":3,"enemies":"3 Sentries","floor":13,"turns":6},{"damage":10,"enemies":"Lots of Slimes","floor":14,"turns":4},{"damage":19,"enemies":"Hexaghost","floor":16,"turns":9},{"damage":5,"enemies":"Shell Parasite","floor":18,"turns":4},{"damage":19,"enemies":"Chosen","floor":19,"turns":4},{"damage":13,"enemies":"Centurion and Healer","floor":21,"turns":3},{"damage":21,"enemies":"Snake Plant","floor":24,"turns":3},{"damage":8,"enemies":"Snecko","floor":31,"turns":5},{"damage":58,"enemies":"Automaton","floor":33,"turns":7},{"damage":51,"enemies":"3 Darklings","floor":35,"turns":6},{"damage":6,"enemies":"Flame Bruiser 1 Orb","floor":38,"turns":2},{"damage":53,"enemies":"Spire Growth","floor":39,"turns":4},{"damage":55,"enemies":"Nemesis","floor":40,"turns":7},{"damage":41,"enemies":"3 Darklings","floor":41,"turns":5},{"damage":31,"enemies":"Sphere and 2 Shapes","floor":44,"turns":4},{"damage":43,"enemies":"Spire Growth","floor":48,"turns":5},{"damage":105,"enemies":"Donu and Deca","floor":50,"turns":5}],"event_choices":[{"event_name":"Golden Wing","player_choice":"Card Removal","floor":12,"damage_taken":0},{"event_name":"Addict","player_choice":"Obtained Relic","floor":20,"damage_taken":0},{"event_name":"Accursed Blacksmith","player_choice":"Forge","floor":27,"damage_taken":0},{"event_name":"Forgotten Altar","player_choice":"Shed Blood","floor":30,"damage_taken":0},{"event_name":"The Woman in Blue","player_choice":"Bought 0 Potions","floor":36,"damage_taken":0},{"event_name":"Tomb of Lord Red Mask","player_choice":"Ignored","floor":37,"damage_taken":0},{"event_name":"Winding Halls","player_choice":"Embrace Madness","floor":46,"damage_taken":0}],"boss_relics":[{"not_picked":["Orrery","Runic Pyramid"],"picked":"Philosopher\u0027s Stone"},{"not_picked":["Black Blood","Tiny House"],"picked":"Lizard Tail"}],"potions_floor_spawned":[1,4,7,10,11,19,31,33,38,40,44,48],"seed_played":"9131670523657357280","killed_by":"Donu and Deca","ascension_level":1,"is_trial":false}