{"gold_per_floor":[114,114,133,147,147,179,179,214,289,289,289,309,309,322,322,322],"floor_reached":16,"playtime":374,"items_purged":[],"score":204,"play_id":"01b4bb78-61be-4d74-84fa-58795245f232","local_time":"20190309004539","is_ascension_mode":true,"campfire_choices":[{"data":"Bash","floor":7,"key":"SMITH"},{"data":"Immolate","floor":10,"key":"SMITH"},{"data":"Bloodletting","floor":15,"key":"SMITH"}],"neow_cost":"NONE","seed_source_timestamp":435382712810271,"circlet_count":0,"master_deck":["AscendersBane","Strike_R","Strike_R+1","Strike_R","Strike_R","Strike_R","Defend_R","Defend_R","Defend_R","Defend_R","Bash+1","Shrug It Off","Metallicize+1","Pommel Strike","Shrug It Off","Immolate+1","Rage+1","Bloodletting+1"],"relics":["Burning Blood","NeowsBlessing","Du-Vu Doll","Omamori","Molten Egg 2","WarpedTongs"],"potions_floor_usage":[6,6,14],"damage_taken":[{"damage":0,"enemies":"Jaw Worm","floor":1,"turns":1},{"damage":0,"enemies":"Cultist","floor":3,"turns":1},{"damage":0,"enemies":"2 Louse","floor":4,"turns":1},{"damage":24,"enemies":"Lagavulin","floor":6,"turns":6},{"damage":12,"enemies":"Gremlin Nob","floor":8,"turns":4},{"damage":15,"enemies":"Exordium Thugs","floor":12,"turns":5},{"damage":0,"enemies":"Looter","floor":14,"turns":1},{"damage":26,"enemies":"The Guardian","floor":16,"turns":6}],"seed_played":"-8570103142809622980","potions_obtained":[{"floor":1,"key":"Block Potion"},{"floor":2,"key":"SteroidPotion"},{"floor":12,"key":"SteroidPotion"}],"is_trial":false,"path_per_floor":["M","?","M","M","?","E","R","E","T","R","?","M","?","M","R","B"],"character_chosen":"IRONCLAD","items_purchased":[],"campfire_rested":0,"item_purchase_floors":[],"current_hp_per_floor":[74,74,75,75,52,34,34,28,28,28,28,19,19,25,25,0],"gold":322,"neow_bonus":"THREE_ENEMY_KILL","is_prod":false,"is_daily":false,"chose_seed":false,"campfire_upgraded":3,"win_rate":0,"timestamp":1552110339,"path_taken":["M","?","?","M","?","E","R","E","T","R","?","?","?","?","R","BOSS"],"build_version":"2019-01-23","purchased_purges":0,"victory":false,"max_hp_per_floor":[75,75,75,75,75,75,75,75,75,75,75,75,75,75,75,75],"card_choices":[{"not_picked":["Dropkick","Havoc"],"picked":"Shrug It Off","floor":1},{"not_picked":["Sword Boomerang","Havoc"],"picked":"Metallicize","floor":3},{"not_picked":["Combust","Havoc"],"picked":"Pommel Strike","floor":4},{"not_picked":["Anger","Havoc"],"picked":"Shrug It Off","floor":6},{"not_picked":["Iron Wave","Entrench"],"picked":"Immolate","floor":8},{"not_picked":["Sever Soul+1","Anger+1"],"picked":"Rage","floor":12},{"not_picked":["Rupture","Perfected Strike+1"],"picked":"Bloodletting","floor":14}],"player_experience":887667,"relics_obtained":[{"floor":6,"key":"Du-Vu Doll"},{"floor":8,"key":"Omamori"},{"floor":9,"key":"Molten Egg 2"}],"event_choices":[{"damage_healed":0,"gold_gain":0,"player_choice":"Got Potions","damage_taken":0,"max_hp_gain":0,"max_hp_loss":0,"event_name":"Lab","floor":2,"gold_loss":0},{"damage_healed":0,"gold_gain":0,"player_choice":"Entered Light","damage_taken":23,"max_hp_gain":0,"max_hp_loss":0,"event_name":"Shining Light","floor":5,"gold_loss":0,"cards_upgraded":["Strike_R","Metallicize"]},{"damage_healed":0,"gold_gain":0,"player_choice":"Rummage","damage_taken":0,"relics_obtained":["WarpedTongs"],"max_hp_gain":0,"max_hp_loss":0,"event_name":"Accursed Blacksmith","floor":11,"gold_loss":0,"cards_obtained":["Pain"]},{"damage_healed":0,"gold_gain":0,"player_choice":"Upgraded","damage_taken":0,"max_hp_gain":0,"max_hp_loss":0,"event_name":"Upgrade Shrine","floor":13,"gold_loss":0,"cards_upgraded":["Rage"]}],"is_beta":false,"boss_relics":[],"items_purged_floors":[],"is_endless":false,"potions_floor_spawned":[1,4,12],"killed_by":"The Guardian","ascension_level":17}