{"path_per_floor":["M","$","M","M","?","R","E","R","T","M","R","E","?","?","R","B",null,"M","$","?","?","M","E","M","R","T","M","?","M","R","E","R","B",null,"M","T","$","?","?","E","R","M","T","M","$","R","M","M","R","B"],"character_chosen":"THE_SILENT","items_purchased":["Noxious Fumes","Omamori","Escape Plan","Glass Knife","Deep Breath"],"gold_per_floor":[114,37,48,65,65,65,92,92,92,103,103,130,130,130,130,258,258,277,47,47,47,66,107,131,131,154,178,103,124,124,167,167,298,298,313,313,50,50,50,94,94,117,117,142,47,47,70,86,86,86],"floor_reached":51,"campfire_rested":3,"playtime":5801,"current_hp_per_floor":[62,62,58,58,51,51,42,42,42,42,42,56,61,39,39,22,72,69,69,69,69,42,41,33,59,66,66,66,53,53,49,49,21,77,77,77,77,77,77,50,60,43,43,24,24,64,64,27,67,50],"items_purged":["Venomology","Strike_G"],"gold":86,"score":1110,"play_id":"042ba48d-2a62-4d16-85b1-3c75d2a8ffd7","local_time":"20180505161603","is_prod":false,"is_daily":false,"chose_seed":false,"is_ascension_mode":true,"campfire_upgraded":6,"timestamp":1525551363,"path_taken":["M","$","M","M","?","R","E","R","T","M","R","E","?","?","R","BOSS","M","$","?","?","M","E","M","R","T","?","?","M","R","E","R","BOSS","M","?","$","?","?","E","R","M","T","M","?","R","M","M","R","BOSS"],"build_version":"2018-05-03","seed_source_timestamp":318383194348872,"purchased_purges":2,"victory":true,"master_deck":["Defend_G","Defend_G","Defend_G","Defend_G","Defend_G","Strike_G","Neutralize+1","AscendersBane","Dagger Throw","Noxious Fumes+1","Footwork+1","Cloak And Dagger+1","Adrenaline+1","Cloak And Dagger+1","Adrenaline+1","Concentrate+1","Calculated Gamble+1","Bane+1","Cloak And Dagger+1","Underhanded Strike+1","Storm of Steel+1","Bane+1","Dash+1","Burst+1","PiercingWail+1","Escape Plan+1","Glass Knife+1","Night Terror+1","Prepared+1","Deep Breath+1","Dodge and Roll+1","Dash+1"],"max_hp_per_floor":[70,70,70,70,70,70,70,70,70,70,70,84,89,89,89,89,89,89,89,89,89,89,89,89,89,96,96,96,96,96,96,96,96,96,96,96,96,96,96,96,96,96,96,96,96,96,96,96,96,96],"relics":["Black Star","Letter Opener","Toxic Egg 2","Kunai","Mango","Ice Cream","Golden Idol","Sozu","Omamori","Happy Flower","Art of War","Dream Catcher","Strawberry","Smiling Mask","Mercury Hourglass","Eternal Feather","Bottled Tornado","Shovel","Tingsha","Whetstone"],"card_choices":[{"not_picked":["Underhanded Strike","Sucker Punch"],"picked":"Dagger Throw","floor":1},{"not_picked":["Escape Plan","Quick Slash"],"picked":"Footwork","floor":3},{"not_picked":["Endless Agony","Bouncing Flask"],"picked":"Cloak And Dagger","floor":4},{"not_picked":["Cloak And Dagger","Well Laid Plans"],"picked":"Adrenaline","floor":7},{"not_picked":["Acrobatics","Outmaneuver"],"picked":"Cloak And Dagger","floor":10},{"not_picked":["Slice","Deflect"],"picked":"Adrenaline","floor":12},{"not_picked":["Die Die Die","Storm of Steel"],"picked":"Venomology","floor":16},{"not_picked":["Quick Slash","Cloak And Dagger"],"picked":"Concentrate","floor":18},{"not_picked":["Quick Slash","Dodge and Roll"],"picked":"Calculated Gamble","floor":22},{"not_picked":["Venomology","Outmaneuver"],"picked":"Bane","floor":23},{"not_picked":["Poisoned Stab","Concentrate"],"picked":"Cloak And Dagger","floor":24},{"not_picked":["Infinite Blades","Calculated Gamble"],"picked":"Underhanded Strike","floor":25},{"not_picked":["Infinite Blades","Blade Dance"],"picked":"Storm of Steel","floor":27},{"not_picked":["Sucker Punch","Concentrate"],"picked":"Bane","floor":29},{"not_picked":["Slice","Quick Slash"],"picked":"Dash","floor":31},{"not_picked":["Die Die Die","Corpse Explosion"],"picked":"Burst","floor":33},{"not_picked":["Distraction","Flechettes"],"picked":"PiercingWail","floor":35},{"not_picked":["Outmaneuver","Acrobatics"],"picked":"Night Terror","floor":40},{"not_picked":["Slice","Flying Knee"],"picked":"Prepared","floor":42},{"not_picked":["Flying Knee","Backflip"],"picked":"Dodge and Roll","floor":47},{"not_picked":["Quick Slash","Eviscerate"],"picked":"Dash","floor":48}],"player_experience":496652,"potions_floor_usage":[12,16],"damage_taken":[{"damage":1,"enemies":"Small Slimes","floor":1,"turns":6},{"damage":4,"enemies":"2 Louse","floor":3,"turns":4},{"damage":0,"enemies":"Cultist","floor":4,"turns":4},{"damage":9,"enemies":"Lagavulin","floor":7,"turns":10},{"damage":0,"enemies":"Blue Slaver","floor":10,"turns":5},{"damage":0,"enemies":"3 Sentries","floor":12,"turns":6},{"damage":17,"enemies":"Slime Boss","floor":16,"turns":9},{"damage":3,"enemies":"3 Byrds","floor":18,"turns":4},{"damage":27,"enemies":"Chosen","floor":22,"turns":7},{"damage":1,"enemies":"Slavers","floor":23,"turns":6},{"damage":8,"enemies":"Sentry and Sphere","floor":24,"turns":8},{"damage":0,"enemies":"3 Cultists","floor":27,"turns":5},{"damage":13,"enemies":"Snecko","floor":29,"turns":5},{"damage":4,"enemies":"Book of Stabbing","floor":31,"turns":6},{"damage":28,"enemies":"Automaton","floor":33,"turns":11},{"damage":0,"enemies":"Orb Walker","floor":35,"turns":3},{"damage":27,"enemies":"2 Orb Walkers","floor":40,"turns":5},{"damage":17,"enemies":"3 Darklings","floor":42,"turns":3},{"damage":19,"enemies":"Sphere and 2 Shapes","floor":44,"turns":4},{"damage":0,"enemies":"Maw","floor":47,"turns":5},{"damage":37,"enemies":"4 Shapes","floor":48,"turns":3},{"damage":17,"enemies":"Awakened One","floor":50,"turns":13}],"event_choices":[{"event_name":"Golden Wing","player_choice":"Card Removal","floor":5,"damage_taken":0},{"event_name":"Big Fish","player_choice":"Donut","floor":13,"damage_taken":0},{"event_name":"Golden Idol","player_choice":"Take Damage","floor":14,"damage_taken":0},{"event_name":"Back to Basics","player_choice":"Elegance","floor":20,"damage_taken":0},{"event_name":"Wheel of Change","player_choice":"Relic","floor":21,"damage_taken":0},{"event_name":"Beggar","player_choice":"Gave Gold","floor":28,"damage_taken":0},{"event_name":"Accursed Blacksmith","player_choice":"Ignore","floor":39,"damage_taken":0}],"boss_relics":[{"not_picked":["Astrolabe","Lizard Tail"],"picked":"Sozu"},{"not_picked":["Velvet Choker","White Beast Statue"],"picked":"Eternal Feather"}],"potions_floor_spawned":[3,7,18,22,24,33,35,40],"seed_played":"-9133428800626518138","ascension_level":10,"is_trial":false}