{"gold_per_floor":[114,128,141,141,158,158,170,187,187,200,200,216,216,291,291,392,442,452,467,467,467,481,481,493,493],"floor_reached":25,"playtime":1731,"items_purged":[],"score":199,"play_id":"a4d7be91-bcf0-4514-9f25-8e219b2aeb23","local_time":"20190219181500","is_ascension_mode":false,"campfire_choices":[{"data":"Cleave","floor":6,"key":"SMITH"},{"data":"Rampage","floor":11,"key":"SMITH"},{"data":"Inflame","floor":13,"key":"SMITH"},{"data":"Disarm","floor":15,"key":"SMITH"},{"data":"Ghostly Armor","floor":23,"key":"SMITH"}],"neow_cost":"NONE","seed_source_timestamp":5477626562172,"circlet_count":0,"master_deck":["Strike_R","Strike_R+1","Strike_R","Strike_R","Defend_R","Defend_R+1","Defend_R","Defend_R","Bash","Bloodletting","Twin Strike","Disarm+1","Cleave+1","Rampage+1","Inflame+1","Ghostly Armor+1","Fiend Fire","Clothesline","Metallicize+1","J.A.X.","Power Through","Ghostly Armor"],"relics":["Burning Blood","Anchor","Bottled Lightning","Tiny House"],"potions_floor_usage":[10,16],"damage_taken":[{"damage":0,"enemies":"2 Louse","floor":1,"turns":3},{"damage":0,"enemies":"Small Slimes","floor":2,"turns":3},{"damage":3,"enemies":"Jaw Worm","floor":3,"turns":3},{"damage":3,"enemies":"Looter","floor":5,"turns":4},{"damage":13,"enemies":"Large Slime","floor":7,"turns":5},{"damage":0,"enemies":"Red Slaver","floor":8,"turns":3},{"damage":4,"enemies":"2 Fungi Beasts","floor":10,"turns":3},{"damage":0,"enemies":"3 Louse","floor":12,"turns":3},{"damage":53,"enemies":"Hexaghost","floor":16,"turns":11},{"damage":28,"enemies":"2 Thieves","floor":18,"turns":5},{"damage":0,"enemies":"Chosen","floor":19,"turns":4},{"damage":24,"enemies":"Snecko","floor":22,"turns":6},{"damage":8,"enemies":"Snake Plant","floor":24,"turns":6}],"seed_played":"7239488990178545633","potions_obtained":[{"floor":2,"key":"Regen Potion"},{"floor":3,"key":"Weak Potion"},{"floor":7,"key":"Poison Potion"},{"floor":16,"key":"Dexterity Potion"},{"floor":17,"key":"FairyPotion"},{"floor":19,"key":"Fire Potion"}],"is_trial":false,"path_per_floor":["M","M","M","?","M","R","M","M","T","M","R","M","R","?","R","B",null,"M","M","?","?","M","R","M","?"],"character_chosen":"IRONCLAD","items_purchased":[],"campfire_rested":0,"item_purchase_floors":[],"current_hp_per_floor":[80,80,80,64,67,67,60,66,66,68,68,74,74,63,63,16,85,63,69,69,69,51,51,49,49],"gold":493,"neow_bonus":"RANDOM_COMMON_RELIC","is_prod":false,"is_daily":false,"chose_seed":false,"campfire_upgraded":5,"win_rate":0,"timestamp":1550592900,"path_taken":["M","M","M","?","M","R","M","M","T","M","R","M","R","?","R","BOSS","M","M","?","?","M","R","M","?"],"build_version":"2019-01-23","purchased_purges":0,"victory":false,"max_hp_per_floor":[80,80,80,80,80,80,80,80,80,80,80,80,80,80,80,80,85,85,85,85,85,85,85,85,85],"card_choices":[{"not_picked":["Wild Strike","Body Slam"],"picked":"Bloodletting","floor":1},{"not_picked":["Dual Wield","Thunderclap"],"picked":"Twin Strike","floor":2},{"not_picked":["Warcry","Pummel"],"picked":"Disarm","floor":3},{"not_picked":["Havoc","Power Through"],"picked":"Cleave","floor":5},{"not_picked":["Hemokinesis","Power Through"],"picked":"Rampage","floor":7},{"not_picked":["Havoc","Disarm"],"picked":"Inflame","floor":8},{"not_picked":["Heavy Blade","Dual Wield","Thunderclap"],"picked":"SKIP","floor":10},{"not_picked":["Disarm","Heavy Blade"],"picked":"Ghostly Armor","floor":12},{"not_picked":["Dark Embrace","Juggernaut"],"picked":"Fiend Fire","floor":16},{"not_picked":["Entrench","True Grit"],"picked":"Clothesline","floor":17},{"not_picked":["Thunderclap","Dropkick"],"picked":"Metallicize+1","floor":18},{"not_picked":["Cleave","Thunderclap+1","Clothesline+1"],"picked":"SKIP","floor":19},{"not_picked":["Body Slam","Wild Strike+1"],"picked":"Power Through","floor":22},{"not_picked":["Carnage","Uppercut+1"],"picked":"Ghostly Armor","floor":24}],"player_experience":416242,"relics_obtained":[{"floor":9,"key":"Bottled Lightning"}],"event_choices":[{"damage_healed":0,"gold_gain":0,"player_choice":"Entered Light","damage_taken":16,"max_hp_gain":0,"max_hp_loss":0,"event_name":"Shining Light","floor":4,"gold_loss":0,"cards_upgraded":["Defend_R","Strike_R"]},{"damage_healed":0,"gold_gain":75,"player_choice":"Gather Gold","damage_taken":11,"max_hp_gain":0,"max_hp_loss":0,"event_name":"World of Goop","floor":14,"gold_loss":0},{"damage_healed":0,"gold_gain":0,"player_choice":"Ignored","damage_taken":0,"max_hp_gain":0,"max_hp_loss":0,"event_name":"Ghosts","floor":20,"gold_loss":0},{"damage_healed":0,"gold_gain":0,"player_choice":"Obtain J.A.X.","damage_taken":0,"max_hp_gain":0,"max_hp_loss":0,"event_name":"Drug Dealer","floor":21,"gold_loss":0,"cards_obtained":["J.A.X."]},{"cards_removed":["Strike_R"],"damage_healed":0,"gold_gain":0,"player_choice":"Elegance","damage_taken":0,"max_hp_gain":0,"max_hp_loss":0,"event_name":"Back to Basics","floor":25,"gold_loss":0}],"is_beta":false,"boss_relics":[{"not_picked":["Eternal Feather","Runic Pyramid"],"picked":"Tiny House"}],"items_purged_floors":[],"is_endless":false,"potions_floor_spawned":[2,3,7,16,19,22,24],"ascension_level":0}