{"gold_per_floor":[113,133,208,227,242,273,273,273,320,20,20,45,58,58],"floor_reached":14,"playtime":606,"items_purged":["Heatsinks"],"score":100,"play_id":"b808091a-d8f2-4de0-ad8e-fe8e52ea0bd4","local_time":"20180728121816","is_ascension_mode":false,"campfire_choices":[{"floor":7,"key":"REST"}],"neow_cost":"NONE","seed_source_timestamp":1356481333469113,"circlet_count":0,"master_deck":["Strike_B","Strike_B","Strike_B","Defend_B","Defend_B","Defend_B","Zap","Dualcast","Ball Lightning","Leap","Consume","Consume","Machine Learning","Hologram","Double Energy","Hello World","Redo"],"relics":["Cracked Core","Mummified Hand","Happy Flower","Dream Catcher","Juzu Bracelet","Vajra"],"potions_floor_usage":[12,13,14,14],"damage_taken":[{"damage":7,"enemies":"2 Louse","floor":1,"turns":3},{"damage":5,"enemies":"Small Slimes","floor":2,"turns":4},{"damage":1,"enemies":"Cultist","floor":4,"turns":3},{"damage":10,"enemies":"Looter","floor":5,"turns":3},{"damage":36,"enemies":"Lagavulin","floor":6,"turns":6},{"damage":17,"enemies":"3 Sentries","floor":12,"turns":6},{"damage":8,"enemies":"Blue Slaver","floor":13,"turns":2},{"damage":4,"enemies":"Red Slaver","floor":14,"turns":1}],"seed_played":"-5909870605396954618","potions_obtained":[{"floor":2,"key":"SteroidPotion"},{"floor":4,"key":"LiquidBronze"},{"floor":12,"key":"EssenceOfSteel"},{"floor":13,"key":"Explosive Potion"}],"is_trial":false,"path_per_floor":["M","M","?","M","M","E","R","?","T","$","T","E","M"],"character_chosen":"DEFECT","items_purchased":["Dream Catcher","Double Energy"],"campfire_rested":1,"item_purchase_floors":[10,10],"current_hp_per_floor":[68,63,52,51,41,5,27,27,27,27,27,10,2,0],"gold":58,"neow_bonus":"TRANSFORM_CARD","is_prod":false,"is_daily":false,"chose_seed":false,"campfire_upgraded":0,"win_rate":0,"timestamp":1532769496,"path_taken":["M","M","?","M","M","E","R","?","T","$","?","E","M","M"],"build_version":"2018-07-26","purchased_purges":1,"victory":false,"max_hp_per_floor":[75,75,75,75,75,75,75,75,75,75,75,75,75,75],"card_choices":[{"not_picked":["Lockon","Streamline"],"picked":"Ball Lightning","floor":1},{"not_picked":["Cold Snap","Go for the Eyes"],"picked":"Leap","floor":2},{"not_picked":["Compile Driver","Coolheaded"],"picked":"Consume","floor":4},{"not_picked":["Ball Lightning","Beam Cell"],"picked":"Consume","floor":5},{"not_picked":["Skim","Fission"],"picked":"Machine Learning","floor":6},{"not_picked":["Tempest","Gash"],"picked":"Hello World","floor":12},{"not_picked":["Chill","Gash"],"picked":"Redo","floor":13}],"player_experience":145946,"relics_obtained":[{"floor":6,"key":"Mummified Hand"},{"floor":9,"key":"Happy Flower"},{"floor":11,"key":"Juzu Bracelet"},{"floor":12,"key":"Vajra"}],"event_choices":[{"event_name":"World of Goop","player_choice":"Gather Gold","floor":3,"damage_taken":0},{"event_name":"Transmorgrifier","player_choice":"Transform","floor":8,"damage_taken":0}],"is_beta":false,"boss_relics":[],"items_purged_floors":[10],"is_endless":false,"potions_floor_spawned":[2,4,12,13],"killed_by":"Red Slaver","ascension_level":0}