{"gold_per_floor":[112,126,143,418,2,27,27,47,47,47,64,93,93],"floor_reached":13,"playtime":661,"items_purged":["Regret"],"score":109,"play_id":"73992bf2-69e6-4990-b44f-b10e53ebb517","local_time":"20190309014645","is_ascension_mode":true,"campfire_choices":[{"data":"Defragment","floor":7,"key":"SMITH"},{"floor":10,"key":"REST"}],"neow_cost":"NONE","seed_source_timestamp":17438225887007,"circlet_count":0,"master_deck":["Strike_B","Strike_B","Strike_B","Defend_B","Defend_B","Defend_B","Defend_B","Zap","Dualcast","Static Discharge","Cold Snap","Defragment+1","Barrage","Ball Lightning","Capacitor","Hologram","Fusion","Go for the Eyes+1","Reinforced Body"],"relics":["Cracked Core","Shuriken","Cables","Molten Egg 2","Centennial Puzzle"],"potions_floor_usage":[],"damage_taken":[{"damage":1,"enemies":"Cultist","floor":1,"turns":3},{"damage":0,"enemies":"Small Slimes","floor":2,"turns":3},{"damage":5,"enemies":"Jaw Worm","floor":3,"turns":4},{"damage":27,"enemies":"Lagavulin","floor":6,"turns":6},{"damage":23,"enemies":"Gremlin Gang","floor":8,"turns":3},{"damage":9,"enemies":"Looter","floor":11,"turns":3},{"damage":21,"enemies":"3 Sentries","floor":12,"turns":6},{"damage":11,"enemies":"Large Slime","floor":13,"turns":1}],"seed_played":"-7765433206695802447","potions_obtained":[{"floor":3,"key":"Explosive Potion"},{"floor":6,"key":"Swift Potion"},{"floor":11,"key":"Fire Potion"}],"is_trial":false,"path_per_floor":["M","M","M","?","$","E","R","M","T","R","M","E","M"],"character_chosen":"DEFECT","items_purchased":["Shuriken","Ball Lightning","Capacitor"],"campfire_rested":1,"item_purchase_floors":[5,5,5],"current_hp_per_floor":[74,74,69,69,69,42,42,19,19,41,32,11,0],"gold":93,"neow_bonus":"TRANSFORM_CARD","is_prod":false,"is_daily":false,"chose_seed":false,"campfire_upgraded":1,"win_rate":0,"timestamp":1552088805,"path_taken":["M","M","M","?","$","E","R","M","T","R","M","E","M"],"build_version":"2019-01-23","purchased_purges":1,"victory":false,"max_hp_per_floor":[75,75,75,75,75,75,75,75,75,75,75,75,75],"card_choices":[{"not_picked":["Stack","Beam Cell"],"picked":"Cold Snap","floor":1},{"not_picked":["Cold Snap","Coolheaded"],"picked":"Defragment","floor":2},{"not_picked":["Aggregate","Consume"],"picked":"Barrage","floor":3},{"not_picked":["Steam Power","Coolheaded"],"picked":"Hologram","floor":6},{"not_picked":["Darkness","Melter"],"picked":"Fusion","floor":8},{"not_picked":["Beam Cell+1","Melter+1"],"picked":"Go for the Eyes+1","floor":11},{"not_picked":["Go for the Eyes+1","Amplify"],"picked":"Reinforced Body","floor":12}],"player_experience":712210,"relics_obtained":[{"floor":6,"key":"Cables"},{"floor":9,"key":"Molten Egg 2"},{"floor":12,"key":"Centennial Puzzle"}],"event_choices":[{"damage_healed":0,"gold_gain":275,"player_choice":"Desecrate","damage_taken":0,"max_hp_gain":0,"max_hp_loss":0,"event_name":"Golden Shrine","floor":4,"gold_loss":0,"cards_obtained":["Regret"]}],"is_beta":false,"boss_relics":[],"items_purged_floors":[5],"is_endless":false,"potions_floor_spawned":[3,6,11],"killed_by":"Large Slime","ascension_level":3}