{"gold_per_floor":[114,128,128,145,156,188,188,188,188,202,202,237,237,262,262,341,341,353,366,256,275,93,93,120,131,131,131,19,19,54,54,66,155,167,194,216,245,257,318,330,354,366,378,390,413,443,455,111,111,111],"floor_reached":51,"playtime":3273,"items_purged":["Strike_B","Writhe"],"score":1365,"play_id":"2694bab1-81da-4ed1-8e7b-b2a003065686","local_time":"20190227201556","is_ascension_mode":true,"campfire_choices":[{"floor":8,"key":"REST"},{"data":"Zap","floor":11,"key":"SMITH"},{"data":"Capacitor","floor":15,"key":"SMITH"},{"data":"Coolheaded","floor":23,"key":"SMITH"},{"data":"Go for the Eyes","floor":27,"key":"SMITH"},{"data":"Barrage","floor":32,"key":"SMITH"},{"data":"Seek","floor":40,"key":"SMITH"},{"data":"Go for the Eyes","floor":42,"key":"SMITH"},{"data":"Reinforced Body","floor":44,"key":"SMITH"},{"data":"Compile Driver","floor":47,"key":"SMITH"},{"data":"Cold Snap","floor":49,"key":"SMITH"}],"neow_cost":"NONE","seed_source_timestamp":1109437151473797,"circlet_count":0,"master_deck":["AscendersBane","Defend_B","Defend_B","Defend_B","Defend_B","Zap+1","Dualcast","Seek+1","Go for the Eyes+1","Electrodynamics+1","Go for the Eyes+1","Reinforced Body+1","Barrage+1","BootSequence","Capacitor+1","Ball Lightning","Buffer+1","Coolheaded+1","Cold Snap+1","Machine Learning+1","Conserve Battery+1","Compile Driver+1","Biased Cognition+1","Leap+1","Compile Driver","Defragment+1","Trip+1"],"relics":["Cracked Core","Incense Burner","Mercury Hourglass","Meat on the Bone","Oddly Smooth Stone","Frozen Egg 2","Coffee Dripper","Bag of Preparation","Du-Vu Doll","Ancient Tea Set","MawBank","Runic Pyramid","Ice Cream","The Courier","War Paint"],"potions_floor_usage":[12,14,24,30,39,39,50,50],"damage_taken":[{"damage":1,"enemies":"Cultist","floor":1,"turns":3},{"damage":1,"enemies":"Small Slimes","floor":2,"turns":3},{"damage":0,"enemies":"2 Louse","floor":4,"turns":2},{"damage":6,"enemies":"Exordium Wildlife","floor":5,"turns":2},{"damage":37,"enemies":"Gremlin Nob","floor":6,"turns":5},{"damage":16,"enemies":"Exordium Thugs","floor":10,"turns":5},{"damage":5,"enemies":"Lagavulin","floor":12,"turns":5},{"damage":6,"enemies":"Gremlin Nob","floor":14,"turns":3},{"damage":16,"enemies":"Slime Boss","floor":16,"turns":6},{"damage":0,"enemies":"Spheric Guardian","floor":18,"turns":4},{"damage":9,"enemies":"Shell Parasite","floor":19,"turns":6},{"damage":2,"enemies":"Cultist and Chosen","floor":21,"turns":5},{"damage":1,"enemies":"Gremlin Leader","floor":24,"turns":5},{"damage":5,"enemies":"Snake Plant","floor":25,"turns":4},{"damage":16,"enemies":"Book of Stabbing","floor":30,"turns":5},{"damage":0,"enemies":"Champ","floor":33,"turns":9},{"damage":0,"enemies":"Orb Walker","floor":35,"turns":3},{"damage":0,"enemies":"3 Shapes","floor":36,"turns":4},{"damage":0,"enemies":"Transient","floor":37,"turns":6},{"damage":16,"enemies":"2 Orb Walkers","floor":39,"turns":3},{"damage":6,"enemies":"4 Shapes","floor":41,"turns":3},{"damage":13,"enemies":"3 Darklings","floor":45,"turns":2},{"damage":7,"enemies":"Jaw Worm Horde","floor":46,"turns":3},{"damage":1,"enemies":"Time Eater","floor":50,"turns":8}],"seed_played":"3466167800284865495","potions_obtained":[{"floor":10,"key":"SkillPotion"},{"floor":12,"key":"Explosive Potion"},{"floor":16,"key":"Weak Potion"},{"floor":21,"key":"Energy Potion"},{"floor":24,"key":"Weak Potion"},{"floor":36,"key":"EssenceOfSteel"},{"floor":37,"key":"Dexterity Potion"},{"floor":39,"key":"SneckoOil"},{"floor":46,"key":"FocusPotion"}],"is_trial":false,"path_per_floor":["M","M","T","M","M","E","?","R","T","M","R","E","?","E","R","B",null,"M","M","?","M","$","R","E","M","T","R","$","$","E","?","R","B",null,"M","M","M","$","?","R","M","R","T","R","M","M","R","$","R","B",null],"character_chosen":"DEFECT","items_purchased":["Fruit Juice","Compile Driver","Strength Potion","Ancient Potion","Trip","War Paint"],"campfire_rested":1,"item_purchase_floors":[22,28,28,48,48,48],"current_hp_per_floor":[63,62,62,62,56,19,19,40,40,36,36,43,36,42,42,38,63,63,54,54,52,52,52,56,51,51,51,51,51,47,47,47,47,69,69,69,69,69,53,53,47,47,47,47,46,39,39,39,39,50],"gold":111,"neow_bonus":"ONE_RANDOM_RARE_CARD","is_prod":false,"is_daily":false,"chose_seed":false,"campfire_upgraded":10,"win_rate":0,"timestamp":1551320156,"path_taken":["M","M","?","M","M","E","?","R","T","M","R","E","?","E","R","BOSS","M","M","?","M","$","R","E","M","T","R","?","$","E","?","R","BOSS","M","M","M","$","?","R","M","R","T","R","M","M","R","$","R","BOSS"],"build_version":"2019-01-23","purchased_purges":2,"victory":true,"max_hp_per_floor":[71,71,71,71,71,71,71,71,71,71,71,71,71,71,71,71,71,71,71,71,71,71,71,76,76,76,76,76,76,76,76,76,76,76,76,76,76,76,76,76,76,76,76,76,76,76,76,76,76,76],"card_choices":[{"not_picked":["Steam","Sweeping Beam"],"picked":"Go for the Eyes","floor":1},{"not_picked":["Ball Lightning","Stack"],"picked":"Electrodynamics","floor":2},{"not_picked":["Rebound","Scrape"],"picked":"Go for the Eyes","floor":4},{"not_picked":["Stack","Storm"],"picked":"Reinforced Body","floor":5},{"not_picked":["Barrage","Beam Cell","White Noise"],"picked":"SKIP","floor":6},{"not_picked":["Leap","Hologram"],"picked":"BootSequence","floor":10},{"not_picked":["Static Discharge","Leap"],"picked":"Capacitor","floor":12},{"not_picked":["Go for the Eyes","Coolheaded"],"picked":"Ball Lightning","floor":14},{"not_picked":["Multi-Cast","Meteor Strike"],"picked":"Buffer+1","floor":16},{"not_picked":["Sweeping Beam","Go for the Eyes"],"picked":"Coolheaded","floor":18},{"not_picked":["Storm+1","Sunder"],"picked":"Cold Snap","floor":19},{"not_picked":["Turbo","Steam"],"picked":"Machine Learning+1","floor":21},{"not_picked":["Melter","Go for the Eyes"],"picked":"Conserve Battery","floor":24},{"not_picked":["Leap","Aggregate","Barrage"],"picked":"SKIP","floor":25},{"not_picked":["Turbo","Conserve Battery","Force Field"],"picked":"SKIP","floor":30},{"not_picked":["Hyperbeam","Amplify"],"picked":"Biased Cognition+1","floor":33},{"not_picked":["Gash","Redo","Ball Lightning"],"picked":"SKIP","floor":35},{"not_picked":["Turbo+1","FTL"],"picked":"Leap+1","floor":36},{"not_picked":["Compile Driver","Redo","Thunder Strike"],"picked":"SKIP","floor":37},{"not_picked":["Redo","Thunder Strike"],"picked":"Compile Driver","floor":37},{"not_picked":["Conserve Battery","FTL","Cold Snap"],"picked":"SKIP","floor":41},{"not_picked":["Rebound+1","Recycle"],"picked":"Defragment+1","floor":45},{"not_picked":["Turbo","Conserve Battery","Hologram"],"picked":"SKIP","floor":46}],"player_experience":539267,"relics_obtained":[{"floor":3,"key":"Incense Burner"},{"floor":6,"key":"Mercury Hourglass"},{"floor":9,"key":"Meat on the Bone"},{"floor":12,"key":"Oddly Smooth Stone"},{"floor":14,"key":"Frozen Egg 2"},{"floor":24,"key":"Bag of Preparation"},{"floor":26,"key":"Du-Vu Doll"},{"floor":30,"key":"Ancient Tea Set"},{"floor":39,"key":"Ice Cream"},{"floor":43,"key":"The Courier"}],"event_choices":[{"damage_healed":0,"gold_gain":0,"cards_transformed":["Strike_B"],"player_choice":"Change","damage_taken":0,"max_hp_gain":0,"max_hp_loss":0,"event_name":"Living Wall","floor":7,"gold_loss":0,"cards_obtained":["Barrage"]},{"cards_removed":["Strike_B"],"damage_healed":0,"gold_gain":0,"player_choice":"Card Removal","damage_taken":7,"max_hp_gain":0,"max_hp_loss":0,"event_name":"Golden Wing","floor":13,"gold_loss":0},{"cards_removed":["Strike_B"],"damage_healed":0,"gold_gain":0,"player_choice":"Upgrade and Remove","damage_taken":0,"max_hp_gain":0,"max_hp_loss":0,"event_name":"Designer","floor":20,"gold_loss":110,"cards_upgraded":["Electrodynamics"]},{"damage_healed":0,"gold_gain":0,"player_choice":"Opened","damage_taken":0,"relics_obtained":["MawBank"],"max_hp_gain":0,"max_hp_loss":0,"event_name":"The Mausoleum","floor":31,"gold_loss":0,"cards_obtained":["Writhe"]},{"damage_healed":0,"gold_gain":0,"player_choice":"Fight","damage_taken":0,"max_hp_gain":0,"max_hp_loss":0,"event_name":"Mysterious Sphere","floor":39,"gold_loss":0}],"is_beta":false,"boss_relics":[{"not_picked":["Eternal Feather","Nuclear Battery"],"picked":"Coffee Dripper"},{"not_picked":["Orrery","Cursed Key"],"picked":"Runic Pyramid"}],"items_purged_floors":[22,48],"is_endless":false,"potions_floor_spawned":[10,12,16,21,24,36,37,39,46],"ascension_level":18}