{"gold_per_floor":[116,136,153,71,71,97,97,128,128,128,6,30,30,50,50,147,147,161,161],"floor_reached":19,"playtime":1426,"items_purged":[],"score":201,"play_id":"3132d021-0848-446e-8cf3-551004ead24a","local_time":"20190307025322","is_ascension_mode":true,"campfire_choices":[{"data":"Hemokinesis","floor":7,"key":"SMITH"},{"data":"Bash","floor":10,"key":"SMITH"},{"data":"Combust","floor":13,"key":"SMITH"},{"data":"Offering","floor":15,"key":"SMITH"}],"neow_cost":"NONE","seed_source_timestamp":59684277479279,"circlet_count":0,"master_deck":["Strike_R","Strike_R","Strike_R","Strike_R","Strike_R","Defend_R","Defend_R","Defend_R","Defend_R","Bash+1","Iron Wave","Anger","Hemokinesis+1","Metallicize","Offering+1","Shrug It Off","Ghostly Armor","Combust+1","Spot Weakness","Feed"],"relics":["Burning Blood","Bronze Scales","StoneCalendar","Self Forming Clay","Meat on the Bone","Odd Mushroom","Velvet Choker"],"potions_floor_usage":[],"damage_taken":[{"damage":1,"enemies":"Cultist","floor":1,"turns":3},{"damage":2,"enemies":"Jaw Worm","floor":2,"turns":3},{"damage":0,"enemies":"Small Slimes","floor":3,"turns":3},{"damage":16,"enemies":"Gremlin Nob","floor":6,"turns":4},{"damage":29,"enemies":"Lagavulin","floor":8,"turns":6},{"damage":4,"enemies":"The Mushroom Lair","floor":12,"turns":4},{"damage":7,"enemies":"2 Fungi Beasts","floor":14,"turns":4},{"damage":29,"enemies":"Hexaghost","floor":16,"turns":10},{"damage":18,"enemies":"Spheric Guardian","floor":18,"turns":4}],"seed_played":"-5261891183949960700","potions_obtained":[{"floor":2,"key":"EssenceOfSteel"},{"floor":6,"key":"Ancient Potion"}],"is_trial":false,"path_per_floor":["M","M","M","$","?","E","R","E","T","R","$","?","R","M","R","B",null,"M","?"],"character_chosen":"IRONCLAD","items_purchased":["Metallicize","Ghostly Armor","Strength Potion"],"campfire_rested":0,"item_purchase_floors":[4,11,11],"current_hp_per_floor":[80,80,80,80,80,70,70,47,47,47,47,49,49,48,48,37,80,68,68],"gold":161,"neow_bonus":"RANDOM_COMMON_RELIC","is_prod":false,"is_daily":false,"chose_seed":false,"campfire_upgraded":4,"win_rate":0,"timestamp":1551920002,"path_taken":["M","M","M","$","?","E","R","E","T","R","$","?","R","M","R","BOSS","M","?"],"build_version":"2019-01-23","purchased_purges":0,"victory":false,"max_hp_per_floor":[80,80,80,80,80,80,80,80,80,80,80,80,80,80,80,80,80,80,80],"card_choices":[{"not_picked":["Cleave","Shrug It Off"],"picked":"Iron Wave","floor":1},{"not_picked":["Rage","Evolve"],"picked":"Anger","floor":2},{"not_picked":["Second Wind","Power Through"],"picked":"Hemokinesis","floor":3},{"not_picked":["Havoc","Armaments"],"picked":"Offering","floor":6},{"not_picked":["Brutality","Thunderclap"],"picked":"Shrug It Off","floor":8},{"not_picked":["Clash","True Grit"],"picked":"Combust","floor":12},{"not_picked":["Blood for Blood","Pummel"],"picked":"Spot Weakness","floor":14},{"not_picked":["Immolate","Exhume"],"picked":"Feed","floor":16},{"not_picked":["Bloodletting","Spot Weakness","Cleave"],"picked":"SKIP","floor":18}],"player_experience":681766,"relics_obtained":[{"floor":6,"key":"StoneCalendar"},{"floor":8,"key":"Self Forming Clay"},{"floor":9,"key":"Meat on the Bone"},{"floor":12,"key":"Odd Mushroom"}],"event_choices":[{"damage_healed":0,"gold_gain":0,"player_choice":"Ignored","damage_taken":0,"max_hp_gain":0,"max_hp_loss":0,"event_name":"Liars Game","floor":5,"gold_loss":0},{"damage_healed":0,"gold_gain":0,"player_choice":"Fought Mushrooms","damage_taken":0,"max_hp_gain":0,"max_hp_loss":0,"event_name":"Mushrooms","floor":12,"gold_loss":0}],"is_beta":false,"boss_relics":[{"not_picked":["Calling Bell","Empty Cage"],"picked":"Velvet Choker"}],"items_purged_floors":[],"is_endless":false,"potions_floor_spawned":[2,6,14],"ascension_level":3}