{"gold_per_floor":[119,119,134,145,25,25,53,64,64,81,81],"floor_reached":11,"playtime":867,"items_purged":["Defend_R"],"score":105,"play_id":"e2289016-395e-4655-ae10-62c9dc81b1fc","local_time":"20190221144319","is_ascension_mode":true,"campfire_choices":[{"data":"Iron Wave","floor":6,"key":"SMITH"}],"neow_cost":"NONE","seed_source_timestamp":526566815134472,"circlet_count":0,"master_deck":["Strike_R","Strike_R","Strike_R","Strike_R","Strike_R","Defend_R","Defend_R","Defend_R","Bash","Shockwave","True Grit","Iron Wave+1","True Grit","Searing Blow","Brutality"],"relics":["Burning Blood","Question Card","Shuriken"],"potions_floor_usage":[11,11],"damage_taken":[{"damage":8,"enemies":"Jaw Worm","floor":1,"turns":7},{"damage":6,"enemies":"Cultist","floor":3,"turns":5},{"damage":9,"enemies":"Small Slimes","floor":4,"turns":5},{"damage":21,"enemies":"Gremlin Nob","floor":7,"turns":5},{"damage":13,"enemies":"Exordium Thugs","floor":8,"turns":7},{"damage":19,"enemies":"Large Slime","floor":10,"turns":8},{"damage":40,"enemies":"Lagavulin","floor":11,"turns":8}],"seed_played":"-406931022123881025","potions_obtained":[{"floor":2,"key":"Weak Potion"},{"floor":2,"key":"SpeedPotion"},{"floor":2,"key":"EntropicBrew"}],"is_trial":false,"path_per_floor":["M","?","M","M","$","R","E","M","T","M","E"],"character_chosen":"IRONCLAD","items_purchased":["True Grit"],"campfire_rested":0,"item_purchase_floors":[5],"current_hp_per_floor":[78,78,78,75,75,75,60,53,53,40,0],"gold":81,"neow_bonus":"TEN_PERCENT_HP_BONUS","is_prod":false,"is_daily":false,"chose_seed":false,"campfire_upgraded":1,"win_rate":0,"timestamp":1550778199,"path_taken":["M","?","M","M","$","R","E","M","T","M","E"],"build_version":"2019-01-23","purchased_purges":1,"victory":false,"max_hp_per_floor":[88,88,88,88,88,88,88,88,88,88,88],"card_choices":[{"not_picked":["Shrug It Off","Corruption"],"picked":"Shockwave","floor":1},{"not_picked":["Shrug It Off","Dual Wield"],"picked":"True Grit","floor":3},{"not_picked":["Carnage","Cleave"],"picked":"Iron Wave","floor":4},{"not_picked":["Burning Pact","Flex"],"picked":"Searing Blow","floor":7},{"not_picked":["Flex","Twin Strike","Seeing Red"],"picked":"Brutality","floor":8},{"not_picked":["Infernal Blade","Flex","Twin Strike","Hemokinesis"],"picked":"SKIP","floor":10}],"player_experience":1618229,"relics_obtained":[{"floor":7,"key":"Question Card"},{"floor":9,"key":"Shuriken"}],"event_choices":[{"damage_healed":0,"gold_gain":0,"player_choice":"Got Potions","damage_taken":0,"max_hp_gain":0,"max_hp_loss":0,"event_name":"Lab","floor":2,"gold_loss":0}],"is_beta":false,"boss_relics":[],"items_purged_floors":[5],"is_endless":false,"potions_floor_spawned":[3,8],"killed_by":"Lagavulin","ascension_level":8}