{"gold_per_floor":[109,119,137,62,82,82,99,129,129,157,172,198,233,250,250,347,347,357,6,6,19,32,32,32,57,82,112,130,162,179,192,192,290,290,306,326,340,340,355,355,27,27,98,98,145,160,260,279,279,279],"floor_reached":51,"playtime":5529,"items_purged":["Strike_R","Doubt","Defend_R"],"score":833,"play_id":"5ac92084-de87-4029-9284-5018a40a30b4","local_time":"20190308161149","is_ascension_mode":false,"campfire_choices":[{"data":"Cleave","floor":6.0,"key":"SMITH"},{"data":"Armaments","floor":15.0,"key":"SMITH"},{"data":"Barricade","floor":23.0,"key":"SMITH"},{"data":"Disarm","floor":32.0,"key":"SMITH"},{"data":"Offering","floor":40,"key":"SMITH"},{"floor":42,"key":"REST"},{"data":"Exhume","floor":44,"key":"SMITH"},{"floor":49,"key":"REST"}],"neow_cost":"NONE","seed_source_timestamp":0,"circlet_count":0,"master_deck":["Strike_R","Strike_R","Strike_R","Defend_R+1","Defend_R+1","Defend_R","Bash","Clothesline","Burning Pact","Cleave+1","Offering+1","Disarm+1","Exhume+1","Armaments+1","Shrug It Off","Whirlwind+1","Bloodletting","Barricade+1","Normality","Parasite","Iron Wave","Metallicize+1","Seeing Red+1","Blood for Blood+1","Rupture+1","Dropkick+1","Brutality+1","Warcry+1","Feed+1","Thunderclap+1","Flex+1","Madness+1","Madness+1","Ghostly Armor+1","Feel No Pain+1","Burning Pact+1","Fire Breathing+1","Rupture+1"],"special_seed":0,"relics":["Burning Blood","War Paint","Anchor","Shuriken","Gremlin Horn","Odd Mushroom","Molten Egg 2","Calling Bell","Centennial Puzzle","Toxic Egg 2","Charon\u0027s Ashes","Frozen Egg 2","Singing Bowl","Oddly Smooth Stone","Ancient Tea Set","Vajra","Mark of Pain","Bag of Preparation","Letter Opener","Pocketwatch","Thread and Needle"],"potions_floor_usage":[39],"damage_taken":[{"damage":0.0,"enemies":"Cultist","floor":1.0,"turns":3.0},{"damage":7.0,"enemies":"Jaw Worm","floor":2.0,"turns":4.0},{"damage":7.0,"enemies":"2 Louse","floor":3.0,"turns":3.0},{"damage":7.0,"enemies":"Lots of Slimes","floor":5.0,"turns":7.0},{"damage":0.0,"enemies":"Exordium Wildlife","floor":7.0,"turns":3.0},{"damage":20.0,"enemies":"3 Sentries","floor":8.0,"turns":5.0},{"damage":10.0,"enemies":"Lagavulin","floor":10.0,"turns":5.0},{"damage":2.0,"enemies":"2 Fungi Beasts","floor":11.0,"turns":3.0},{"damage":10.0,"enemies":"The Mushroom Lair","floor":12.0,"turns":5.0},{"damage":26.0,"enemies":"3 Sentries","floor":13.0,"turns":7.0},{"damage":0.0,"enemies":"3 Louse","floor":14.0,"turns":1.0},{"damage":12.0,"enemies":"The Guardian","floor":16.0,"turns":15.0},{"damage":9.0,"enemies":"Shell Parasite","floor":18.0,"turns":10.0},{"damage":6.0,"enemies":"Chosen","floor":21.0,"turns":8.0},{"damage":10.0,"enemies":"Snecko","floor":22.0,"turns":5.0},{"damage":9.0,"enemies":"Book of Stabbing","floor":25.0,"turns":8.0},{"damage":9.0,"enemies":"Gremlin Leader","floor":27.0,"turns":5.0},{"damage":7.0,"enemies":"Snake Plant","floor":28.0,"turns":5.0},{"damage":0.0,"enemies":"Slavers","floor":29.0,"turns":1.0},{"damage":16.0,"enemies":"Shelled Parasite and Fungi","floor":30.0,"turns":6.0},{"damage":15.0,"enemies":"Sentry and Sphere","floor":31.0,"turns":3.0},{"damage":24.0,"enemies":"Automaton","floor":33.0,"turns":8.0},{"damage":10,"enemies":"3 Darklings","floor":35,"turns":2},{"damage":4,"enemies":"3 Shapes","floor":36,"turns":4},{"damage":6,"enemies":"Sphere and 2 Shapes","floor":37,"turns":3},{"damage":30,"enemies":"Maw","floor":39,"turns":7},{"damage":8,"enemies":"2 Orb Walkers","floor":45,"turns":3},{"damage":11,"enemies":"3 Darklings","floor":46,"turns":3},{"damage":18,"enemies":"Mind Bloom Boss Battle","floor":47,"turns":4},{"damage":6,"enemies":"Spire Growth","floor":48,"turns":4},{"damage":41,"enemies":"Donu and Deca","floor":50,"turns":8}],"seed_played":"-6378757290644619624","potions_obtained":[{"floor":3.0,"key":"Explosive Potion"},{"floor":7.0,"key":"SpeedPotion"},{"floor":8.0,"key":"PowerPotion"},{"floor":12.0,"key":"AttackPotion"},{"floor":16.0,"key":"Swift Potion"},{"floor":18.0,"key":"Strength Potion"},{"floor":25.0,"key":"Energy Potion"},{"floor":27.0,"key":"Regen Potion"},{"floor":36,"key":"Block Potion"},{"floor":45,"key":"SteroidPotion"},{"floor":46,"key":"FearPotion"},{"floor":47,"key":"Fire Potion"}],"is_trial":false,"path_per_floor":["M","M","M","$","M","R","M","E","T","E","M","?","E","M","R","B",null,"M","$","?","M","M","R","$","E","T","E","M","E","M","M","R","B",null,"M","M","M","?","M","R","$","R","T","R","?","M","?","M","R","B",null],"character_chosen":"IRONCLAD","items_purchased":["Frozen Egg 2","Bag of Preparation","SteroidPotion"],"campfire_rested":2,"item_purchase_floors":[19,41,41],"current_hp_per_floor":[80,79,78,78,77,77,80,66,66,62,66,62,42,48,48,42,80,77,77,77,77,73,73,73,70,70,67,66,72,73,64,64,46,82,80,82,82,71,47,47,47,72,72,72,74,69,57,57,83,52],"gold":279,"neow_bonus":"RANDOM_COMMON_RELIC","is_prod":false,"is_daily":false,"chose_seed":false,"campfire_upgraded":6,"win_rate":0,"timestamp":1552054309,"path_taken":["M","M","M","$","M","R","M","E","T","E","M","?","E","M","R","BOSS","M","$","?","M","M","R","$","E","T","E","?","E","M","M","R","BOSS","M","M","M","?","M","R","$","R","T","R","?","M","?","M","R","BOSS"],"build_version":"2019-01-23","purchased_purges":3,"victory":true,"max_hp_per_floor":[80,80,80,80,80,80,80,80,80,80,80,80,80,80,80,80,80,80,80,80,80,80,80,80,80,80,80,80,80,82,82,82,82,82,84,84,84,84,84,84,84,84,84,84,88,88,88,88,88,92],"card_choices":[{"not_picked":["Wild Strike","Rage","Entrench"],"picked":"SKIP","floor":1.0},{"not_picked":["Pummel","Dual Wield"],"picked":"Clothesline","floor":2.0},{"not_picked":["Body Slam","Flex"],"picked":"Burning Pact","floor":3.0},{"not_picked":["Disarm","Twin Strike"],"picked":"Cleave","floor":5.0},{"not_picked":["Cleave","Twin Strike"],"picked":"Offering","floor":7.0},{"not_picked":["Burning Pact","Sever Soul"],"picked":"Disarm","floor":8.0},{"not_picked":["Berserk","Wild Strike"],"picked":"Exhume","floor":10.0},{"not_picked":["Shrug It Off","Sword Boomerang"],"picked":"Armaments","floor":11.0},{"not_picked":["Warcry","Anger"],"picked":"Shrug It Off","floor":12.0},{"not_picked":["Shrug It Off","Heavy Blade"],"picked":"Whirlwind","floor":13.0},{"not_picked":["Body Slam+1","Juggernaut"],"picked":"Bloodletting","floor":14.0},{"not_picked":["Juggernaut","Bludgeon+1"],"picked":"Barricade","floor":16.0},{"not_picked":["Anger+1","Armaments+1","Clash+1"],"picked":"SKIP","floor":18.0},{"not_picked":["Anger+1","Clash+1"],"picked":"Metallicize+1","floor":21.0},{"not_picked":["Uppercut+1","Metallicize+1"],"picked":"Seeing Red+1","floor":22.0},{"not_picked":["Dropkick+1","Limit Break+1"],"picked":"Blood for Blood+1","floor":25.0},{"not_picked":["Warcry+1","Thunderclap+1"],"picked":"Rupture+1","floor":27.0},{"not_picked":["Rampage+1","Twin Strike+1"],"picked":"Dropkick+1","floor":28.0},{"not_picked":["Sentinel+1","Twin Strike+1"],"picked":"Brutality+1","floor":29.0},{"not_picked":["Dual Wield+1","Twin Strike+1","Heavy Blade+1"],"picked":"Singing Bowl","floor":30.0},{"not_picked":["Clash+1","Anger+1"],"picked":"Warcry+1","floor":31.0},{"not_picked":["Immolate+1","Juggernaut+1"],"picked":"Feed+1","floor":33.0},{"not_picked":["Heavy Blade+1","Armaments+1","Clothesline+1"],"picked":"Singing Bowl","floor":35},{"not_picked":["Body Slam+1","Rampage+1"],"picked":"Thunderclap+1","floor":36},{"not_picked":["Iron Wave+1","True Grit+1"],"picked":"Flex+1","floor":37},{"not_picked":["Headbutt+1","Heavy Blade+1"],"picked":"Ghostly Armor+1","floor":39},{"not_picked":["Brutality+1","Shockwave+1"],"picked":"Feel No Pain+1","floor":45},{"not_picked":["Spot Weakness+1","Perfected Strike+1"],"picked":"Burning Pact+1","floor":46},{"not_picked":["Armaments+1","Clothesline+1"],"picked":"Fire Breathing+1","floor":47},{"not_picked":["Reckless Charge+1","Pommel Strike+1"],"picked":"Rupture+1","floor":48}],"player_experience":212484,"relics_obtained":[{"floor":8.0,"key":"Anchor"},{"floor":9.0,"key":"Shuriken"},{"floor":10.0,"key":"Gremlin Horn"},{"floor":12.0,"key":"Odd Mushroom"},{"floor":13.0,"key":"Molten Egg 2"},{"floor":17.0,"key":"Centennial Puzzle"},{"floor":17.0,"key":"Toxic Egg 2"},{"floor":17.0,"key":"Charon\u0027s Ashes"},{"floor":25.0,"key":"Singing Bowl"},{"floor":26.0,"key":"Oddly Smooth Stone"},{"floor":27.0,"key":"Ancient Tea Set"},{"floor":29.0,"key":"Vajra"},{"floor":43,"key":"Letter Opener"},{"floor":45,"key":"Pocketwatch"},{"floor":47,"key":"Thread and Needle"}],"event_choices":[{"damage_healed":0.0,"max_hp_gain":0.0,"max_hp_loss":0.0,"gold_gain":0.0,"event_name":"Mushrooms","player_choice":"Fought Mushrooms","floor":12.0,"gold_loss":0.0,"damage_taken":0.0},{"cards_removed":["Strike_R"],"damage_healed":0.0,"max_hp_gain":0.0,"max_hp_loss":0.0,"gold_gain":0.0,"event_name":"NoteForYourself","player_choice":"Took Card","floor":20.0,"gold_loss":0.0,"damage_taken":0.0,"cards_obtained":["Iron Wave"]},{"damage_healed":0,"gold_gain":0,"player_choice":"Embrace Madness","damage_taken":11,"max_hp_gain":0,"max_hp_loss":0,"event_name":"Winding Halls","floor":38,"gold_loss":0,"cards_obtained":["Madness","Madness"]},{"damage_healed":0,"gold_gain":0,"player_choice":"Fight","damage_taken":0,"max_hp_gain":0,"max_hp_loss":0,"event_name":"Mysterious Sphere","floor":45,"gold_loss":0},{"damage_healed":0,"gold_gain":0,"player_choice":"Fight","damage_taken":0,"max_hp_gain":0,"max_hp_loss":0,"event_name":"MindBloom","floor":47,"gold_loss":0}],"is_beta":false,"boss_relics":[{"not_picked":["Philosopher\u0027s Stone","Black Blood"],"picked":"Calling Bell"},{"not_picked":["Pandora\u0027s Box","Empty Cage"],"picked":"Mark of Pain"}],"items_purged_floors":[4,19,41],"is_endless":false,"potions_floor_spawned":[3,7,8,12,16,18,25,27,28,36,45,46,47],"ascension_level":0}