{"gold_per_floor":[112,127,138,155,173,173,208,173,173,196,223,223,238,54,54,150,150,162,87,98,24,24,24,56,3,3,18,18,18,34,34,34,132,132,148,163,82,92,92,92,110,110,137,137,155,155,155,155,155,155],"floor_reached":50,"playtime":2076,"items_purged":[],"score":589,"play_id":"dc6908d5-000b-456b-8856-b6d28cb247f5","local_time":"20180927201108","is_ascension_mode":true,"campfire_choices":[{"data":"Dualcast","floor":6,"key":"SMITH"},{"data":"Loop","floor":12,"key":"SMITH"},{"data":"Defragment","floor":15,"key":"SMITH"},{"data":"Defragment","floor":23,"key":"SMITH"},{"data":"Hologram","floor":28,"key":"SMITH"},{"data":"Zap","floor":32,"key":"SMITH"},{"floor":40,"key":"REST"},{"floor":42,"key":"REST"},{"floor":46,"key":"REST"},{"data":"Secret Technique","floor":49,"key":"SMITH"}],"neow_cost":"NONE","seed_source_timestamp":357373101135367,"circlet_count":0,"master_deck":["Defend_B","Defend_B","Defend_B","Defend_B","Zap+1","Dualcast+1","Sweeping Beam","Go for the Eyes","Glacier","Go for the Eyes","Conserve Battery","Loop+1","Beam Cell","Compile Driver","Defragment+1","Gash","All For One","Melter+1","Ball Lightning","Defragment+1","Pain","Hologram+1","Beam Cell+1","Streamline+1","Steam","Machine Learning","Compile Driver+1","Barrage+1","Undo+1","Reinforced Body+1","Stack+1","Self Repair","Gash+1","Gash+1","Stack","Secret Technique+1"],"relics":["Cracked Core","Blue Candle","Boot","Odd Mushroom","Bag of Preparation","Sozu","WarpedTongs","Molten Egg 2","Dodecahedron","Astrolabe","Vajra"],"potions_floor_usage":[7,10,11,33],"damage_taken":[{"damage":4,"enemies":"Small Slimes","floor":1,"turns":3},{"damage":1,"enemies":"Cultist","floor":2,"turns":3},{"damage":0,"enemies":"Jaw Worm","floor":3,"turns":3},{"damage":13,"enemies":"3 Louse","floor":4,"turns":3},{"damage":0,"enemies":"Blue Slaver","floor":5,"turns":6},{"damage":13,"enemies":"Lagavulin","floor":7,"turns":5},{"damage":10,"enemies":"The Mushroom Lair","floor":10,"turns":5},{"damage":13,"enemies":"3 Sentries","floor":11,"turns":9},{"damage":6,"enemies":"Gremlin Gang","floor":13,"turns":5},{"damage":7,"enemies":"Slime Boss","floor":16,"turns":10},{"damage":4,"enemies":"2 Thieves","floor":18,"turns":4},{"damage":4,"enemies":"Shell Parasite","floor":20,"turns":4},{"damage":13,"enemies":"Book of Stabbing","floor":24,"turns":5},{"damage":1,"enemies":"Snecko","floor":27,"turns":4},{"damage":1,"enemies":"Snake Plant","floor":30,"turns":3},{"damage":13,"enemies":"Champ","floor":33,"turns":10},{"damage":1,"enemies":"Orb Walker","floor":35,"turns":4},{"damage":31,"enemies":"3 Darklings","floor":36,"turns":7},{"damage":12,"enemies":"Transient","floor":38,"turns":5},{"damage":40,"enemies":"Spire Growth","floor":41,"turns":4},{"damage":1,"enemies":"3 Darklings","floor":45,"turns":5},{"damage":76,"enemies":"Donu and Deca","floor":50,"turns":6}],"seed_played":"-1068845178653322677","potions_obtained":[{"floor":1,"key":"LiquidBronze"},{"floor":7,"key":"LiquidBronze"},{"floor":10,"key":"Dexterity Potion"}],"is_trial":false,"path_per_floor":["M","M","M","M","M","R","E","?","T","?","E","R","M","$","R","B",null,"M","?","M","$","?","R","E","$","T","M","R","?","M","$","R","B",null,"M","M","$","M","?","R","M","R","T","$","M","R","?","?","R"],"character_chosen":"DEFECT","items_purchased":["Defragment","Gash","Dexterity Potion","Defragment","Beam Cell+1","Self Repair"],"campfire_rested":3,"item_purchase_floors":[14,14,14,21,25,37],"current_hp_per_floor":[71,70,70,57,57,57,44,62,62,52,39,39,33,33,33,26,75,71,71,67,67,67,67,54,54,54,53,53,53,52,52,52,39,75,74,43,43,38,38,60,30,52,52,52,58,75,75,75,75,0],"gold":155,"neow_bonus":"REMOVE_CARD","is_prod":false,"is_daily":false,"chose_seed":false,"campfire_upgraded":7,"win_rate":0,"timestamp":1538093468,"path_taken":["M","M","M","M","M","R","E","?","T","?","E","R","M","$","R","BOSS","M","?","M","$","?","R","E","$","T","?","R","?","M","$","R","BOSS","M","?","$","M","?","R","M","R","T","$","M","R","?","?","R","BOSS"],"build_version":"2018-09-20","purchased_purges":0,"victory":false,"max_hp_per_floor":[75,75,75,75,75,75,75,75,75,75,75,75,75,75,75,75,75,75,75,75,75,75,75,75,75,75,75,75,75,75,75,75,75,75,75,75,75,75,75,75,75,75,75,75,75,75,75,75,75,75],"card_choices":[{"not_picked":["Stack","Steam"],"picked":"Sweeping Beam","floor":1},{"not_picked":["Compile Driver","Rebound"],"picked":"Go for the Eyes","floor":2},{"not_picked":["Gash","Steam"],"picked":"Glacier","floor":3},{"not_picked":["Steam Power","Loop"],"picked":"Auto Shields","floor":4},{"not_picked":["Stack","Tempest"],"picked":"Go for the Eyes","floor":5},{"not_picked":["Meteor Strike","Thunder Strike"],"picked":"Conserve Battery","floor":7},{"not_picked":["Rebound","Stack"],"picked":"Loop","floor":10},{"not_picked":["Darkness","Sweeping Beam"],"picked":"Beam Cell","floor":11},{"not_picked":["Capacitor","Turbo"],"picked":"Compile Driver","floor":13},{"not_picked":["Seek","Creative AI"],"picked":"All For One","floor":16},{"not_picked":["Leap","Cold Snap"],"picked":"Melter+1","floor":18},{"not_picked":["Conserve Battery","Barrage"],"picked":"Ball Lightning","floor":20},{"not_picked":["Buffer","Compile Driver+1"],"picked":"Hologram","floor":24},{"not_picked":["Compile Driver+1","Ball Lightning+1"],"picked":"Streamline+1","floor":27},{"not_picked":["Genetic Algorithm","Hologram+1"],"picked":"Steam","floor":30},{"not_picked":["Hyperbeam+1","Biased Cognition"],"picked":"Machine Learning","floor":33},{"not_picked":["Compile Driver+1","Redo+1"],"picked":"Reinforced Body+1","floor":35},{"not_picked":["Sweeping Beam+1","Stack+1","Streamline+1"],"picked":"SKIP","floor":36},{"not_picked":["Sweeping Beam+1","Streamline+1"],"picked":"Stack+1","floor":36},{"not_picked":["Turbo+1","Steam"],"picked":"Gash+1","floor":38},{"not_picked":["Barrage+1","Ball Lightning+1"],"picked":"Gash+1","floor":41},{"not_picked":["Rip and Tear+1","Sunder+1"],"picked":"Stack","floor":45},{"not_picked":["Good Instincts","Finesse"],"picked":"Secret Technique","floor":47}],"player_experience":607135,"relics_obtained":[{"floor":7,"key":"Blue Candle"},{"floor":9,"key":"Boot"},{"floor":10,"key":"Odd Mushroom"},{"floor":11,"key":"Bag of Preparation"},{"floor":24,"key":"Molten Egg 2"},{"floor":26,"key":"Dodecahedron"},{"floor":43,"key":"Vajra"}],"event_choices":[{"event_name":"The Cleric","player_choice":"Healed","floor":8,"damage_taken":0},{"event_name":"Mushrooms","player_choice":"Fought Mushrooms","floor":10,"damage_taken":0},{"event_name":"Beggar","player_choice":"Gave Gold","floor":19,"damage_taken":0},{"event_name":"Accursed Blacksmith","player_choice":"Rummage","floor":22,"damage_taken":0},{"event_name":"Ghosts","player_choice":"Ignored","floor":29,"damage_taken":0},{"event_name":"Mysterious Sphere","player_choice":"Ignore","floor":39,"damage_taken":0},{"event_name":"SensoryStone","player_choice":"Memory 1","floor":47,"damage_taken":0},{"event_name":"The Lab","player_choice":"Got Potions","floor":48,"damage_taken":0}],"is_beta":false,"boss_relics":[{"not_picked":["White Beast Statue","Philosopher\u0027s Stone"],"picked":"Sozu"},{"not_picked":["Orrery","Coffee Dripper"],"picked":"Astrolabe"}],"items_purged_floors":[],"is_endless":false,"potions_floor_spawned":[1,7,10,18,24,36,41,45],"killed_by":"Donu and Deca","ascension_level":4}