{"path_per_floor":["M","$","M","M","M","R","E","R","T","?","R","M","R","$","R","B",null,"M","?","?","$","M","R","E","M","T","M","M","R","M","M","R"],"character_chosen":"IRONCLAD","items_purchased":["True Grit","Spot Weakness","Thunderclap","Whirlwind"],"gold_per_floor":[209,89,107,119,139,139,174,174,174,174,174,194,194,10,10,87,87,102,102,102,29,42,42,72,86,86,105,124,124,134,153,153,153],"floor_reached":33,"campfire_rested":3,"playtime":1255,"item_purchase_floors":[2,14,14,21],"current_hp_per_floor":[73,73,75,75,54,54,37,37,37,37,37,43,43,43,43,7,58,52,31,31,31,18,42,22,22,22,12,10,34,33,23,47,0],"items_purged":["Strike_R","Strike_R"],"gold":153,"score":471,"play_id":"3944fd7b-4d58-4f76-9b4e-c96d0ab08ef7","local_time":"20180524154212","is_prod":false,"is_daily":false,"chose_seed":false,"is_ascension_mode":true,"campfire_upgraded":5,"win_rate":0,"timestamp":1527190932,"campfire_choices":[{"data":"True Grit","floor":6,"key":"SMITH"},{"data":"Headbutt","floor":8,"key":"SMITH"},{"data":"Carnage","floor":11,"key":"SMITH"},{"data":"Feel No Pain","floor":13,"key":"SMITH"},{"data":"Spot Weakness","floor":15,"key":"SMITH"},{"floor":23,"key":"REST"},{"floor":29,"key":"REST"},{"floor":32,"key":"REST"}],"path_taken":["M","$","?","M","M","R","E","R","T","?","R","M","R","?","R","BOSS","M","?","?","?","M","R","E","?","T","?","M","R","M","M","R","BOSS"],"build_version":"2018-05-23v2","seed_source_timestamp":352402492666463,"purchased_purges":2,"victory":false,"master_deck":["Strike_R","Strike_R","Strike_R","Defend_R","Defend_R","Defend_R","Defend_R","Bash+1","AscendersBane","Carnage+1","True Grit+1","Shockwave","Headbutt+1","Feel No Pain+1","Spot Weakness+1","Thunderclap","Shrug It Off","Writhe","Whirlwind","Evolve","Rage","Wild Strike","Shrug It Off","Clothesline","Pommel Strike"],"max_hp_per_floor":[75,75,75,75,75,75,75,75,75,75,75,75,75,75,75,75,75,75,80,80,80,80,80,80,80,80,80,80,80,80,80,80,80],"relics":["Burning Blood","Ancient Tea Set","Lantern","Sozu","Matryoshka","Orichalcum","Bag of Marbles","Dodecahedron"],"card_choices":[{"not_picked":["Corruption","Combust"],"picked":"Carnage","floor":1},{"not_picked":["Clash","Intimidate"],"picked":"Shockwave","floor":3},{"not_picked":["Twin Strike","Carnage"],"picked":"Headbutt","floor":4},{"not_picked":["Infernal Blade","Power Through","Corruption"],"picked":"SKIP","floor":5},{"not_picked":["Twin Strike","Shockwave","Headbutt"],"picked":"SKIP","floor":7},{"not_picked":["Entrench","Cleave"],"picked":"Feel No Pain","floor":12},{"not_picked":["Wild Strike","Warcry"],"picked":"Shrug It Off","floor":18},{"not_picked":["Fire Breathing","Anger"],"picked":"Evolve","floor":22},{"not_picked":["Perfected Strike","True Grit"],"picked":"Rage","floor":24},{"not_picked":["Armaments","Second Wind","Infernal Blade+1"],"picked":"SKIP","floor":25},{"not_picked":["Fire Breathing","Armaments"],"picked":"Wild Strike","floor":27},{"not_picked":["Reckless Charge","Rampage"],"picked":"Shrug It Off","floor":28},{"not_picked":["Armaments","Headbutt"],"picked":"Clothesline","floor":30},{"not_picked":["Seeing Red+1","Headbutt"],"picked":"Pommel Strike","floor":31}],"player_experience":239645,"potions_floor_usage":[7,16,16,22],"damage_taken":[{"damage":1,"enemies":"Cultist","floor":1,"turns":3},{"damage":1,"enemies":"2 Louse","floor":3,"turns":3},{"damage":6,"enemies":"Small Slimes","floor":4,"turns":3},{"damage":27,"enemies":"Exordium Thugs","floor":5,"turns":5},{"damage":33,"enemies":"Lagavulin","floor":7,"turns":6},{"damage":0,"enemies":"Blue Slaver","floor":12,"turns":3},{"damage":42,"enemies":"Hexaghost","floor":16,"turns":8},{"damage":12,"enemies":"3 Byrds","floor":18,"turns":4},{"damage":29,"enemies":"Spheric Guardian","floor":22,"turns":6},{"damage":26,"enemies":"Gremlin Leader","floor":24,"turns":5},{"damage":6,"enemies":"Centurion and Healer","floor":25,"turns":4},{"damage":16,"enemies":"Sentry and Sphere","floor":27,"turns":7},{"damage":8,"enemies":"3 Cultists","floor":28,"turns":5},{"damage":7,"enemies":"Centurion and Healer","floor":30,"turns":7},{"damage":16,"enemies":"Cultist and Chosen","floor":31,"turns":5},{"damage":79,"enemies":"Collector","floor":33,"turns":6}],"relics_obtained":[{"floor":7,"key":"Ancient Tea Set"},{"floor":9,"key":"Lantern"},{"floor":24,"key":"Orichalcum"},{"floor":26,"key":"Bag of Marbles"},{"floor":26,"key":"Dodecahedron"}],"event_choices":[{"event_name":"Upgrade Shrine","player_choice":"Upgraded","floor":10,"damage_taken":0},{"event_name":"Forgotten Altar","player_choice":"Shed Blood","floor":19,"damage_taken":0},{"event_name":"The Mausoleum","player_choice":"Yes","floor":20,"damage_taken":0}],"boss_relics":[{"not_picked":["Cursed Key","Lizard Tail"],"picked":"Sozu"}],"items_purged_floors":[2,14],"potions_floor_spawned":[1,5,7,12,24,25,28,31],"seed_played":"5097910708290418978","killed_by":"Collector","ascension_level":15,"potions_obtained":[{"floor":1,"key":"Regen Potion"},{"floor":5,"key":"Regen Potion"},{"floor":7,"key":"Poison Potion"},{"floor":12,"key":"Energy Potion"}],"is_trial":false}