{"gold_per_floor":[119,139,159,209,225,225,259,32,32,50,50,65,75,101,101,176,176,191,205,205,205],"floor_reached":21,"playtime":1122,"items_purged":[],"score":386,"play_id":"929d05cc-65d0-446f-a802-337b6d85a0d6","local_time":"20190306191041","is_ascension_mode":true,"campfire_choices":[{"data":"Skewer","floor":6,"key":"SMITH"},{"floor":11,"key":"REST"},{"floor":15,"key":"REST"}],"neow_cost":"NONE","seed_source_timestamp":653228078464458,"circlet_count":0,"master_deck":["AscendersBane","Defend_G","Defend_G","Defend_G","Defend_G","Defend_G","Strike_G","Strike_G","Strike_G","Strike_G","Strike_G","Survivor","Neutralize","Backflip","PiercingWail","Skewer+1","Poisoned Stab","Predator","Dagger Spray","Footwork","Good Instincts","Cloak And Dagger","Noxious Fumes","After Image","Dagger Spray"],"relics":["Ring of the Snake","NeowsBlessing","Potion Belt","Darkstone Periapt","Thread and Needle","White Beast Statue"],"potions_floor_usage":[7,7,14,19],"damage_taken":[{"damage":0,"enemies":"Cultist","floor":1,"turns":1},{"damage":0,"enemies":"Jaw Worm","floor":2,"turns":1},{"damage":0,"enemies":"2 Louse","floor":3,"turns":1},{"damage":8,"enemies":"Blue Slaver","floor":5,"turns":5},{"damage":13,"enemies":"3 Sentries","floor":7,"turns":8},{"damage":5,"enemies":"Exordium Wildlife","floor":10,"turns":7},{"damage":14,"enemies":"Red Slaver","floor":12,"turns":4},{"damage":1,"enemies":"Blue Slaver","floor":13,"turns":5},{"damage":26,"enemies":"Lagavulin","floor":14,"turns":8},{"damage":21,"enemies":"The Guardian","floor":16,"turns":13},{"damage":13,"enemies":"Spheric Guardian","floor":18,"turns":9},{"damage":25,"enemies":"Chosen","floor":19,"turns":6},{"damage":19,"enemies":"Shelled Parasite and Fungi","floor":21,"turns":3}],"seed_played":"-612196182180101889","potions_obtained":[{"floor":2,"key":"Explosive Potion"},{"floor":3,"key":"EssenceOfSteel"},{"floor":12,"key":"Fire Potion"},{"floor":18,"key":"Swift Potion"},{"floor":19,"key":"SteroidPotion"}],"is_trial":false,"path_per_floor":["M","M","M","?","M","R","E","$","T","M","R","M","M","E","R","B",null,"M","M","?","M"],"character_chosen":"THE_SILENT","items_purchased":["Dagger Spray","Footwork","Good Instincts"],"campfire_rested":2,"item_purchase_floors":[8,8,8],"current_hp_per_floor":[59,59,59,53,45,45,32,32,32,27,46,32,31,5,24,3,50,37,12,12,0],"gold":205,"neow_bonus":"THREE_ENEMY_KILL","is_prod":false,"is_daily":false,"chose_seed":false,"campfire_upgraded":1,"win_rate":0,"timestamp":1551867041,"path_taken":["M","M","?","?","M","R","E","$","T","M","R","M","M","E","R","BOSS","M","M","?","M"],"build_version":"2019-01-23","purchased_purges":0,"victory":false,"max_hp_per_floor":[66,66,66,66,66,66,66,66,66,66,66,66,66,66,66,66,66,66,66,66,66],"card_choices":[{"not_picked":["Blade Dance","Heel Hook"],"picked":"Backflip","floor":1},{"not_picked":["Deadly Poison","Slice"],"picked":"PiercingWail","floor":2},{"not_picked":["Deadly Poison","Well Laid Plans"],"picked":"Skewer","floor":3},{"not_picked":["Underhanded Strike","PiercingWail"],"picked":"Poisoned Stab","floor":5},{"not_picked":["Setup","Expertise"],"picked":"Predator","floor":7},{"not_picked":["Deadly Poison","Eviscerate","Flying Knee"],"picked":"SKIP","floor":10},{"not_picked":["Outmaneuver","Doppelganger"],"picked":"Cloak And Dagger","floor":12},{"not_picked":["Calculated Gamble","Escape Plan"],"picked":"Noxious Fumes","floor":13},{"not_picked":["Poisoned Stab","Night Terror","Acrobatics"],"picked":"SKIP","floor":14},{"not_picked":["Venomology","Glass Knife"],"picked":"After Image","floor":16},{"not_picked":["Cloak And Dagger","Finisher"],"picked":"Dagger Spray","floor":18},{"not_picked":["Dagger Spray","Poisoned Stab","Slice"],"picked":"SKIP","floor":19}],"player_experience":635857,"relics_obtained":[{"floor":7,"key":"Potion Belt"},{"floor":9,"key":"Darkstone Periapt"},{"floor":14,"key":"Thread and Needle"}],"event_choices":[{"damage_healed":0,"gold_gain":50,"player_choice":"Touch","damage_taken":6,"max_hp_gain":0,"max_hp_loss":0,"event_name":"FaceTrader","floor":4,"gold_loss":0},{"damage_healed":0,"gold_gain":0,"player_choice":"Ignored","damage_taken":0,"max_hp_gain":0,"max_hp_loss":0,"event_name":"Cursed Tome","floor":20,"gold_loss":0}],"is_beta":false,"boss_relics":[{"not_picked":["Lizard Tail","HoveringKite"],"picked":"White Beast Statue"}],"items_purged_floors":[],"is_endless":false,"potions_floor_spawned":[2,3,12,18,19],"killed_by":"Shelled Parasite and Fungi","ascension_level":20}