{"gold_per_floor":[114,128,203,223,242,270,270,297,297,312,341,341],"floor_reached":12,"playtime":690,"items_purged":[],"score":100,"play_id":"d5aa0934-fcaa-41b6-8aeb-d4610411ebd0","local_time":"20180728020850","is_ascension_mode":false,"campfire_choices":[{"data":"Strike_B","floor":7,"key":"SMITH"}],"neow_cost":"NONE","seed_source_timestamp":1319830308009027,"circlet_count":0,"master_deck":["Strike_B","Strike_B","Strike_B","Strike_B+1","Defend_B","Defend_B","Defend_B","Defend_B","Zap","Dualcast","Tempest","Conserve Battery","Glacier","White Noise","Biased Cognition","Ball Lightning","Hologram","Seek"],"relics":["Cracked Core","Bronze Scales","Bottled Flame","Ginger","Girya","Singing Bowl"],"potions_floor_usage":[5,8,12],"damage_taken":[{"damage":1,"enemies":"Jaw Worm","floor":1,"turns":3},{"damage":1,"enemies":"Cultist","floor":2,"turns":3},{"damage":7,"enemies":"Small Slimes","floor":4,"turns":3},{"damage":5,"enemies":"Gremlin Gang","floor":5,"turns":3},{"damage":16,"enemies":"Gremlin Nob","floor":6,"turns":5},{"damage":12,"enemies":"3 Sentries","floor":8,"turns":6},{"damage":0,"enemies":"Large Slime","floor":10,"turns":3},{"damage":18,"enemies":"Gremlin Nob","floor":11,"turns":3},{"damage":12,"enemies":"Exordium Thugs","floor":12,"turns":3}],"seed_played":"-7942356974374791281","potions_obtained":[{"floor":1,"key":"Strength Potion"},{"floor":2,"key":"Explosive Potion"},{"floor":6,"key":"EssenceOfSteel"}],"is_trial":false,"path_per_floor":["M","M","?","M","M","E","R","E","T","M","E"],"character_chosen":"DEFECT","items_purchased":[],"campfire_rested":0,"item_purchase_floors":[],"current_hp_per_floor":[74,73,66,59,54,38,38,26,26,26,8,0],"gold":341,"neow_bonus":"RANDOM_COMMON_RELIC","is_prod":false,"is_daily":false,"chose_seed":false,"campfire_upgraded":1,"win_rate":0,"timestamp":1532732930,"path_taken":["M","M","?","?","M","E","R","E","T","M","E","?"],"build_version":"2018-07-26","purchased_purges":0,"victory":false,"max_hp_per_floor":[75,75,75,75,75,75,75,75,75,75,75,75],"card_choices":[{"not_picked":["Compile Driver","Go for the Eyes"],"picked":"Tempest","floor":1},{"not_picked":["Go for the Eyes","Barrage"],"picked":"Conserve Battery","floor":2},{"not_picked":["Recycle","Tempest"],"picked":"Glacier","floor":4},{"not_picked":["Chill","Streamline"],"picked":"White Noise","floor":5},{"not_picked":["Force Field","Steam"],"picked":"Biased Cognition","floor":6},{"not_picked":["Rainbow","Gash"],"picked":"Ball Lightning","floor":8},{"not_picked":["Streamline","Turbo"],"picked":"Hologram","floor":10},{"not_picked":["Skim","Multi-Cast"],"picked":"Seek","floor":11}],"player_experience":141782,"relics_obtained":[{"floor":6,"key":"Bottled Flame"},{"floor":8,"key":"Ginger"},{"floor":9,"key":"Girya"},{"floor":11,"key":"Singing Bowl"}],"event_choices":[{"event_name":"FaceTrader","player_choice":"Touch","floor":3,"damage_taken":0}],"is_beta":false,"boss_relics":[],"items_purged_floors":[],"is_endless":false,"potions_floor_spawned":[1,2,6],"killed_by":"Exordium Thugs","ascension_level":0}