{"gold_per_floor":[113,124,124,54,66,66,66,66,66,66,100,200,216,235,235,333,333,349,361,378,45,135,135,10,37,83,97,97,197,211,229,229,329,329,340,386,386,386,399,399,426,426,426,426,442,471,481,39,39,39],"floor_reached":51,"playtime":7027,"items_purged":["Strike_G"],"score":750,"play_id":"0febc443-0488-4bc4-8c33-9bc2ae499935","local_time":"20190302230740","is_ascension_mode":false,"campfire_choices":[{"data":"Neutralize","floor":6,"key":"SMITH"},{"data":"Noxious Fumes","floor":8,"key":"SMITH"},{"data":"Dodge and Roll","floor":15,"key":"SMITH"},{"floor":23,"key":"REST"},{"data":"Well Laid Plans","floor":28,"key":"SMITH"},{"floor":32,"key":"REST"},{"data":"Infinite Blades","floor":40,"key":"SMITH"},{"data":"Cloak And Dagger","floor":42,"key":"SMITH"},{"floor":49,"key":"REST"}],"neow_cost":"NONE","seed_source_timestamp":13389007362410,"circlet_count":0,"master_deck":["Defend_G","Defend_G","Defend_G","Defend_G","Strike_G","Strike_G","Survivor","Neutralize+1","Dagger Spray","Noxious Fumes+1","Backstab","Infinite Blades+1","Wraith Form v2","Slice","Dodge and Roll+1","Dagger Throw","Envenom","Noxious Fumes","Calculated Gamble","Infinite Blades","Cloak And Dagger+1","Caltrops","Cloak And Dagger","Well Laid Plans+1","Outmaneuver","Backflip","Malaise","PiercingWail","Backflip+1","Footwork"],"relics":["Ring of the Snake","Mummified Hand","Ornamental Fan","Sozu","Dead Branch","Mercury Hourglass","PreservedInsect","Calipers","Matryoshka","Busted Crown","Gambling Chip","Blue Candle","Meat on the Bone","Gremlin Horn","Lantern","Toxic Egg 2","Molten Egg 2","Pen Nib","Ancient Tea Set"],"potions_floor_usage":[50],"damage_taken":[{"damage":1,"enemies":"Cultist","floor":1,"turns":4},{"damage":0,"enemies":"Small Slimes","floor":2,"turns":3},{"damage":1,"enemies":"Jaw Worm","floor":5,"turns":4},{"damage":14,"enemies":"3 Sentries","floor":11,"turns":6},{"damage":12,"enemies":"Exordium Thugs","floor":13,"turns":5},{"damage":0,"enemies":"3 Louse","floor":14,"turns":2},{"damage":35,"enemies":"The Guardian","floor":16,"turns":12},{"damage":0,"enemies":"3 Byrds","floor":18,"turns":5},{"damage":8,"enemies":"Spheric Guardian","floor":19,"turns":6},{"damage":13,"enemies":"Snecko","floor":20,"turns":6},{"damage":0,"enemies":"Slavers","floor":25,"turns":5},{"damage":3,"enemies":"Shelled Parasite and Fungi","floor":27,"turns":3},{"damage":1,"enemies":"Colosseum Slavers","floor":29,"turns":3},{"damage":3,"enemies":"Colosseum Nobs","floor":29,"turns":3},{"damage":0,"enemies":"Snake Plant","floor":30,"turns":3},{"damage":5,"enemies":"Sentry and Sphere","floor":31,"turns":5},{"damage":8,"enemies":"Automaton","floor":33,"turns":9},{"damage":9,"enemies":"3 Darklings","floor":35,"turns":4},{"damage":1,"enemies":"2 Orb Walkers","floor":36,"turns":5},{"damage":0,"enemies":"3 Shapes","floor":39,"turns":3},{"damage":3,"enemies":"Giant Head","floor":41,"turns":5},{"damage":0,"enemies":"Spire Growth","floor":45,"turns":4},{"damage":0,"enemies":"Nemesis","floor":46,"turns":3},{"damage":0,"enemies":"Jaw Worm Horde","floor":47,"turns":3},{"damage":8,"enemies":"Time Eater","floor":50,"turns":13}],"seed_played":"1582597771739237367","potions_obtained":[{"floor":1,"key":"Poison Potion"},{"floor":11,"key":"FairyPotion"},{"floor":14,"key":"LiquidBronze"},{"floor":16,"key":"Block Potion"}],"is_trial":false,"path_per_floor":["M","M","?","$","M","R","$","R","T","?","E","?","M","M","R","B",null,"M","M","M","$","?","R","$","E","T","M","R","?","M","M","R","B",null,"M","?","?","?","M","R","E","R","T","T","M","E","M","$","R","B",null],"character_chosen":"THE_SILENT","items_purchased":["Backstab","Dead Branch","Infinite Blades","Cloak And Dagger","Caltrops","Footwork","Pen Nib","Ancient Tea Set"],"campfire_rested":3,"item_purchase_floors":[4,21,21,24,24,48,48,48],"current_hp_per_floor":[69,69,69,69,68,68,68,68,68,68,54,54,42,42,42,7,70,70,62,49,49,35,56,56,56,56,53,53,49,49,44,65,57,70,61,60,60,60,60,60,57,57,57,57,57,57,57,57,70,62],"gold":39,"neow_bonus":"REMOVE_CARD","is_prod":false,"is_daily":false,"chose_seed":false,"campfire_upgraded":6,"win_rate":0,"timestamp":1551560860,"path_taken":["M","M","?","?","M","R","$","R","T","?","E","?","M","M","R","BOSS","M","?","?","$","?","R","$","E","T","?","R","?","M","M","R","BOSS","M","?","?","?","M","R","E","R","T","?","M","E","?","$","R","BOSS"],"build_version":"2019-01-23","purchased_purges":1,"victory":true,"max_hp_per_floor":[70,70,70,70,70,70,70,70,70,70,70,70,70,70,70,70,70,70,70,70,70,70,70,70,70,70,70,70,70,70,70,70,70,70,70,70,70,70,70,70,70,70,70,70,70,70,70,70,70,70],"card_choices":[{"not_picked":["Calculated Gamble","Deadly Poison"],"picked":"Dagger Spray","floor":1},{"not_picked":["Escape Plan","Bouncing Flask"],"picked":"Noxious Fumes","floor":2},{"not_picked":["Eviscerate","Flying Knee"],"picked":"Infinite Blades","floor":5},{"not_picked":["Crippling Poison","Outmaneuver"],"picked":"Slice","floor":11},{"not_picked":["Dagger Throw","Predator"],"picked":"Dodge and Roll","floor":13},{"not_picked":["Masterful Stab","Deflect"],"picked":"Dagger Throw","floor":14},{"not_picked":["Storm of Steel","Bullet Time"],"picked":"Envenom","floor":16},{"not_picked":["Skewer+1","Blur"],"picked":"Noxious Fumes","floor":18},{"not_picked":["Bane","Dodge and Roll"],"picked":"Calculated Gamble","floor":19},{"not_picked":["Deadly Poison+1","Bane","Poisoned Stab+1"],"picked":"SKIP","floor":20},{"not_picked":["Tactician","Catalyst"],"picked":"Cloak And Dagger","floor":25},{"not_picked":["Deflect","Riddle With Holes"],"picked":"Well Laid Plans","floor":27},{"not_picked":["Flying Knee","Eviscerate"],"picked":"Outmaneuver","floor":29},{"not_picked":["Finisher","Calculated Gamble+1","Riddle With Holes"],"picked":"SKIP","floor":30},{"not_picked":["Noxious Fumes","Underhanded Strike"],"picked":"Backflip","floor":31},{"not_picked":["Burst","Envenom"],"picked":"Malaise","floor":33},{"not_picked":["Dagger Spray"],"picked":"SKIP","floor":35},{"not_picked":["Setup+1"],"picked":"SKIP","floor":39},{"not_picked":[],"picked":"PiercingWail","floor":41},{"not_picked":[],"picked":"Backflip+1","floor":45},{"not_picked":["Flying Knee"],"picked":"SKIP","floor":46},{"not_picked":["Dagger Spray+1"],"picked":"SKIP","floor":47}],"player_experience":581958,"relics_obtained":[{"floor":9,"key":"Mummified Hand"},{"floor":11,"key":"Ornamental Fan"},{"floor":25,"key":"Mercury Hourglass"},{"floor":26,"key":"PreservedInsect"},{"floor":29,"key":"Calipers"},{"floor":29,"key":"Matryoshka"},{"floor":36,"key":"Gambling Chip"},{"floor":41,"key":"Blue Candle"},{"floor":43,"key":"Meat on the Bone"},{"floor":43,"key":"Gremlin Horn"},{"floor":44,"key":"Lantern"},{"floor":44,"key":"Toxic Egg 2"},{"floor":46,"key":"Molten Egg 2"}],"event_choices":[{"damage_healed":0,"gold_gain":0,"player_choice":"Bought 0 Potions","damage_taken":0,"max_hp_gain":0,"max_hp_loss":0,"event_name":"The Woman in Blue","floor":3,"gold_loss":0},{"damage_healed":0,"gold_gain":0,"cards_transformed":["Strike_G"],"player_choice":"Change","damage_taken":0,"max_hp_gain":0,"max_hp_loss":0,"event_name":"Living Wall","floor":10,"gold_loss":0,"cards_obtained":["Wraith Form v2"]},{"damage_healed":0,"gold_gain":100,"player_choice":"Pray","damage_taken":0,"max_hp_gain":0,"max_hp_loss":0,"event_name":"Golden Shrine","floor":12,"gold_loss":0},{"damage_healed":0,"gold_gain":90,"player_choice":"GOLD ","damage_taken":14,"max_hp_gain":0,"max_hp_loss":0,"event_name":"Knowing Skull","floor":22,"potions_obtained":[],"gold_loss":0,"cards_obtained":[]},{"damage_healed":0,"gold_gain":90,"player_choice":"GOLD ","damage_taken":14,"max_hp_gain":0,"max_hp_loss":0,"event_name":"Knowing Skull","floor":22,"potions_obtained":[],"gold_loss":0,"cards_obtained":[]},{"damage_healed":0,"gold_gain":0,"player_choice":"Fight","damage_taken":0,"max_hp_gain":0,"max_hp_loss":0,"event_name":"Colosseum","floor":29,"gold_loss":0},{"damage_healed":0,"gold_gain":0,"player_choice":"Fought Nobs","damage_taken":0,"max_hp_gain":0,"max_hp_loss":0,"event_name":"Colosseum","floor":29,"gold_loss":0},{"damage_healed":0,"gold_gain":0,"player_choice":"Fight","damage_taken":0,"max_hp_gain":0,"max_hp_loss":0,"event_name":"Mysterious Sphere","floor":36,"gold_loss":0},{"damage_healed":0,"gold_gain":0,"player_choice":"Ignored","damage_taken":0,"max_hp_gain":0,"max_hp_loss":0,"event_name":"Tomb of Lord Red Mask","floor":37,"gold_loss":0},{"cards_removed":["Defend_G"],"damage_healed":0,"gold_gain":0,"player_choice":"Removed Skill","damage_taken":0,"max_hp_gain":0,"max_hp_loss":0,"event_name":"Falling","floor":38,"gold_loss":0}],"is_beta":false,"boss_relics":[{"not_picked":["Tiny House","Runic Dome"],"picked":"Sozu"},{"not_picked":["White Beast Statue","Pandora\u0027s Box"],"picked":"Busted Crown"}],"items_purged_floors":[48],"is_endless":false,"potions_floor_spawned":[1,11,14,16,19,29,30,31,33,36,41,46],"ascension_level":0}