{"gold_per_floor":[14,32,46,62,72,101,112,144,144,144,164,89,109,142,142,142],"floor_reached":16,"playtime":1726,"items_purged":["Strike_R"],"score":126,"play_id":"54204bf6-2b92-4bf5-acf3-7334552d9325","local_time":"20180925044807","is_ascension_mode":false,"campfire_choices":[{"floor":10,"key":"REST"},{"floor":15,"key":"REST"}],"neow_cost":"NO_GOLD","seed_source_timestamp":67321355099523,"circlet_count":0,"master_deck":["Strike_R","Strike_R","Strike_R","Strike_R","Defend_R","Defend_R","Defend_R","Defend_R","Bash","Pummel","Heavy Blade","Cleave","Flex","Demon Form","Rupture"],"relics":["Burning Blood","Nunchaku","Girya","Dream Catcher","Vajra","Centennial Puzzle"],"potions_floor_usage":[6,6,6,7,8,14],"damage_taken":[{"damage":0,"enemies":"Small Slimes","floor":1,"turns":3},{"damage":0,"enemies":"Cultist","floor":2,"turns":3},{"damage":2,"enemies":"2 Louse","floor":3,"turns":3},{"damage":11,"enemies":"Blue Slaver","floor":4,"turns":5},{"damage":5,"enemies":"Looter","floor":5,"turns":3},{"damage":24,"enemies":"3 Sentries","floor":6,"turns":9},{"damage":2,"enemies":"Large Slime","floor":7,"turns":7},{"damage":69,"enemies":"Lagavulin","floor":8,"turns":10},{"damage":12,"enemies":"Blue Slaver","floor":11,"turns":3},{"damage":9,"enemies":"Exordium Thugs","floor":13,"turns":4},{"damage":18,"enemies":"3 Sentries","floor":14,"turns":5},{"damage":53,"enemies":"Hexaghost","floor":16,"turns":7}],"seed_played":"-7073856572964107733","potions_obtained":[{"floor":1,"key":"SkillPotion"},{"floor":3,"key":"EntropicBrew"},{"floor":4,"key":"Explosive Potion"},{"floor":6,"key":"Block Potion"},{"floor":11,"key":"BloodPotion"}],"is_trial":false,"path_per_floor":["M","M","M","M","M","E","M","E","T","R","M","$","M","E","R"],"character_chosen":"IRONCLAD","items_purchased":[],"campfire_rested":2,"item_purchase_floors":[],"current_hp_per_floor":[80,80,80,75,76,58,62,14,14,38,32,32,29,25,49,0],"gold":142,"neow_bonus":"ONE_RARE_RELIC","is_prod":false,"is_daily":false,"chose_seed":false,"campfire_upgraded":0,"win_rate":0,"timestamp":1537840087,"path_taken":["M","M","M","M","M","E","M","E","T","R","M","$","M","E","R","BOSS"],"build_version":"2018-09-20","purchased_purges":1,"victory":false,"max_hp_per_floor":[80,80,80,80,80,80,80,80,80,80,80,80,80,80,80,80],"card_choices":[{"not_picked":["Reckless Charge","Wild Strike","Searing Blow"],"picked":"SKIP","floor":1},{"not_picked":["Shrug It Off","Pommel Strike"],"picked":"Pummel","floor":2},{"not_picked":["Intimidate","Perfected Strike","Sword Boomerang"],"picked":"SKIP","floor":3},{"not_picked":["Combust","Dark Embrace"],"picked":"Heavy Blade","floor":4},{"not_picked":["Clothesline","Pommel Strike","Perfected Strike"],"picked":"SKIP","floor":5},{"not_picked":["True Grit","Havoc","Uppercut"],"picked":"SKIP","floor":6},{"not_picked":["Corruption","Headbutt"],"picked":"Cleave","floor":7},{"not_picked":["Disarm","Metallicize"],"picked":"Flex","floor":8},{"not_picked":["Feel No Pain","Dropkick"],"picked":"Demon Form","floor":11},{"not_picked":["Clothesline","Iron Wave","Evolve"],"picked":"SKIP","floor":13},{"not_picked":["Armaments","Blood for Blood","Pommel Strike"],"picked":"SKIP","floor":14},{"not_picked":["Anger","Wild Strike"],"picked":"Rupture","floor":15}],"player_experience":80000,"relics_obtained":[{"floor":6,"key":"Girya"},{"floor":8,"key":"Dream Catcher"},{"floor":9,"key":"Vajra"},{"floor":14,"key":"Centennial Puzzle"}],"event_choices":[],"is_beta":false,"boss_relics":[],"items_purged_floors":[12],"is_endless":false,"potions_floor_spawned":[1,3,4,6,11],"killed_by":"Hexaghost","ascension_level":0}