{"path_per_floor":["M","?","M","?","$","?","M","R","T","E","R","M","R","M","R","B",null,"M","$","?","M","M","R","?","E","T","R","M","R","M","M","R","B",null,"M","M","$","?","?","R","?","M","T","R","M","E","?","M","R","B"],"character_chosen":"THE_SILENT","items_purchased":["Adrenaline","Vajra","Underhanded Strike","Dagger Throw"],"gold_per_floor":[213,270,280,230,15,15,26,26,26,58,58,73,73,87,87,192,192,210,41,41,57,72,72,72,100,100,100,120,120,139,150,150,247,247,265,276,129,129,181,181,181,192,192,192,206,241,241,258,258,258],"floor_reached":51,"campfire_rested":1,"playtime":3247,"current_hp_per_floor":[70,70,70,70,70,70,70,70,70,57,57,57,57,57,57,45,70,60,60,60,60,53,53,53,53,53,53,53,53,53,53,53,53,70,68,62,62,62,62,62,62,62,62,62,61,60,55,52,70,35],"items_purged":["Strike_G","Strike_G"],"gold":258,"score":822,"play_id":"1d8b92f0-507b-414d-962c-8f2d365d2b65","local_time":"20180511145211","is_prod":false,"is_daily":false,"chose_seed":false,"is_ascension_mode":false,"campfire_upgraded":10,"timestamp":1526064731,"path_taken":["M","?","M","?","$","?","M","R","T","E","R","M","R","M","R","BOSS","M","$","?","M","M","R","?","E","T","R","M","R","M","?","R","BOSS","M","M","$","?","?","R","?","M","T","R","?","E","?","M","R","BOSS"],"build_version":"2018-05-10","seed_source_timestamp":204753053435633,"purchased_purges":2,"victory":true,"master_deck":["Defend_G","Defend_G","Defend_G","Defend_G","Strike_G","Survivor","Neutralize+1","Underhanded Strike+1","Acrobatics+1","Adrenaline+1","Quick Slash+1","Terror+1","Flying Knee+1","Malaise+1","Phantasmal Killer+1","Escape Plan","Underhanded Strike+1","Sucker Punch","Underhanded Strike","Acrobatics+1","PiercingWail+1","Wraith Form v2+1","After Image","Blade Dance+1","Acrobatics+1","Dagger Throw","Skewer+1","Pain","Finisher","Underhanded Strike","Deep Breath","Expertise+1"],"max_hp_per_floor":[70,70,70,70,70,70,70,70,70,70,70,70,70,70,70,70,70,70,70,70,70,70,70,70,70,70,70,70,70,70,70,70,70,70,70,70,70,70,70,70,70,70,70,70,70,70,70,70,70,70],"relics":["Ring of the Snake","Ornamental Fan","Ice Cream","Cursed Key","Vajra","Dream Catcher","Whetstone","Runic Dome","Sundial","Toolbox","Meat on the Bone"],"card_choices":[{"not_picked":["Riddle With Holes","Bane"],"picked":"Underhanded Strike","floor":1},{"not_picked":["Expertise","Poisoned Stab"],"picked":"Acrobatics","floor":3},{"not_picked":["Acrobatics","Blade Dance"],"picked":"Quick Slash","floor":7},{"not_picked":["PiercingWail","Slice"],"picked":"Terror","floor":10},{"not_picked":["Catalyst","Terror"],"picked":"Flying Knee","floor":12},{"not_picked":["Bane","Masterful Stab"],"picked":"Malaise","floor":14},{"not_picked":["Corpse Explosion","Venomology"],"picked":"Phantasmal Killer","floor":16},{"not_picked":["Dagger Throw","Bouncing Flask"],"picked":"Escape Plan","floor":18},{"not_picked":["Outmaneuver","Bane"],"picked":"Sucker Punch","floor":22},{"not_picked":["Backstab","PiercingWail"],"picked":"Underhanded Strike","floor":25},{"not_picked":["Quick Slash","Reflex"],"picked":"Acrobatics","floor":28},{"not_picked":["Poisoned Stab","Slice"],"picked":"PiercingWail","floor":30},{"not_picked":["Riddle With Holes","Sucker Punch"],"picked":"Wraith Form v2","floor":31},{"not_picked":["Unload","Die Die Die"],"picked":"After Image","floor":33},{"not_picked":["Reflex","Distraction"],"picked":"Blade Dance","floor":35},{"not_picked":["Poisoned Stab","Bane"],"picked":"Acrobatics","floor":36},{"not_picked":["Expertise","Infinite Blades"],"picked":"Skewer","floor":42},{"not_picked":["Skewer","Poisoned Stab"],"picked":"Finisher","floor":45},{"not_picked":["Quick Slash","Bane"],"picked":"Underhanded Strike","floor":46},{"not_picked":["Madness","Jack Of All Trades"],"picked":"Deep Breath","floor":47},{"not_picked":["Slice","Flying Knee"],"picked":"Expertise","floor":48}],"player_experience":91675,"potions_floor_usage":[10,18,28,33,50,50],"damage_taken":[{"damage":0,"enemies":"2 Louse","floor":1,"turns":3},{"damage":0,"enemies":"Small Slimes","floor":3,"turns":4},{"damage":0,"enemies":"Cultist","floor":7,"turns":3},{"damage":13,"enemies":"Lagavulin","floor":10,"turns":8},{"damage":0,"enemies":"Lots of Slimes","floor":12,"turns":4},{"damage":0,"enemies":"Blue Slaver","floor":14,"turns":2},{"damage":12,"enemies":"Slime Boss","floor":16,"turns":8},{"damage":10,"enemies":"Chosen","floor":18,"turns":4},{"damage":0,"enemies":"Shell Parasite","floor":21,"turns":6},{"damage":7,"enemies":"Snecko","floor":22,"turns":5},{"damage":0,"enemies":"Gremlin Leader","floor":25,"turns":8},{"damage":0,"enemies":"Centurion and Healer","floor":28,"turns":3},{"damage":0,"enemies":"3 Cultists","floor":30,"turns":4},{"damage":0,"enemies":"Snecko","floor":31,"turns":4},{"damage":0,"enemies":"Automaton","floor":33,"turns":6},{"damage":2,"enemies":"3 Darklings","floor":35,"turns":6},{"damage":6,"enemies":"3 Shapes","floor":36,"turns":3},{"damage":0,"enemies":"Mysterious Sphere","floor":39,"turns":4},{"damage":0,"enemies":"Flame Bruiser 2 Orb","floor":42,"turns":4},{"damage":1,"enemies":"3 Darklings","floor":45,"turns":3},{"damage":1,"enemies":"Nemesis","floor":46,"turns":3},{"damage":3,"enemies":"4 Shapes","floor":48,"turns":3},{"damage":47,"enemies":"Awakened One","floor":50,"turns":8}],"event_choices":[{"event_name":"Golden Wing","player_choice":"Gained Gold","floor":2,"damage_taken":0},{"event_name":"The Cleric","player_choice":"Card Removal","floor":4,"damage_taken":0},{"event_name":"Living Wall","player_choice":"Forget","floor":6,"damage_taken":0},{"event_name":"The Mausoleum","player_choice":"Yes","floor":20,"damage_taken":0},{"event_name":"Vampires","player_choice":"Ignored","floor":24,"damage_taken":0},{"event_name":"Tomb of Lord Red Mask","player_choice":"Ignored","floor":38,"damage_taken":0},{"event_name":"Mysterious Sphere","player_choice":"Fight","floor":39,"damage_taken":0},{"event_name":"SensoryStone","player_choice":"Memory 2","floor":47,"damage_taken":0}],"boss_relics":[{"not_picked":["Calling Bell","Orrery"],"picked":"Cursed Key"},{"not_picked":["Eternal Feather","Tiny House"],"picked":"Runic Dome"}],"potions_floor_spawned":[1,10,14,16,18,21,25,30,35,39,46,48],"seed_played":"1748951538101412701","ascension_level":0,"is_trial":false}