{"gold_per_floor":[19,19,19,94,111,111,146,146,146,146,169,169,190,203,203,332,332,357,457,478,577,577,72,87,87,114,114,39,64,78,78,78,201,201,219,219,239,252,1251,1251,1251,1251,1251,1295,1295,46,65,79,79,79],"floor_reached":51,"playtime":1806,"items_purged":["Strike_B","Normality"],"score":725,"play_id":"cbdba3e5-9ae8-4f86-9ea6-73000df1a859","local_time":"20190309033028","is_ascension_mode":false,"campfire_choices":[{"data":"Zap","floor":6.0,"key":"SMITH"},{"data":"Defragment","floor":8.0,"key":"SMITH"},{"floor":15.0,"key":"REST"},{"data":"Defragment","floor":25.0,"key":"SMITH"},{"data":"White Noise","floor":27.0,"key":"SMITH"},{"data":"Hologram","floor":32.0,"key":"SMITH"},{"data":"Dualcast","floor":40,"key":"SMITH"},{"data":"Darkness","floor":42,"key":"SMITH"},{"data":"Electrodynamics","floor":49,"key":"SMITH"}],"neow_cost":"NO_GOLD","seed_source_timestamp":22690307468720,"circlet_count":0,"master_deck":["Zap+1","Dualcast+1","Electrodynamics+1","Defragment+1","Conserve Battery","Hologram+1","White Noise+1","Steam Power","Core Surge","Steam Power+1","Coolheaded","Darkness+1","Defragment+1","Ball Lightning","Coolheaded+1","Coolheaded+1","Tempest+1","Reboot+1","Creative AI+1","Electrodynamics+1","Rip and Tear+1","Compile Driver+1","Ball Lightning","Cold Snap","Normality","Conserve Battery+1","Deep Breath+1","Conserve Battery+1","Consume+1","Thinking Ahead+1","Jack Of All Trades+1","Hologram+1","Leap+1"],"special_seed":0,"relics":["Cracked Core","Regal Pillow","Thread and Needle","Golden Idol","Matryoshka","Coffee Dripper","Toxic Egg 2","Shuriken","Blood Vial","Astrolabe","Bag of Preparation","Bronze Scales","Anchor","Runic Capacitor","Happy Flower","Emotion Chip"],"potions_floor_usage":[33,35,50,50,50],"damage_taken":[{"damage":1.0,"enemies":"Jaw Worm","floor":1.0,"turns":4.0},{"damage":0.0,"enemies":"Small Slimes","floor":5.0,"turns":3.0},{"damage":33.0,"enemies":"Gremlin Nob","floor":7.0,"turns":4.0},{"damage":0.0,"enemies":"Cultist","floor":11.0,"turns":3.0},{"damage":0.0,"enemies":"Large Slime","floor":13.0,"turns":3.0},{"damage":0.0,"enemies":"Exordium Wildlife","floor":14.0,"turns":3.0},{"damage":1.0,"enemies":"The Guardian","floor":16.0,"turns":10.0},{"damage":0.0,"enemies":"Shell Parasite","floor":18.0,"turns":6.0},{"damage":10.0,"enemies":"2 Thieves","floor":20.0,"turns":3.0},{"damage":0.0,"enemies":"Chosen and Byrds","floor":24.0,"turns":5.0},{"damage":9.0,"enemies":"Cultist and Chosen","floor":29.0,"turns":5.0},{"damage":2.0,"enemies":"Centurion and Healer","floor":30.0,"turns":3.0},{"damage":12.0,"enemies":"Colosseum Slavers","floor":31.0,"turns":2.0},{"damage":42,"enemies":"Champ","floor":33,"turns":12},{"damage":0,"enemies":"Orb Walker","floor":35,"turns":3},{"damage":9,"enemies":"3 Shapes","floor":37,"turns":2},{"damage":0,"enemies":"Maw","floor":38,"turns":7},{"damage":15,"enemies":"Nemesis","floor":44,"turns":7},{"damage":0,"enemies":"4 Shapes","floor":47,"turns":2},{"damage":0,"enemies":"Jaw Worm Horde","floor":48,"turns":2},{"damage":43,"enemies":"Awakened One","floor":50,"turns":9}],"seed_played":"6027053576350328381","potions_obtained":[{"floor":1.0,"key":"Explosive Potion"},{"floor":13.0,"key":"FearPotion"},{"floor":16.0,"key":"EssenceOfSteel"},{"floor":30.0,"key":"GamblersBrew"},{"floor":33,"key":"EssenceOfSteel"},{"floor":37,"key":"Regen Potion"}],"is_trial":false,"path_per_floor":["M","?","?","?","M","R","E","R","T","?","M","T","M","M","R","B",null,"M","?","M","?","?","$","M","R","T","R","?","M","M","?","R","B",null,"M","?","M","M","?","R","?","R","T","E","?","$","M","M","R","B",null],"character_chosen":"DEFECT","items_purchased":["Toxic Egg 2","Defragment","Ball Lightning","Coolheaded+1","Runic Capacitor","Happy Flower","Conserve Battery+1","Consume+1","LiquidBronze","Thinking Ahead+1","Emotion Chip","PowerPotion","Jack Of All Trades+1"],"campfire_rested":1,"item_purchase_floors":[23,23,23,23,46,46,46,46,46,46,46,46,46],"current_hp_per_floor":[74,67,72,61,61,61,28,28,28,28,28,28,28,28,65,64,74,74,74,64,64,64,64,64,64,64,64,64,57,57,47,47,7,74,74,74,65,67,67,67,67,67,67,54,54,54,56,58,58,32],"gold":79,"neow_bonus":"THREE_RARE_CARDS","is_prod":false,"is_daily":false,"chose_seed":false,"campfire_upgraded":8,"win_rate":0,"timestamp":1552123828,"path_taken":["M","?","?","?","?","R","E","R","T","?","M","?","M","M","R","BOSS","M","?","?","?","?","$","M","R","T","R","?","M","?","?","R","BOSS","M","?","M","?","?","R","?","R","T","E","?","$","M","M","R","BOSS"],"build_version":"2019-01-23","purchased_purges":2,"victory":true,"max_hp_per_floor":[75,75,80,80,80,80,80,80,80,74,74,74,74,74,74,74,74,74,74,74,74,74,74,74,74,74,74,74,74,74,74,74,74,74,74,74,74,74,74,74,74,74,74,74,74,74,74,74,74,74],"card_choices":[{"not_picked":["Rainbow","Meteor Strike"],"picked":"Electrodynamics","floor":0.0},{"not_picked":["Static Discharge","Beam Cell","Gash"],"picked":"SKIP","floor":1.0},{"not_picked":["Ball Lightning","Undo"],"picked":"Defragment","floor":5.0},{"not_picked":["Amplify","Beam Cell"],"picked":"Conserve Battery","floor":7.0},{"not_picked":["Gash","Turbo"],"picked":"Hologram","floor":11.0},{"not_picked":["Hello World","Darkness"],"picked":"White Noise","floor":13.0},{"not_picked":["Turbo","FTL"],"picked":"Steam Power","floor":14.0},{"not_picked":["Electrodynamics","Hyperbeam"],"picked":"Core Surge","floor":16.0},{"not_picked":["Hologram","Sweeping Beam+1"],"picked":"Steam Power+1","floor":18.0},{"not_picked":["Turbo","Leap"],"picked":"Coolheaded","floor":20.0},{"not_picked":["Rebound","Rip and Tear"],"picked":"Coolheaded+1","floor":24.0},{"not_picked":["Storm","Stack+1"],"picked":"Tempest+1","floor":29.0},{"not_picked":["Gash+1","Melter","Beam Cell"],"picked":"SKIP","floor":30.0},{"not_picked":["Creative AI","Hyperbeam"],"picked":"Reboot+1","floor":33},{"not_picked":["Streamline","Gash"],"picked":"Compile Driver+1","floor":35},{"not_picked":["Sweeping Beam+1","Beam Cell"],"picked":"Ball Lightning","floor":37},{"not_picked":["Compile Driver","Reprogram+1"],"picked":"Cold Snap","floor":38},{"not_picked":["Coolheaded+1","Compile Driver+1"],"picked":"Conserve Battery+1","floor":44},{"not_picked":["Apotheosis+1","Jack Of All Trades+1"],"picked":"Deep Breath+1","floor":45},{"not_picked":["Sweeping Beam","Steam+1"],"picked":"Hologram+1","floor":47},{"not_picked":["Loop+1","Beam Cell+1"],"picked":"Leap+1","floor":48}],"player_experience":1001698,"relics_obtained":[{"floor":7.0,"key":"Regal Pillow"},{"floor":9.0,"key":"Thread and Needle"},{"floor":12.0,"key":"Matryoshka"},{"floor":26.0,"key":"Shuriken"},{"floor":26.0,"key":"Blood Vial"},{"floor":43,"key":"Bag of Preparation"},{"floor":43,"key":"Bronze Scales"},{"floor":44,"key":"Anchor"}],"event_choices":[{"cards_removed":["Strike_B"],"damage_healed":0.0,"max_hp_gain":0.0,"max_hp_loss":0.0,"gold_gain":0.0,"event_name":"Golden Wing","player_choice":"Card Removal","floor":2.0,"gold_loss":0.0,"damage_taken":7.0},{"damage_healed":0.0,"max_hp_gain":5.0,"max_hp_loss":0.0,"gold_gain":0.0,"event_name":"Big Fish","player_choice":"Donut","floor":3.0,"gold_loss":0.0,"damage_taken":0.0},{"damage_healed":0.0,"max_hp_gain":0.0,"max_hp_loss":0.0,"gold_gain":75.0,"event_name":"World of Goop","player_choice":"Gather Gold","floor":4.0,"gold_loss":0.0,"damage_taken":11.0},{"damage_healed":0.0,"max_hp_gain":0.0,"max_hp_loss":6.0,"gold_gain":0.0,"event_name":"Golden Idol","player_choice":"Lose Max HP","floor":10.0,"gold_loss":0.0,"damage_taken":0.0,"relics_obtained":["Golden Idol"]},{"damage_healed":0.0,"max_hp_gain":0.0,"max_hp_loss":0.0,"gold_gain":100.0,"event_name":"Golden Shrine","player_choice":"Pray","floor":19.0,"gold_loss":0.0,"damage_taken":0.0},{"damage_healed":0.0,"max_hp_gain":0.0,"max_hp_loss":0.0,"gold_gain":99.0,"event_name":"Nest","player_choice":"Stole From Cult","floor":21.0,"gold_loss":0.0,"damage_taken":0.0},{"damage_healed":0.0,"max_hp_gain":0.0,"max_hp_loss":0.0,"gold_gain":0.0,"cards_transformed":["Strike_B","Strike_B"],"event_name":"Drug Dealer","player_choice":"Became Test Subject","floor":22.0,"gold_loss":0.0,"damage_taken":0.0,"cards_obtained":["Coolheaded","Darkness"]},{"cards_removed":["Defend_B"],"damage_healed":0.0,"max_hp_gain":0.0,"max_hp_loss":0.0,"gold_gain":0.0,"event_name":"Beggar","player_choice":"Gave Gold","floor":28.0,"gold_loss":75.0,"damage_taken":0.0},{"damage_healed":0.0,"max_hp_gain":0.0,"max_hp_loss":0.0,"gold_gain":0.0,"event_name":"Colosseum","player_choice":"Fight","floor":31.0,"gold_loss":0.0,"damage_taken":0.0},{"damage_healed":0.0,"max_hp_gain":0.0,"max_hp_loss":0.0,"gold_gain":0.0,"event_name":"Colosseum","player_choice":"Fled From Nobs","floor":31.0,"gold_loss":0.0,"damage_taken":0.0},{"cards_removed":["Coolheaded"],"damage_healed":0,"gold_gain":0,"player_choice":"Card Removal","damage_taken":0,"max_hp_gain":0,"max_hp_loss":0,"event_name":"Wheel of Change","floor":36,"gold_loss":0},{"damage_healed":0,"gold_gain":999,"player_choice":"Gold","damage_taken":0,"max_hp_gain":0,"max_hp_loss":0,"event_name":"MindBloom","floor":39,"gold_loss":0,"cards_obtained":["Normality","Normality"]},{"damage_healed":0,"gold_gain":0,"player_choice":"Ignored","damage_taken":0,"max_hp_gain":0,"max_hp_loss":0,"event_name":"Mysterious Sphere","floor":41,"gold_loss":0},{"damage_healed":0,"gold_gain":0,"player_choice":"Memory 1","damage_taken":0,"max_hp_gain":0,"max_hp_loss":0,"event_name":"SensoryStone","floor":45,"gold_loss":0}],"is_beta":false,"boss_relics":[{"not_picked":["Empty Cage","Runic Dome"],"picked":"Coffee Dripper"},{"not_picked":["Eternal Feather","Pandora\u0027s Box"],"picked":"Astrolabe"}],"items_purged_floors":[23,46],"is_endless":false,"potions_floor_spawned":[1,13,16,30,31,33,37,48],"ascension_level":0}