{"path_per_floor":["M","?","?","?","?","R","E","R","T","R","E","$","?","M","R","B",null,"M","$","M","?","?","R","M","M","T","R","M","?","R","$","R","B",null,"M","M","?","M","T","R","?","$","T","M","E","M"],"character_chosen":"IRONCLAD","items_purchased":["Bandage Up","Madness","Shrug It Off","Madness"],"gold_per_floor":[112,82,32,32,132,132,161,161,161,161,191,21,21,34,34,134,134,150,50,40,40,40,40,59,70,124,124,143,143,143,24,24,129,129,140,153,153,166,166,166,166,73,96,109,141,157],"floor_reached":47,"campfire_rested":2,"playtime":5356,"current_hp_per_floor":[53,53,53,53,53,53,36,36,50,83,56,56,56,68,68,14,88,63,63,45,45,45,45,14,11,11,55,65,65,65,65,65,10,103,90,96,96,82,82,82,82,82,82,65,39,56],"items_purged":["Regret","Strike_R"],"gold":157,"play_id":"89ceb65d-c8cc-402b-aa68-92ca269b738e","is_prod":false,"is_daily":false,"campfire_rituals":0,"campfire_upgraded":7,"is_hardmode":false,"path_taken":["M","?","?","?","?","R","E","R","T","R","E","$","?","M","R","BOSS","M","?","M","?","?","R","M","?","T","R","M","?","R","$","R","BOSS","M","M","?","M","?","R","?","$","T","M","E","?","E"],"build_version":"2018-01-11-PROD2","purchased_purges":3,"victory":false,"master_deck":["Strike_R","Defend_R","Defend_R","Defend_R","Defend_R","Bash","Uppercut","Thunderclap","Bandage Up","Immolate","Feed","True Grit","Headbutt","Battle Trance","Writhe","Disarm","Headbutt","Pommel Strike","Madness","Shrug It Off","Reaper","Warcry","Heavy Blade","Dropkick","Madness","Flex","Anger","Dropkick"],"max_hp_per_floor":[96,96,96,96,96,96,96,96,110,110,110,110,110,110,110,110,88,91,91,91,91,91,91,94,97,97,97,100,100,100,100,100,103,103,106,106,106,106,106,106,106,106,106,106,106,106],"relics":["Burning Blood","Blue Candle","Mango","Blood Vial","Runic Cube","Regal Pillow","Bronze Scales","Sozu","Du-Vu Doll","Ancient Tea Set","Pantograph"],"campfire_meditates":0,"card_choices":[{"not_picked":["Clash","Perfected Strike"],"picked":"Uppercut"},{"not_picked":["Havoc","Uppercut"],"picked":"Thunderclap"},{"not_picked":["Iron Wave","Clothesline"],"picked":"Immolate"},{"not_picked":["Reaper","Impervious"],"picked":"Feed"},{"not_picked":["Sword Boomerang","Dual Wield"],"picked":"True Grit"},{"not_picked":["Corruption","Power Through"],"picked":"Headbutt"},{"not_picked":["Iron Wave","Corruption"],"picked":"Disarm"},{"not_picked":["Infernal Blade","Twin Strike"],"picked":"Headbutt"},{"not_picked":["Havoc","Feel No Pain"],"picked":"Pommel Strike"},{"not_picked":["Bludgeon","Impervious"],"picked":"Reaper"},{"not_picked":["Rupture","Infernal Blade"],"picked":"Warcry"},{"not_picked":["Headbutt","Clash"],"picked":"Heavy Blade"},{"not_picked":["Infernal Blade","Bloodletting"],"picked":"Dropkick"},{"not_picked":["Clothesline","Reckless Charge"],"picked":"Flex"},{"not_picked":["Armaments","Feel No Pain"],"picked":"Anger"},{"not_picked":["Combust","Sword Boomerang"],"picked":"Dropkick"}],"player_experience":95715,"potions_floor_usage":[33,33,33],"damage_taken":[{"damage":1.0,"enemies":"Jaw Worm","floor":1.0,"turns":6.0},{"damage":23.0,"enemies":"Lagavulin","floor":7.0,"turns":7.0},{"damage":33.0,"enemies":"3 Sentries","floor":11.0,"turns":6.0},{"damage":0.0,"enemies":"Cultist","floor":14.0,"turns":3.0},{"damage":66.0,"enemies":"Hexaghost","floor":16.0,"turns":12.0},{"damage":38,"enemies":"3 Byrds","floor":18,"turns":8},{"damage":30,"enemies":"2 Thieves","floor":20,"turns":4},{"damage":46,"enemies":"Centurion and Healer","floor":24,"turns":9},{"damage":18,"enemies":"Snake Plant","floor":25,"turns":5},{"damage":5,"enemies":"Snecko","floor":28,"turns":5},{"damage":70,"enemies":"Automaton","floor":33,"turns":10},{"damage":22,"enemies":"Orb Walker","floor":35,"turns":4},{"damage":22,"enemies":"3 Darklings","floor":36,"turns":4},{"damage":32,"enemies":"Maw","floor":38,"turns":9},{"damage":36,"enemies":"Sphere and 2 Shapes","floor":44,"turns":5},{"damage":44,"enemies":"Giant Head","floor":45,"turns":8},{"damage":6,"enemies":"3 Darklings","floor":46,"turns":3},{"damage":65,"enemies":"Nemesis","floor":47,"turns":6}],"event_choices":[{"event_name":"The Woman in Blue","player_choice":"Bought 2 Potions","floor":2.0,"damage_taken":0.0},{"event_name":"The Cleric","player_choice":"Card Removal","floor":3.0,"damage_taken":0.0},{"event_name":"Big Fish","player_choice":"Box","floor":4.0,"damage_taken":0.0},{"event_name":"Wheel of Change","player_choice":"Gold","floor":5.0,"damage_taken":0.0},{"event_name":"The Lab","player_choice":"Got Potions","floor":13.0,"damage_taken":0.0},{"event_name":"The Library","player_choice":"Read","floor":21,"damage_taken":0},{"event_name":"The Mausoleum","player_choice":"Yes","floor":22,"damage_taken":0},{"event_name":"Purifier","player_choice":"One Purge","floor":29,"damage_taken":0},{"event_name":"Mysterious Sphere","player_choice":"Ignore","floor":37,"damage_taken":0}],"boss_relics":[{"not_picked":["White Beast Statue","Lizard Tail"],"picked":"Runic Cube"},{"not_picked":["Snecko Eye","Calling Bell"],"picked":"Sozu"}],"potions_floor_spawned":[1,14,16,24,25,28,35,46],"seed_played":"-3021651479274381785","killed_by":"Nemesis","is_trial":false}