{"gold_per_floor":[218,218,228,228,246,246,281,300,300,330,330,88,88,103,103,201,201,212,230,230,244,73,73,73,73,73,73,73,73,104,4,4,4],"floor_reached":33,"playtime":1427,"items_purged":["Sunder","Strike_B"],"score":406,"play_id":"7fed021c-e1bd-47e6-9d73-95ea830a7a6f","local_time":"20190308084343","is_ascension_mode":true,"campfire_choices":[{"data":"Defragment","floor":6,"key":"SMITH"},{"floor":13,"key":"REST"},{"data":"Electrodynamics","floor":15,"key":"SMITH"},{"data":"Buffer","floor":23,"key":"SMITH"},{"data":"Coolheaded","floor":25,"key":"SMITH"},{"data":"Hologram","floor":27,"key":"SMITH"},{"floor":29,"key":"REST"},{"floor":32,"key":"REST"}],"neow_cost":"NONE","seed_source_timestamp":62058896775779,"circlet_count":0,"master_deck":["Strike_B","Strike_B","Strike_B","Defend_B","Defend_B","Defend_B","Defend_B","Zap","Dualcast","Skim","Defragment+1","Electrodynamics+1","Redo","Conserve Battery","Hologram+1","Auto Shields","Buffer+1","Coolheaded+1","Ball Lightning"],"relics":["Cracked Core","NlothsMask","Unceasing Top","Nunchaku","Omamori","Busted Crown","Art of War","Shuriken","Matryoshka"],"potions_floor_usage":[7,10,11,14,19,21,24,30,33],"damage_taken":[{"damage":7,"enemies":"Jaw Worm","floor":1,"turns":4},{"damage":1,"enemies":"Cultist","floor":3,"turns":3},{"damage":4,"enemies":"Small Slimes","floor":5,"turns":4},{"damage":35,"enemies":"Gremlin Nob","floor":7,"turns":4},{"damage":0,"enemies":"3 Louse","floor":8,"turns":1},{"damage":15,"enemies":"3 Sentries","floor":10,"turns":3},{"damage":0,"enemies":"Red Slaver","floor":11,"turns":1},{"damage":5,"enemies":"Gremlin Gang","floor":14,"turns":4},{"damage":0,"enemies":"Slime Boss","floor":16,"turns":5},{"damage":16,"enemies":"Spheric Guardian","floor":18,"turns":4},{"damage":11,"enemies":"Shell Parasite","floor":19,"turns":4},{"damage":16,"enemies":"Snake Plant","floor":21,"turns":3},{"damage":0,"enemies":"3 Cultists","floor":24,"turns":1},{"damage":6,"enemies":"Gremlin Leader","floor":30,"turns":5},{"damage":100,"enemies":"Champ","floor":33,"turns":11}],"seed_played":"-7647658246586929896","potions_obtained":[{"floor":1,"key":"SkillPotion"},{"floor":5,"key":"SmokeBomb"},{"floor":8,"key":"FocusPotion"},{"floor":18,"key":"Fire Potion"},{"floor":19,"key":"Explosive Potion"},{"floor":20,"key":"Regen Potion"},{"floor":20,"key":"FearPotion"},{"floor":21,"key":"SpeedPotion"}],"is_trial":false,"path_per_floor":["M","?","M","?","M","R","E","M","T","E","M","$","R","M","R","B",null,"M","M","?","M","$","R","M","R","T","R","?","R","E","$","R","B"],"character_chosen":"DEFECT","items_purchased":["Hologram","Omamori","Energy Potion","SmokeBomb"],"campfire_rested":3,"item_purchase_floors":[12,12,12,22],"current_hp_per_floor":[68,68,67,67,63,63,28,28,28,13,13,13,35,30,30,30,64,48,37,37,30,30,30,30,30,30,30,30,52,46,46,68,0],"gold":4,"neow_bonus":"HUNDRED_GOLD","is_prod":false,"is_daily":false,"chose_seed":false,"campfire_upgraded":5,"win_rate":0,"timestamp":1552056223,"path_taken":["M","?","M","?","M","R","E","?","T","E","M","$","R","M","R","BOSS","M","M","?","?","$","R","?","R","T","R","?","R","E","$","R","BOSS"],"build_version":"2019-01-23","purchased_purges":2,"victory":false,"max_hp_per_floor":[75,75,75,75,75,75,75,75,75,75,75,75,75,75,75,75,75,75,75,75,75,75,75,75,75,75,75,75,75,75,75,75,75],"card_choices":[{"not_picked":["Stack","Force Field"],"picked":"Skim","floor":1},{"not_picked":["Glacier","BootSequence"],"picked":"Defragment","floor":3},{"not_picked":["Heatsinks","Blizzard"],"picked":"Sunder","floor":5},{"not_picked":["Hologram","Recycle"],"picked":"Electrodynamics","floor":7},{"not_picked":["Chaos","Turbo"],"picked":"Redo","floor":8},{"not_picked":["Barrage","Gash"],"picked":"Conserve Battery","floor":10},{"not_picked":["Sweeping Beam","Gash"],"picked":"Auto Shields","floor":14},{"not_picked":["Amplify","Reboot"],"picked":"Buffer","floor":16},{"not_picked":[],"picked":"Coolheaded","floor":18},{"not_picked":["Darkness"],"picked":"SKIP","floor":19},{"not_picked":[],"picked":"Ball Lightning","floor":21},{"not_picked":["Scrape+1"],"picked":"SKIP","floor":30}],"player_experience":289054,"relics_obtained":[{"floor":7,"key":"Unceasing Top"},{"floor":10,"key":"Nunchaku"},{"floor":26,"key":"Art of War"},{"floor":30,"key":"Matryoshka"}],"event_choices":[{"damage_healed":0,"gold_gain":0,"player_choice":"Ignored","damage_taken":0,"max_hp_gain":0,"max_hp_loss":0,"event_name":"Liars Game","floor":2,"gold_loss":0},{"damage_healed":0,"gold_gain":0,"player_choice":"Trade","damage_taken":0,"relics_obtained":["NlothsMask"],"max_hp_gain":0,"max_hp_loss":0,"event_name":"FaceTrader","floor":4,"gold_loss":0},{"damage_healed":0,"gold_gain":0,"player_choice":"Got Potions","damage_taken":0,"max_hp_gain":0,"max_hp_loss":0,"event_name":"Lab","floor":20,"gold_loss":0},{"damage_healed":0,"gold_gain":0,"player_choice":"Stole Relic","damage_taken":0,"relics_obtained":["Shuriken"],"max_hp_gain":0,"max_hp_loss":0,"event_name":"Addict","floor":28,"gold_loss":0,"cards_obtained":["Shame"]}],"is_beta":false,"boss_relics":[{"not_picked":["Runic Dome","Fusion Hammer"],"picked":"Busted Crown"}],"items_purged_floors":[22,31],"is_endless":false,"potions_floor_spawned":[1,5,8,11,18,19,21],"killed_by":"Champ","ascension_level":5}