{"path_per_floor":["M","M","M","M","M","E","?","R","T","M","R","$","M","E","R","B",null,"M","?","?","M","M","R","E","M","T","R","M","R","M","?","R","B",null,"M","$","?","$","M","R","M","M","T","?","M","M","R","M","R","B"],"character_chosen":"IRONCLAD","items_purchased":["Reaper","True Grit","Anchor"],"gold_per_floor":[111,126,142,161,177,207,207,207,258,273,273,15,29,57,57,154,154,167,167,167,179,198,198,231,248,274,274,287,287,303,303,303,400,400,420,177,177,52,63,63,75,95,122,122,139,152,152,162,162,162],"floor_reached":51,"campfire_rested":0,"playtime":3219,"current_hp_per_floor":[69,67,72,78,73,64,64,64,64,67,67,67,79,77,77,63,76,72,56,80,80,80,80,69,69,69,69,67,67,80,80,80,50,73,77,77,77,77,80,80,70,64,64,64,70,61,61,67,67,41],"items_purged":["Defend_R","Defend_R","Defend_R"],"gold":162,"score":914,"play_id":"cf3e5c90-83aa-4b9f-9900-3bb6d00f29c9","local_time":"20180504162902","is_prod":false,"is_daily":false,"chose_seed":false,"is_ascension_mode":true,"campfire_upgraded":10,"timestamp":1525465742,"path_taken":["M","M","M","M","M","E","?","R","T","M","R","$","M","E","R","BOSS","M","?","?","M","M","R","E","M","T","R","M","R","M","?","R","BOSS","M","$","?","?","M","R","M","M","T","?","M","M","R","?","R","BOSS"],"build_version":"2018-05-03","seed_source_timestamp":235349193869266,"purchased_purges":3,"victory":true,"master_deck":["Strike_R","Strike_R","Strike_R","Strike_R","Strike_R","Defend_R","Bash+1","Shrug It Off+1","Perfected Strike+1","Shockwave","Flame Barrier+1","Fiend Fire+1","Reaper","True Grit+1","Whirlwind+1","Double Tap+1","Necronomicurse","Flame Barrier+1","Uppercut+1","True Grit+1","Twin Strike+1","Berserk","Armaments+1","Shrug It Off","Pommel Strike","Bludgeon+1","Pommel Strike","Shrug It Off","Body Slam+1","Feel No Pain+1","Flame Barrier+1","Metallicize+1","Corruption+1"],"max_hp_per_floor":[80,80,80,80,80,80,80,80,80,80,80,80,80,80,80,80,80,80,80,80,80,80,80,80,80,80,80,80,80,80,80,80,80,80,80,80,80,80,80,80,80,80,80,80,80,80,80,80,80,80],"relics":["Burning Blood","Pen Nib","Bag of Marbles","Self Forming Clay","Velvet Choker","Necronomicon","Prayer Wheel","Bronze Scales","Orrery","Anchor","Ancient Tea Set"],"card_choices":[{"not_picked":["Pommel Strike","Rage"],"picked":"Shrug It Off","floor":1},{"not_picked":["Flex","Headbutt"],"picked":"Perfected Strike","floor":2},{"not_picked":["Rupture","Clothesline"],"picked":"Shockwave","floor":3},{"not_picked":["Rupture","Shrug It Off"],"picked":"Evolve","floor":4},{"not_picked":["Sentinel","Sword Boomerang"],"picked":"Flame Barrier","floor":5},{"not_picked":["Sentinel","Clothesline"],"picked":"Metallicize","floor":6},{"not_picked":["Anger","Rupture"],"picked":"Fiend Fire","floor":10},{"not_picked":["Corruption","Rage"],"picked":"Whirlwind","floor":14},{"not_picked":["Barricade","Impervious"],"picked":"Double Tap","floor":16},{"not_picked":["Power Through","Warcry"],"picked":"Flame Barrier","floor":21},{"not_picked":["Wild Strike","Barricade"],"picked":"Uppercut","floor":26},{"not_picked":["Iron Wave","Corruption"],"picked":"True Grit","floor":28},{"not_picked":["Flame Barrier","Clash"],"picked":"Twin Strike","floor":30},{"not_picked":["Barricade","Double Tap"],"picked":"Berserk","floor":33},{"not_picked":["Cleave","Twin Strike"],"picked":"Armaments","floor":34},{"not_picked":["Rage","Twin Strike"],"picked":"Shrug It Off","floor":34},{"not_picked":["Body Slam","Heavy Blade"],"picked":"Pommel Strike","floor":34},{"not_picked":["Thunderclap","Rupture"],"picked":"Bludgeon","floor":34},{"not_picked":["Thunderclap","Sever Soul"],"picked":"Pommel Strike","floor":35},{"not_picked":["Uppercut","Body Slam"],"picked":"Shrug It Off","floor":39},{"not_picked":["Iron Wave","Burning Pact"],"picked":"Body Slam","floor":41},{"not_picked":["Heavy Blade","Havoc"],"picked":"Feel No Pain","floor":42},{"not_picked":["Whirlwind","Thunderclap"],"picked":"Flame Barrier","floor":43},{"not_picked":["Anger","True Grit"],"picked":"Metallicize","floor":45},{"not_picked":["Ghostly Armor","Flame Barrier"],"picked":"Corruption","floor":46}],"player_experience":459658,"potions_floor_usage":[5,6,6,24,25,33,50,50,50],"damage_taken":[{"damage":9,"enemies":"2 Louse","floor":1,"turns":4},{"damage":8,"enemies":"Small Slimes","floor":2,"turns":3},{"damage":1,"enemies":"Jaw Worm","floor":3,"turns":4},{"damage":0,"enemies":"2 Fungi Beasts","floor":4,"turns":4},{"damage":11,"enemies":"Lots of Slimes","floor":5,"turns":6},{"damage":15,"enemies":"Lagavulin","floor":6,"turns":6},{"damage":3,"enemies":"Looter","floor":10,"turns":3},{"damage":2,"enemies":"Large Slime","floor":13,"turns":6},{"damage":12,"enemies":"3 Sentries","floor":14,"turns":8},{"damage":28,"enemies":"Slime Boss","floor":16,"turns":9},{"damage":10,"enemies":"Shell Parasite","floor":18,"turns":4},{"damage":0,"enemies":"Spheric Guardian","floor":21,"turns":1},{"damage":0,"enemies":"Chosen and Byrds","floor":22,"turns":2},{"damage":17,"enemies":"Slavers","floor":24,"turns":5},{"damage":6,"enemies":"Snake Plant","floor":25,"turns":2},{"damage":8,"enemies":"Sentry and Sphere","floor":28,"turns":3},{"damage":3,"enemies":"Cultist and Chosen","floor":30,"turns":3},{"damage":48,"enemies":"Automaton","floor":33,"turns":7},{"damage":2,"enemies":"Orb Walker","floor":35,"turns":2},{"damage":1,"enemies":"3 Shapes","floor":39,"turns":1},{"damage":16,"enemies":"Sphere and 2 Shapes","floor":41,"turns":4},{"damage":22,"enemies":"4 Shapes","floor":42,"turns":8},{"damage":0,"enemies":"Maw","floor":45,"turns":5},{"damage":31,"enemies":"3 Darklings","floor":46,"turns":10},{"damage":0,"enemies":"Sphere and 2 Shapes","floor":48,"turns":2},{"damage":42,"enemies":"Donu and Deca","floor":50,"turns":8}],"event_choices":[{"event_name":"Liars Game","player_choice":"disagreed","floor":7,"damage_taken":0},{"event_name":"Cursed Tome","player_choice":"Obtained Book","floor":19,"damage_taken":0},{"event_name":"Bonfire Elementals","player_choice":"UNCOMMON","floor":20,"damage_taken":0},{"event_name":"Vampires","player_choice":"Ignored","floor":31,"damage_taken":0},{"event_name":"Mysterious Sphere","player_choice":"Ignore","floor":44,"damage_taken":0}],"boss_relics":[{"not_picked":["White Beast Statue","Tiny House"],"picked":"Velvet Choker"},{"not_picked":["Mark of Pain","Pandora\u0027s Box"],"picked":"Orrery"}],"potions_floor_spawned":[2,3,4,5,13,16,22,25,28,30,33,39,46,48],"seed_played":"3432949057068170206","ascension_level":8,"is_trial":false}