{"gold_per_floor":[17,28,28,41,60,60,89,89,89,114,114,145,162,87,87,185,185,196,212,224,124,139,168,268,302,348,348,359,378,378,394,394,489,489,506,506,402,402,418,430,461,336,361,377,227,227,52,62,62,62],"floor_reached":51,"playtime":5601,"items_purged":["Strike_R","Strike_R","Strike_R","Strike_R","Strike_R"],"score":739,"play_id":"ba8d5c33-a92b-4a68-b741-c59dc847505b","local_time":"20180925081842","is_ascension_mode":false,"campfire_choices":[{"data":"Heavy Blade","floor":6,"key":"SMITH"},{"data":"Shrug It Off","floor":8,"key":"SMITH"},{"data":"Twin Strike","floor":11,"key":"SMITH"},{"data":"Inflame","floor":15,"key":"SMITH"},{"data":"Flex","floor":27,"key":"SMITH"},{"data":"Heavy Blade","floor":30,"key":"SMITH"},{"data":"Shockwave","floor":32,"key":"SMITH"},{"data":"Power Through","floor":46,"key":"SMITH"},{"data":"Limit Break","floor":49,"key":"SMITH"}],"neow_cost":"NO_GOLD","seed_source_timestamp":76061906215257,"circlet_count":0,"master_deck":["Defend_R","Defend_R","Defend_R","Defend_R+1","Bash","Twin Strike","Power Through+1","Shrug It Off+1","Heavy Blade+1","Headbutt","Twin Strike+1","Flex+1","Inflame+1","Demon Form","Whirlwind+1","Heavy Blade+1","Flame Barrier+1","Warcry+1","Reaper","Seeing Red","Shockwave+1","Headbutt","Enlightenment","Power Through+1","Limit Break+1"],"relics":["Burning Blood","Prayer Wheel","PreservedInsect","Vajra","Mercury Hourglass","Nunchaku","Sozu","Blood Vial","Dream Catcher","Lantern","Lizard Tail","Champion Belt","Gambling Chip","Regal Pillow"],"potions_floor_usage":[13,33,41,50],"damage_taken":[{"damage":2,"enemies":"2 Louse","floor":1,"turns":3},{"damage":11,"enemies":"Jaw Worm","floor":2,"turns":5},{"damage":0,"enemies":"Small Slimes","floor":4,"turns":4},{"damage":0,"enemies":"3 Louse","floor":5,"turns":4},{"damage":14,"enemies":"Gremlin Nob","floor":7,"turns":4},{"damage":1,"enemies":"3 Sentries","floor":10,"turns":6},{"damage":0,"enemies":"Gremlin Nob","floor":12,"turns":3},{"damage":2,"enemies":"Exordium Thugs","floor":13,"turns":3},{"damage":9,"enemies":"Slime Boss","floor":16,"turns":5},{"damage":15,"enemies":"Shell Parasite","floor":18,"turns":4},{"damage":6,"enemies":"2 Thieves","floor":19,"turns":3},{"damage":3,"enemies":"Cultist and Chosen","floor":20,"turns":4},{"damage":7,"enemies":"Snecko","floor":22,"turns":3},{"damage":13,"enemies":"Gremlin Leader","floor":23,"turns":3},{"damage":10,"enemies":"Book of Stabbing","floor":25,"turns":4},{"damage":0,"enemies":"3 Cultists","floor":28,"turns":3},{"damage":1,"enemies":"Snake Plant","floor":29,"turns":2},{"damage":0,"enemies":"Snecko","floor":31,"turns":2},{"damage":55,"enemies":"Collector","floor":33,"turns":7},{"damage":0,"enemies":"Orb Walker","floor":35,"turns":2},{"damage":3,"enemies":"3 Shapes","floor":39,"turns":3},{"damage":9,"enemies":"Maw","floor":40,"turns":7},{"damage":27,"enemies":"2 Orb Walkers","floor":41,"turns":3},{"damage":0,"enemies":"Transient","floor":44,"turns":5},{"damage":0,"enemies":"Spire Growth","floor":48,"turns":4},{"damage":38,"enemies":"Time Eater","floor":50,"turns":7}],"seed_played":"677081986353035833","potions_obtained":[{"floor":4,"key":"Fire Potion"},{"floor":7,"key":"Swift Potion"},{"floor":10,"key":"Block Potion"},{"floor":13,"key":"Swift Potion"}],"is_trial":false,"path_per_floor":["M","M","?","M","M","R","E","R","T","E","R","E","M","$","R","B",null,"M","M","M","$","M","E","?","E","T","R","M","M","R","M","R","B",null,"M","?","?","?","M","M","E","$","T","M","$","R","$","M","R","B"],"character_chosen":"IRONCLAD","items_purchased":[],"campfire_rested":0,"item_purchase_floors":[],"current_hp_per_floor":[80,75,59,65,71,71,63,63,63,68,68,74,78,78,78,75,80,71,71,74,74,73,66,66,64,64,64,72,79,79,80,80,58,80,80,80,80,70,80,77,58,58,58,66,66,66,66,74,74,44],"gold":62,"neow_bonus":"ONE_RARE_RELIC","is_prod":false,"is_daily":false,"chose_seed":false,"campfire_upgraded":9,"win_rate":0,"timestamp":1537852722,"path_taken":["M","M","?","M","M","R","E","R","T","E","R","E","M","$","R","BOSS","M","M","M","$","M","E","?","E","T","R","M","M","R","M","R","BOSS","M","?","?","?","M","M","E","?","T","M","$","R","$","M","R","BOSS"],"build_version":"2018-09-20","purchased_purges":5,"victory":true,"max_hp_per_floor":[80,80,80,80,80,80,80,80,80,80,80,80,80,80,80,80,80,80,80,80,80,80,80,80,80,80,80,80,80,80,80,80,80,80,80,80,80,80,80,80,80,80,80,80,80,80,80,80,80,80],"card_choices":[{"not_picked":["Perfected Strike","Pommel Strike"],"picked":"Twin Strike","floor":1},{"not_picked":["Iron Wave","Carnage"],"picked":"Power Through","floor":1},{"not_picked":["Iron Wave","Anger"],"picked":"Shrug It Off","floor":2},{"not_picked":["Clash","Dual Wield"],"picked":"Heavy Blade","floor":2},{"not_picked":["Blood for Blood","Rampage","Body Slam"],"picked":"SKIP","floor":4},{"not_picked":["Anger","Barricade","True Grit"],"picked":"SKIP","floor":4},{"not_picked":["Pommel Strike","Shrug It Off"],"picked":"Headbutt","floor":5},{"not_picked":["Havoc","Barricade","Body Slam"],"picked":"SKIP","floor":5},{"not_picked":["Disarm","Perfected Strike","Armaments"],"picked":"SKIP","floor":7},{"not_picked":["Hemokinesis","Sentinel"],"picked":"Twin Strike","floor":10},{"not_picked":["Shrug It Off","Rampage"],"picked":"Flex","floor":12},{"not_picked":["Twin Strike","Perfected Strike"],"picked":"Inflame","floor":13},{"not_picked":["Twin Strike","Iron Wave","Clothesline"],"picked":"SKIP","floor":13},{"not_picked":["Impervious","Bludgeon"],"picked":"Demon Form","floor":16},{"not_picked":["Wild Strike","Perfected Strike+1","Uppercut"],"picked":"SKIP","floor":18},{"not_picked":["Perfected Strike","Shrug It Off","Wild Strike"],"picked":"SKIP","floor":18},{"not_picked":["Anger","Headbutt+1"],"picked":"Whirlwind+1","floor":19},{"not_picked":["Rage","Evolve","Headbutt"],"picked":"SKIP","floor":19},{"not_picked":["Sever Soul","Searing Blow+1"],"picked":"Heavy Blade","floor":20},{"not_picked":["Rampage","True Grit"],"picked":"Flame Barrier+1","floor":20},{"not_picked":["Searing Blow","Armaments"],"picked":"Warcry+1","floor":22},{"not_picked":["Feed","Body Slam","Anger+1"],"picked":"SKIP","floor":22},{"not_picked":["Headbutt+1","Iron Wave+1","Perfected Strike+1"],"picked":"SKIP","floor":23},{"not_picked":["Thunderclap","Cleave+1"],"picked":"Reaper","floor":25},{"not_picked":["Flex","Flame Barrier+1"],"picked":"Seeing Red","floor":28},{"not_picked":["Havoc","Evolve","Sword Boomerang+1"],"picked":"SKIP","floor":28},{"not_picked":["Infernal Blade","Second Wind"],"picked":"Shockwave","floor":29},{"not_picked":["Warcry","Twin Strike","Clothesline"],"picked":"SKIP","floor":29},{"not_picked":["Uppercut","Iron Wave","Reckless Charge"],"picked":"SKIP","floor":31},{"not_picked":["Havoc","Sword Boomerang","Flame Barrier"],"picked":"SKIP","floor":31},{"not_picked":["Clothesline+1","Warcry"],"picked":"Headbutt","floor":35},{"not_picked":["Warcry+1","Anger","Shrug It Off"],"picked":"SKIP","floor":35},{"not_picked":["Impatience","Flash of Steel"],"picked":"Enlightenment","floor":38},{"not_picked":["Anger","Headbutt+1","Bloodletting+1"],"picked":"SKIP","floor":39},{"not_picked":["Corruption","Whirlwind","Seeing Red+1"],"picked":"SKIP","floor":39},{"not_picked":["Shockwave","Rage+1","Sword Boomerang+1"],"picked":"SKIP","floor":40},{"not_picked":["Flex+1","Sever Soul","Body Slam+1"],"picked":"SKIP","floor":40},{"not_picked":["Wild Strike+1","Metallicize+1","Disarm+1"],"picked":"SKIP","floor":41},{"not_picked":["Iron Wave+1","Heavy Blade+1"],"picked":"Power Through","floor":44},{"not_picked":["Berserk","Power Through","Iron Wave+1"],"picked":"SKIP","floor":44},{"not_picked":["Thunderclap+1","Clothesline"],"picked":"Limit Break","floor":48},{"not_picked":["Heavy Blade+1","Uppercut+1","Headbutt+1"],"picked":"SKIP","floor":48}],"player_experience":88665,"relics_obtained":[{"floor":7,"key":"PreservedInsect"},{"floor":9,"key":"Vajra"},{"floor":10,"key":"Mercury Hourglass"},{"floor":12,"key":"Nunchaku"},{"floor":23,"key":"Blood Vial"},{"floor":25,"key":"Dream Catcher"},{"floor":26,"key":"Lantern"},{"floor":41,"key":"Gambling Chip"},{"floor":43,"key":"Regal Pillow"}],"event_choices":[{"event_name":"Shining Light","player_choice":"Entered Light","floor":3,"damage_taken":0},{"event_name":"Golden Shrine","player_choice":"Pray","floor":24,"damage_taken":0},{"event_name":"Tomb of Lord Red Mask","player_choice":"Ignored","floor":36,"damage_taken":0},{"event_name":"WeMeetAgain","player_choice":"Gold","floor":37,"damage_taken":0},{"event_name":"SensoryStone","player_choice":"Memory 3","floor":38,"damage_taken":0}],"is_beta":false,"boss_relics":[{"not_picked":["Velvet Choker","Mark of Pain"],"picked":"Sozu"},{"not_picked":["Philosopher\u0027s Stone","Runic Pyramid"],"picked":"Lizard Tail"}],"items_purged_floors":[14,21,42,45,47],"is_endless":false,"potions_floor_spawned":[4,7,10,13,19,25,28,33,40,44],"ascension_level":0}