{"gold_per_floor":[116,134,134,134,134,134,162,179,179,179,35,35,45,45,45,145,145,164,89,109,19,33,33,65,81,81,109,9,20,20,20,20,121,121,138,138,13,235,85,85,99,99,99,99,113,35,49,49,49,49],"floor_reached":51,"playtime":1323,"items_purged":["Strike_R","Defend_R","Defend_R","Strike_R+1"],"score":686,"play_id":"a63adb7f-ecab-4413-827e-3e2cbc0e6141","local_time":"20190309062651","is_ascension_mode":false,"campfire_choices":[{"data":"Bash","floor":6.0,"key":"SMITH"},{"data":"Rampage","floor":10.0,"key":"SMITH"},{"data":"Uppercut","floor":12.0,"key":"SMITH"},{"data":"Cleave","floor":15.0,"key":"SMITH"},{"data":"Battle Trance","floor":23.0,"key":"SMITH"},{"data":"Intimidate","floor":30.0,"key":"SMITH"},{"floor":32.0,"key":"REST"},{"data":"Offering","floor":40.0,"key":"SMITH"},{"data":"Shrug It Off","floor":42.0,"key":"SMITH"},{"floor":44.0,"key":"REST"},{"data":"Demon Form","floor":49,"key":"SMITH"}],"neow_cost":"NONE","seed_source_timestamp":33735494638954,"circlet_count":0,"master_deck":["Defend_R+1","Battle Trance+1","Shrug It Off+1","Cleave+1","Rampage+1","Uppercut+1","Battle Trance+1","Offering+1","Rampage+1","Intimidate+1","Headbutt+1","Dual Wield+1","Uppercut+1","Demon Form+1"],"special_seed":0,"relics":["Burning Blood","Oddly Smooth Stone","Dodecahedron","Letter Opener","Philosopher\u0027s Stone","Pen Nib","Pantograph","Red Mask","Nilry\u0027s Codex","Orrery","Happy Flower"],"potions_floor_usage":[],"damage_taken":[{"damage":0.0,"enemies":"Cultist","floor":1.0,"turns":3.0},{"damage":0.0,"enemies":"2 Louse","floor":2.0,"turns":3.0},{"damage":6.0,"enemies":"Gremlin Nob","floor":7.0,"turns":3.0},{"damage":2.0,"enemies":"Small Slimes","floor":8.0,"turns":3.0},{"damage":0.0,"enemies":"Blue Slaver","floor":13.0,"turns":3.0},{"damage":8.0,"enemies":"The Guardian","floor":16.0,"turns":9.0},{"damage":0.0,"enemies":"Chosen","floor":18.0,"turns":4.0},{"damage":0.0,"enemies":"Shell Parasite","floor":20.0,"turns":3.0},{"damage":6.0,"enemies":"Shelled Parasite and Fungi","floor":22.0,"turns":4.0},{"damage":33.0,"enemies":"Slavers","floor":24.0,"turns":4.0},{"damage":9.0,"enemies":"Snake Plant","floor":25.0,"turns":2.0},{"damage":10.0,"enemies":"Masked Bandits","floor":27.0,"turns":3.0},{"damage":6.0,"enemies":"Chosen and Byrds","floor":29.0,"turns":3.0},{"damage":59.0,"enemies":"Automaton","floor":33.0,"turns":7.0},{"damage":6.0,"enemies":"Orb Walker","floor":35.0,"turns":2.0},{"damage":0.0,"enemies":"3 Darklings","floor":41.0,"turns":2.0},{"damage":16.0,"enemies":"Maw","floor":45.0,"turns":5.0},{"damage":21,"enemies":"4 Shapes","floor":47,"turns":5},{"damage":67,"enemies":"Donu and Deca","floor":50,"turns":6}],"seed_played":"7414483702210240737","potions_obtained":[{"floor":1.0,"key":"Energy Potion"},{"floor":2.0,"key":"AttackPotion"},{"floor":7.0,"key":"SkillPotion"},{"floor":16.0,"key":"EssenceOfSteel"},{"floor":20.0,"key":"Ancient Potion"},{"floor":22.0,"key":"SkillPotion"},{"floor":24.0,"key":"Weak Potion"},{"floor":25.0,"key":"Ancient Potion"},{"floor":35.0,"key":"Energy Potion"}],"is_trial":false,"path_per_floor":["M","M","?","?","?","R","E","M","T","R","$","R","M","?","R","B",null,"M","?","M","?","M","R","E","M","T","?","$","M","R","?","R","B",null,"M","?","$","?","$","R","M","R","T","R","M","$","M","?","R","B",null],"character_chosen":"IRONCLAD","items_purchased":["Uppercut","Demon Form"],"campfire_rested":2,"item_purchase_floors":[11,46],"current_hp_per_floor":[80,80,73,57,62,62,62,66,66,66,66,66,72,72,72,70,85,85,85,85,85,85,85,58,55,55,51,51,51,51,35,60,32,85,85,85,85,85,85,85,85,85,85,85,75,75,60,60,60,20],"gold":49,"neow_bonus":"RANDOM_COMMON_RELIC","is_prod":false,"is_daily":false,"chose_seed":false,"campfire_upgraded":9,"win_rate":0,"timestamp":1552134411,"path_taken":["M","M","?","?","?","R","E","?","T","R","$","R","M","?","R","BOSS","M","?","M","?","M","R","E","?","T","?","?","M","R","?","R","BOSS","M","?","$","?","?","R","M","R","T","R","M","?","?","?","R","BOSS"],"build_version":"2019-01-23","purchased_purges":4,"victory":true,"max_hp_per_floor":[80,80,80,80,85,85,85,85,85,85,85,85,85,85,85,85,85,85,85,85,85,85,85,85,85,85,85,85,85,85,85,85,85,85,85,85,85,85,85,85,85,85,85,85,85,85,85,81,81,81],"card_choices":[{"not_picked":["Burning Pact","Perfected Strike"],"picked":"Battle Trance","floor":1.0},{"not_picked":["Warcry","Perfected Strike"],"picked":"Shrug It Off","floor":2.0},{"not_picked":["Pommel Strike","Clash"],"picked":"Cleave","floor":7.0},{"not_picked":["Rupture","Clash"],"picked":"Rampage","floor":8.0},{"not_picked":["Cleave","Searing Blow"],"picked":"Battle Trance","floor":13.0},{"not_picked":["Bludgeon","Barricade"],"picked":"Offering","floor":16.0},{"not_picked":["Bloodletting","Pommel Strike"],"picked":"Rampage+1","floor":18.0},{"not_picked":["Clash+1","Armaments","Thunderclap"],"picked":"SKIP","floor":20.0},{"not_picked":["Warcry","Heavy Blade+1","Rampage"],"picked":"SKIP","floor":22.0},{"not_picked":["Sword Boomerang","Cleave","Warcry"],"picked":"SKIP","floor":24.0},{"not_picked":["Inflame","Dark Embrace"],"picked":"Intimidate","floor":25.0},{"not_picked":["Feel No Pain","Twin Strike+1"],"picked":"Headbutt+1","floor":27.0},{"not_picked":["Clash+1","Perfected Strike"],"picked":"Dual Wield+1","floor":29.0},{"not_picked":["Battle Trance","Cleave"],"picked":"Uppercut+1","floor":35.0},{"not_picked":["Rampage","Bludgeon","Anger"],"picked":"SKIP","floor":41.0},{"not_picked":["Pommel Strike+1","Iron Wave","Flex"],"picked":"SKIP","floor":45.0},{"not_picked":["Wild Strike","Clothesline","Reckless Charge+1"],"picked":"SKIP","floor":47}],"player_experience":1012047,"relics_obtained":[{"floor":7.0,"key":"Dodecahedron"},{"floor":9.0,"key":"Letter Opener"},{"floor":24.0,"key":"Pen Nib"},{"floor":26.0,"key":"Pantograph"},{"floor":27.0,"key":"Red Mask"},{"floor":31.0,"key":"Nilry\u0027s Codex"},{"floor":43.0,"key":"Happy Flower"}],"event_choices":[{"cards_removed":["Strike_R"],"damage_healed":0.0,"max_hp_gain":0.0,"max_hp_loss":0.0,"gold_gain":0.0,"event_name":"Golden Wing","player_choice":"Card Removal","floor":3.0,"gold_loss":0.0,"damage_taken":7.0},{"damage_healed":0.0,"max_hp_gain":0.0,"max_hp_loss":0.0,"gold_gain":0.0,"event_name":"Shining Light","player_choice":"Entered Light","floor":4.0,"gold_loss":0.0,"damage_taken":16.0,"cards_upgraded":["Strike_R","Battle Trance"]},{"damage_healed":0.0,"max_hp_gain":5.0,"max_hp_loss":0.0,"gold_gain":0.0,"event_name":"Big Fish","player_choice":"Donut","floor":5.0,"gold_loss":0.0,"damage_taken":0.0},{"cards_removed":["Strike_R"],"damage_healed":0.0,"max_hp_gain":0.0,"max_hp_loss":0.0,"gold_gain":0.0,"event_name":"Purifier","player_choice":"Purged","floor":14.0,"gold_loss":0.0,"damage_taken":0.0},{"cards_removed":["Defend_R"],"damage_healed":0.0,"max_hp_gain":0.0,"max_hp_loss":0.0,"gold_gain":0.0,"event_name":"Beggar","player_choice":"Gave Gold","floor":19.0,"gold_loss":75.0,"damage_taken":0.0},{"cards_removed":["Strike_R"],"damage_healed":0.0,"max_hp_gain":0.0,"max_hp_loss":0.0,"gold_gain":0.0,"event_name":"Designer","player_choice":"Upgrade and Remove","floor":21.0,"gold_loss":90.0,"damage_taken":0.0,"cards_upgraded":["Defend_R"]},{"damage_healed":0.0,"max_hp_gain":0.0,"max_hp_loss":0.0,"gold_gain":0.0,"event_name":"Masked Bandits","player_choice":"Fought Bandits","floor":27.0,"gold_loss":0.0,"damage_taken":0.0},{"damage_healed":0.0,"max_hp_gain":0.0,"max_hp_loss":0.0,"gold_gain":0.0,"event_name":"Cursed Tome","player_choice":"Obtained Book","floor":31.0,"gold_loss":0.0,"damage_taken":16.0},{"cards_removed":["Bash"],"damage_healed":0.0,"max_hp_gain":0.0,"max_hp_loss":0.0,"gold_gain":0.0,"event_name":"Falling","player_choice":"Removed Attack","floor":36.0,"gold_loss":0.0,"damage_taken":0.0},{"damage_healed":0.0,"max_hp_gain":0.0,"max_hp_loss":0.0,"gold_gain":222.0,"event_name":"Tomb of Lord Red Mask","player_choice":"Wore Mask","floor":38.0,"gold_loss":0.0,"damage_taken":0.0},{"damage_healed":0,"gold_gain":0,"player_choice":"Max HP","damage_taken":0,"max_hp_gain":0,"max_hp_loss":4,"event_name":"Winding Halls","floor":48,"gold_loss":0}],"is_beta":false,"boss_relics":[{"not_picked":["Eternal Feather","Runic Dome"],"picked":"Philosopher\u0027s Stone"},{"not_picked":["Calling Bell","Black Star"],"picked":"Orrery"}],"items_purged_floors":[11,28,37,39],"is_endless":false,"potions_floor_spawned":[1,2,7,16,20,22,24,25,35],"ascension_level":0}