{"gold_per_floor":[119,139,139,139,154,181,195,195,218,232,232,232,264,281,281,382,382,382,382,382,35,35,35,35,35,35,35,35,35,35,35,35,35,35,35,35,35,35,35,35,35,35,35,35,35,35,35,35,35,35],"floor_reached":51,"playtime":5034,"items_purged":[],"score":659,"play_id":"98da3fbd-30e0-447d-aa0c-bc8de0dd887b","local_time":"20180712042511","is_ascension_mode":false,"campfire_choices":[{"floor":8.0,"key":"REST"},{"floor":12.0,"key":"REST"},{"data":"Noxious Fumes","floor":15.0,"key":"SMITH"},{"floor":25,"key":"REST"},{"floor":30,"key":"REST"},{"floor":32,"key":"DIG"},{"floor":41,"key":"REST"},{"floor":47,"key":"REST"},{"floor":49,"key":"DIG"}],"neow_cost":"NONE","seed_source_timestamp":0,"circlet_count":0,"master_deck":["Defend_G+1","Defend_G+1","Defend_G+1","Defend_G+1","Defend_G+1","Strike_G+1","Strike_G+1","Strike_G+1","Strike_G+1","Strike_G+1","Survivor+1","Neutralize","Infinite Blades","Infinite Blades","Leg Sweep+1","Noxious Fumes+1","Phantasmal Killer","Outmaneuver+1","Caltrops","Sadistic Nature+1","Dagger Spray+1","Riddle With Holes","Deadly Poison+1","Outmaneuver+1","Burst+1","Blur+1","Blur+1","Slice+1","Malaise+1","Writhe","Dodge and Roll+1","Secret Technique+1"],"special_seed":0,"relics":["Ring of the Snake","Blood Vial","War Paint","Bronze Scales","Ectoplasm","Red Mask","Boot","Shovel","Ornamental Fan","Toxic Egg 2","Busted Crown","Sundial","Ninja Scroll","Dodecahedron","Regal Pillow"],"potions_floor_usage":[19,20,23,23,29,33,36,40,50,50],"damage_taken":[{"damage":1.0,"enemies":"Jaw Worm","floor":1.0,"turns":5.0},{"damage":0.0,"enemies":"Small Slimes","floor":2.0,"turns":4.0},{"damage":0.0,"enemies":"2 Louse","floor":5.0,"turns":3.0},{"damage":36.0,"enemies":"Gremlin Nob","floor":6.0,"turns":6.0},{"damage":4.0,"enemies":"Looter","floor":7.0,"turns":3.0},{"damage":0.0,"enemies":"Large Slime","floor":10.0,"turns":5.0},{"damage":3.0,"enemies":"Lagavulin","floor":13.0,"turns":11.0},{"damage":3.0,"enemies":"Gremlin Gang","floor":14.0,"turns":6.0},{"damage":18.0,"enemies":"The Guardian","floor":16.0,"turns":12.0},{"damage":0,"enemies":"3 Byrds","floor":18,"turns":3},{"damage":17,"enemies":"Spheric Guardian","floor":19,"turns":6},{"damage":22,"floor":20,"turns":5},{"damage":0,"enemies":"Cultist and Chosen","floor":22,"turns":5},{"damage":21,"enemies":"Gremlin Leader","floor":23,"turns":5},{"damage":4,"enemies":"Snecko","floor":27,"turns":6},{"damage":6,"enemies":"Centurion and Healer","floor":28,"turns":4},{"damage":14,"enemies":"Snake Plant","floor":29,"turns":3},{"damage":31,"enemies":"Champ","floor":33,"turns":10},{"damage":6,"enemies":"3 Darklings","floor":35,"turns":4},{"damage":12,"enemies":"3 Shapes","floor":36,"turns":6},{"damage":12,"enemies":"3 Darklings","floor":38,"turns":4},{"damage":0,"floor":39,"turns":6},{"damage":56,"enemies":"Nemesis","floor":40,"turns":7},{"damage":0,"enemies":"4 Shapes","floor":42,"turns":3},{"damage":0,"enemies":"Sphere and 2 Shapes","floor":45,"turns":6},{"damage":11,"enemies":"Awakened One","floor":50,"turns":17}],"seed_played":"782480119791767299","potions_obtained":[{"floor":5.0,"key":"Fire Potion"},{"floor":7.0,"key":"Energy Potion"},{"floor":10.0,"key":"Ancient Potion"},{"floor":16.0,"key":"Poison Potion"},{"floor":19,"key":"Strength Potion"},{"floor":23,"key":"Poison Potion"},{"floor":28,"key":"AttackPotion"},{"floor":29,"key":"Ancient Potion"},{"floor":35,"key":"Weak Potion"},{"floor":36,"key":"Fire Potion"},{"floor":42,"key":"Weak Potion"},{"floor":45,"key":"PowerPotion"}],"is_trial":false,"path_per_floor":["M","M","?","?","M","E","M","R","T","M","?","R","E","M","R","B",null,"M","M","?","$","M","E","?","R","T","M","M","M","R","?","R","B",null,"M","M","?","M","?","E","R","M","T","?","M","?","R","?","R","B"],"character_chosen":"THE_SILENT","items_purchased":["Boot","Sadistic Nature"],"campfire_rested":6,"item_purchase_floors":[21,21],"current_hp_per_floor":[76,76,81,65,65,29,27,51,51,53,53,77,76,75,75,59,82,82,65,45,45,47,28,28,52,52,50,46,34,58,58,58,29,82,76,66,66,56,58,4,28,30,30,51,53,53,77,77,77,68],"gold":35,"neow_bonus":"TEN_PERCENT_HP_BONUS","is_prod":false,"is_daily":false,"chose_seed":false,"campfire_upgraded":1,"win_rate":0,"timestamp":1531358711,"path_taken":["M","M","?","?","M","E","M","R","T","M","?","R","E","M","R","BOSS","M","M","?","$","M","E","?","R","T","M","?","M","R","?","R","BOSS","M","M","?","M","?","E","R","?","T","?","M","?","R","?","R","BOSS"],"build_version":"2018-07-05","purchased_purges":0,"victory":true,"max_hp_per_floor":[77,77,82,82,82,82,82,82,82,82,82,82,82,82,82,82,82,82,82,82,82,82,82,82,82,82,82,82,82,82,82,82,82,82,82,82,82,82,82,82,82,82,82,82,82,82,82,82,82,82],"card_choices":[{"not_picked":["Underhanded Strike","Expertise","Outmaneuver"],"picked":"SKIP","floor":1.0},{"not_picked":["Outmaneuver","Masterful Stab","Dodge and Roll"],"picked":"SKIP","floor":2.0},{"not_picked":["Dagger Spray","Heel Hook"],"picked":"Infinite Blades","floor":5.0},{"not_picked":["Riddle With Holes","Prepared"],"picked":"Infinite Blades","floor":6.0},{"not_picked":["Doppelganger","Eviscerate","Malaise"],"picked":"SKIP","floor":7.0},{"not_picked":["Deadly Poison","Sucker Punch"],"picked":"Leg Sweep","floor":10.0},{"not_picked":["Prepared","Reflex","Dagger Spray"],"picked":"SKIP","floor":13.0},{"not_picked":["Escape Plan","Poisoned Stab"],"picked":"Noxious Fumes","floor":14.0},{"not_picked":["Bullet Time","Wraith Form v2"],"picked":"Phantasmal Killer","floor":16.0},{"not_picked":["Predator","Endless Agony"],"picked":"Outmaneuver+1","floor":18},{"not_picked":["Bane","Dagger Spray","Flying Knee+1"],"picked":"SKIP","floor":19},{"not_picked":["Deflect","Calculated Gamble"],"picked":"Caltrops","floor":20},{"not_picked":["Slice+1","Backflip"],"picked":"Dagger Spray+1","floor":22},{"not_picked":["Bullet Time","Backflip"],"picked":"Riddle With Holes","floor":23},{"not_picked":["Bane","Slice+1","Backflip"],"picked":"SKIP","floor":27},{"not_picked":["Deflect+1","Dagger Throw"],"picked":"Deadly Poison+1","floor":28},{"not_picked":["Backflip","Prepared+1"],"picked":"Outmaneuver+1","floor":29},{"not_picked":["Wraith Form v2","Tools of the Trade"],"picked":"Burst+1","floor":33},{"not_picked":["Underhanded Strike"],"picked":"SKIP","floor":35},{"not_picked":[],"picked":"Blur+1","floor":36},{"not_picked":[],"picked":"Blur+1","floor":38},{"not_picked":[],"picked":"Slice+1","floor":39},{"not_picked":["Dagger Spray"],"picked":"SKIP","floor":40},{"not_picked":[],"picked":"Malaise+1","floor":42},{"not_picked":[],"picked":"Dodge and Roll+1","floor":45},{"not_picked":[],"picked":"Secret Technique+1","floor":46}],"player_experience":79310,"relics_obtained":[{"floor":6.0,"key":"Blood Vial"},{"floor":9.0,"key":"War Paint"},{"floor":13.0,"key":"Bronze Scales"},{"floor":20,"key":"Red Mask"},{"floor":23,"key":"Shovel"},{"floor":26,"key":"Ornamental Fan"},{"floor":32,"key":"Toxic Egg 2"},{"floor":39,"key":"Sundial"},{"floor":40,"key":"Ninja Scroll"},{"floor":43,"key":"Dodecahedron"},{"floor":49,"key":"Regal Pillow"}],"event_choices":[{"event_name":"Big Fish","player_choice":"Donut","floor":3.0,"damage_taken":0.0},{"event_name":"Shining Light","player_choice":"Entered Light","floor":4.0,"damage_taken":0.0},{"event_name":"Upgrade Shrine","player_choice":"Upgraded","floor":11.0,"damage_taken":0.0},{"event_name":"Masked Bandits","player_choice":"Fought over 382 gold","floor":20,"damage_taken":0},{"event_name":"Addict","player_choice":"Ignored","floor":24,"damage_taken":0},{"event_name":"Back to Basics","player_choice":"Simplicity","floor":31,"damage_taken":0},{"event_name":"Tomb of Lord Red Mask","player_choice":"Ignored","floor":37,"damage_taken":0},{"event_name":"MindBloom","player_choice":"Fight","floor":39,"damage_taken":0},{"event_name":"Winding Halls","player_choice":"Writhe","floor":44,"damage_taken":0},{"event_name":"SensoryStone","player_choice":"Memory 1","floor":46,"damage_taken":0},{"event_name":"Upgrade Shrine","player_choice":"Upgraded","floor":48,"damage_taken":0}],"boss_relics":[{"not_picked":["Snecko Eye","Velvet Choker"],"picked":"Ectoplasm"},{"not_picked":["Astrolabe","Tiny House"],"picked":"Busted Crown"}],"items_purged_floors":[],"is_endless":false,"potions_floor_spawned":[5,7,10,16,19,23,28,29,35,36,42,45],"ascension_level":0}