{"gold_per_floor":[18,18,37,55,68,101,101,26,26,26,26,55,75,94,94,189,189,202,212,224,224,224],"floor_reached":22,"playtime":2109,"items_purged":[],"score":223,"play_id":"a39e1972-9be1-4044-b79b-f1e21117dff3","local_time":"20180723120827","is_ascension_mode":false,"campfire_choices":[{"data":"Fusion","floor":7,"key":"SMITH"},{"data":"Fusion","floor":10,"key":"SMITH"},{"data":"Hologram","floor":15,"key":"SMITH"}],"neow_cost":"NO_GOLD","seed_source_timestamp":922375700480662,"circlet_count":0,"master_deck":["Strike_B","Strike_B","Strike_B","Strike_B","Defend_B","Defend_B","Defend_B","Defend_B","Zap","Dualcast","Echo Form+1","Leap","Hologram+1","FTL","Core Surge","Fusion+1","Fusion+1","Undo","Sweeping Beam","Creative AI","Rebound+1","Hologram"],"relics":["Cracked Core","Gremlin Horn","Ice Cream","Thread and Needle","Cursed Key"],"potions_floor_usage":[6,12,16,18,19,19,22],"damage_taken":[{"damage":1,"enemies":"2 Louse","floor":1,"turns":2},{"damage":1,"enemies":"Jaw Worm","floor":3,"turns":4},{"damage":0,"enemies":"Small Slimes","floor":4,"turns":4},{"damage":6,"enemies":"2 Fungi Beasts","floor":5,"turns":4},{"damage":6,"enemies":"Gremlin Nob","floor":6,"turns":4},{"damage":0,"enemies":"Lagavulin","floor":12,"turns":8},{"damage":0,"enemies":"Looter","floor":13,"turns":2},{"damage":0,"enemies":"Large Slime","floor":14,"turns":5},{"damage":39,"enemies":"Hexaghost","floor":16,"turns":15},{"damage":0,"enemies":"Chosen","floor":18,"turns":8},{"damage":7,"enemies":"Shell Parasite","floor":19,"turns":6},{"damage":34,"enemies":"Sentry and Sphere","floor":20,"turns":6},{"damage":24,"enemies":"Slaver and Parasite","floor":22,"turns":5}],"seed_played":"1972338708181241811","potions_obtained":[{"floor":3,"key":"Block Potion"},{"floor":6,"key":"SkillPotion"},{"floor":12,"key":"Ancient Potion"},{"floor":13,"key":"PowerPotion"},{"floor":14,"key":"Swift Potion"},{"floor":16,"key":"Poison Potion"},{"floor":19,"key":"SteroidPotion"},{"floor":20,"key":"LiquidBronze"}],"is_trial":false,"path_per_floor":["M","?","M","M","M","E","R","$","T","R","?","E","M","M","R","B",null,"M","M","M","?"],"character_chosen":"DEFECT","items_purchased":["Fusion"],"campfire_rested":0,"item_purchase_floors":[8],"current_hp_per_floor":[74,79,78,78,72,66,66,66,66,66,66,66,66,66,66,27,80,80,73,39,24,0],"gold":224,"neow_bonus":"THREE_RARE_CARDS","is_prod":false,"is_daily":false,"chose_seed":false,"campfire_upgraded":3,"win_rate":0,"timestamp":1532336907,"path_taken":["M","?","M","M","M","E","R","?","T","R","?","E","M","M","R","BOSS","M","M","M","?","M"],"build_version":"2018-07-19v2","purchased_purges":0,"victory":false,"max_hp_per_floor":[75,80,80,80,80,80,80,80,80,80,80,80,80,80,80,80,80,80,80,80,85,85],"card_choices":[{"not_picked":["Hyperbeam","Amplify"],"picked":"Echo Form","floor":0},{"not_picked":["Beam Cell","Go for the Eyes"],"picked":"Leap","floor":1},{"not_picked":["Cold Snap","Conserve Battery"],"picked":"Hologram","floor":3},{"not_picked":["Beam Cell","Gash"],"picked":"FTL","floor":4},{"not_picked":["Conserve Battery","Auto Shields"],"picked":"Core Surge","floor":5},{"not_picked":["Compile Driver","Consume"],"picked":"Fusion","floor":6},{"not_picked":["Ball Lightning","Conserve Battery","Steam"],"picked":"SKIP","floor":12},{"not_picked":["Reinforced Body","Skim"],"picked":"Undo","floor":13},{"not_picked":["Genetic Algorithm","Beam Cell"],"picked":"Sweeping Beam","floor":14},{"not_picked":["Core Surge","Echo Form"],"picked":"Creative AI","floor":16},{"not_picked":["Compile Driver","Beam Cell"],"picked":"Rebound+1","floor":18},{"not_picked":["Conserve Battery","Sweeping Beam","Streamline+1"],"picked":"SKIP","floor":19},{"not_picked":["Beam Cell+1","Cold Snap"],"picked":"Hologram","floor":20}],"player_experience":124874,"relics_obtained":[{"floor":6,"key":"Gremlin Horn"},{"floor":9,"key":"Ice Cream"},{"floor":12,"key":"Thread and Needle"}],"event_choices":[{"event_name":"Big Fish","player_choice":"Donut","floor":2,"damage_taken":0},{"event_name":"Living Wall","player_choice":"Grow","floor":11,"damage_taken":0},{"event_name":"Forgotten Altar","player_choice":"Shed Blood","floor":21,"damage_taken":0}],"is_beta":false,"boss_relics":[{"not_picked":["Astrolabe","Velvet Choker"],"picked":"Cursed Key"}],"items_purged_floors":[],"is_endless":false,"potions_floor_spawned":[3,6,12,13,14,16,19,20],"killed_by":"Slaver and Parasite","ascension_level":0}