{"gold_per_floor":[114,125,140,140,160,160,175,210,286,251,280,280,293,307,307,404,404,420,432,532,543,555,580,600,600,624,624,539,539,549,549,549,653,653,672,686,204,220,238,238,253,264,264,284,304,304],"floor_reached":46,"playtime":8410,"items_purged":["Strike_R+1"],"score":512,"play_id":"492cdb08-24f0-4731-bc3e-15687bdcc356","local_time":"20190113141416","is_ascension_mode":false,"campfire_choices":[{"data":"Berserk","floor":6,"key":"SMITH"},{"floor":12,"key":"REST"},{"data":"Metallicize","floor":15,"key":"SMITH"},{"floor":27,"key":"REST"},{"floor":29,"key":"REST"},{"floor":32,"key":"REST"},{"floor":40,"key":"REST"}],"neow_cost":"NONE","seed_source_timestamp":391591287815909,"circlet_count":0,"master_deck":["Strike_R+1","Strike_R+1","Strike_R+1","Strike_R+1","Defend_R+1","Defend_R+1","Defend_R+1","Defend_R+1","Bash","Berserk+1","Cleave","Anger","Shockwave","Bloodletting+1","Pommel Strike","Rampage","Metallicize+1","Cleave","Battle Trance","Brutality","Flame Barrier","Hemokinesis+1","Entrench+1","Power Through","Ghostly Armor+1","Fire Breathing+1","Inflame+1","Bludgeon","Sword Boomerang+1","Cleave+1","Pummel","Intimidate","Cleave+1","Ghostly Armor+1","Sever Soul+1","Juggernaut+1","Dropkick","Shrug It Off"],"relics":["Burning Blood","War Paint","Ornamental Fan","Calipers","Fusion Hammer","Champion Belt","Frozen Egg 2","Happy Flower","Vajra","Pen Nib","Black Star","Bottled Tornado","Letter Opener"],"potions_floor_usage":[11,11,16,16,20,21,22,24,33,36,38,42,46],"damage_taken":[{"damage":0,"enemies":"Small Slimes","floor":1,"turns":3},{"damage":10,"enemies":"2 Louse","floor":2,"turns":3},{"damage":0,"enemies":"Cultist","floor":3,"turns":3},{"damage":15,"enemies":"Large Slime","floor":5,"turns":5},{"damage":10,"enemies":"Looter","floor":7,"turns":2},{"damage":33,"enemies":"3 Sentries","floor":8,"turns":7},{"damage":12,"enemies":"Gremlin Nob","floor":11,"turns":4},{"damage":5,"enemies":"2 Fungi Beasts","floor":13,"turns":3},{"damage":6,"enemies":"3 Louse","floor":14,"turns":3},{"damage":38,"enemies":"Hexaghost","floor":16,"turns":11},{"damage":13,"enemies":"Shell Parasite","floor":18,"turns":4},{"damage":6,"enemies":"Chosen","floor":19,"turns":4},{"damage":12,"enemies":"Colosseum Slavers","floor":20,"turns":4},{"damage":14,"enemies":"Colosseum Nobs","floor":20,"turns":4},{"damage":19,"enemies":"Snake Plant","floor":21,"turns":5},{"damage":10,"enemies":"Centurion and Healer","floor":22,"turns":5},{"damage":24,"enemies":"Book of Stabbing","floor":23,"turns":7},{"damage":22,"enemies":"Cultist and Chosen","floor":24,"turns":5},{"damage":3,"enemies":"Chosen and Byrds","floor":30,"turns":3},{"damage":18,"enemies":"Champ","floor":33,"turns":9},{"damage":10,"enemies":"3 Shapes","floor":35,"turns":5},{"damage":38,"enemies":"3 Darklings","floor":36,"turns":6},{"damage":19,"enemies":"4 Shapes","floor":38,"turns":5},{"damage":24,"enemies":"Spire Growth","floor":39,"turns":4},{"damage":10,"enemies":"Maw","floor":41,"turns":7},{"damage":12,"enemies":"4 Shapes","floor":42,"turns":5},{"damage":2,"enemies":"Sphere and 2 Shapes","floor":44,"turns":2},{"damage":21,"enemies":"Jaw Worm Horde","floor":45,"turns":3},{"damage":18,"enemies":"Maw","floor":46,"turns":6}],"seed_played":"-6088790013186929648","potions_obtained":[{"floor":2,"key":"SpeedPotion"},{"floor":5,"key":"Ancient Potion"},{"floor":8,"key":"Block Potion"},{"floor":11,"key":"Explosive Potion"},{"floor":14,"key":"Swift Potion"},{"floor":16,"key":"Swift Potion"},{"floor":20,"key":"SpeedPotion"},{"floor":21,"key":"LiquidBronze"},{"floor":23,"key":"SneckoOil"},{"floor":24,"key":"EssenceOfSteel"},{"floor":30,"key":"Fire Potion"},{"floor":41,"key":"Strength Potion"},{"floor":42,"key":"Energy Potion"},{"floor":45,"key":"SkillPotion"}],"is_trial":false,"path_per_floor":["M","M","M","?","M","R","M","E","T","?","E","R","M","M","R","B",null,"M","M","?","M","M","E","M","?","T","R","?","R","M","?","R","B",null,"M","M","$","M","M","R","M","M","T","M","M","M"],"character_chosen":"IRONCLAD","items_purchased":["Bottled Tornado","Pummel","Intimidate"],"campfire_rested":5,"item_purchase_floors":[37,37,37],"current_hp_per_floor":[80,76,80,80,71,71,67,40,40,40,34,58,59,59,59,27,80,73,73,59,46,42,24,8,8,8,32,32,56,59,80,80,68,80,76,44,44,31,13,37,33,27,27,31,16,0],"gold":304,"neow_bonus":"ONE_RANDOM_RARE_CARD","is_prod":false,"is_daily":false,"chose_seed":false,"campfire_upgraded":2,"win_rate":0.0,"timestamp":1547417656,"path_taken":["M","M","M","?","M","R","M","E","T","?","E","R","M","M","R","BOSS","M","M","?","M","M","E","M","?","T","R","?","R","M","?","R","BOSS","M","M","$","M","M","R","M","?","T","M","M","M"],"build_version":"2019-01-10","purchased_purges":1,"victory":false,"max_hp_per_floor":[80,80,80,80,80,80,80,80,80,80,80,80,80,80,80,80,80,80,80,80,80,80,80,80,80,80,80,80,80,80,80,80,80,80,80,80,80,80,80,80,80,80,80,80,80,80],"card_choices":[{"not_picked":["Twin Strike","Burning Pact"],"picked":"Cleave","floor":1},{"not_picked":["Corruption","Carnage"],"picked":"Anger","floor":2},{"not_picked":["Pummel","Sword Boomerang"],"picked":"Shockwave","floor":3},{"not_picked":["Iron Wave","Warcry"],"picked":"Bloodletting","floor":5},{"not_picked":["Anger","Heavy Blade"],"picked":"Pommel Strike","floor":7},{"not_picked":["Dual Wield","Headbutt"],"picked":"Rampage","floor":8},{"not_picked":["Entrench","Sever Soul"],"picked":"Metallicize","floor":11},{"not_picked":["Anger","Dual Wield"],"picked":"Cleave","floor":13},{"not_picked":["Heavy Blade","Reckless Charge"],"picked":"Battle Trance","floor":14},{"not_picked":["Berserk","Offering"],"picked":"Brutality","floor":16},{"not_picked":["Second Wind","Flex"],"picked":"Flame Barrier","floor":18},{"not_picked":["Cleave","Clash"],"picked":"Hemokinesis+1","floor":19},{"not_picked":["Flex","Clothesline"],"picked":"Entrench+1","floor":20},{"not_picked":["Seeing Red","Reckless Charge"],"picked":"Power Through","floor":21},{"not_picked":["Flex","Anger"],"picked":"Sever Soul+1","floor":22},{"not_picked":["Hemokinesis","Pommel Strike"],"picked":"Ghostly Armor+1","floor":23},{"not_picked":["Warcry+1","Flame Barrier"],"picked":"Fire Breathing+1","floor":24},{"not_picked":["Thunderclap+1","Pommel Strike"],"picked":"Inflame+1","floor":30},{"not_picked":["Offering","Brutality+1"],"picked":"Bludgeon","floor":33},{"not_picked":["Flex","Headbutt+1"],"picked":"Sword Boomerang+1","floor":35},{"not_picked":["Iron Wave","Sword Boomerang"],"picked":"Cleave+1","floor":36},{"not_picked":["Seeing Red+1","Anger+1"],"picked":"Cleave+1","floor":38},{"not_picked":["Battle Trance+1","Entrench"],"picked":"Ghostly Armor+1","floor":39},{"not_picked":["Twin Strike+1","Warcry"],"picked":"Sever Soul+1","floor":41},{"not_picked":["Rupture+1","Dual Wield"],"picked":"Juggernaut+1","floor":42},{"not_picked":["Thunderclap+1","Sword Boomerang+1"],"picked":"Dropkick","floor":44},{"not_picked":["Uppercut","Iron Wave"],"picked":"Shrug It Off","floor":45}],"player_experience":11660,"relics_obtained":[{"floor":8,"key":"War Paint"},{"floor":9,"key":"Ornamental Fan"},{"floor":11,"key":"Calipers"},{"floor":20,"key":"Champion Belt"},{"floor":20,"key":"Frozen Egg 2"},{"floor":23,"key":"Happy Flower"},{"floor":26,"key":"Vajra"},{"floor":43,"key":"Letter Opener"}],"event_choices":[{"damage_healed":0,"gold_gain":0,"player_choice":"Ignored","damage_taken":0,"max_hp_gain":0,"max_hp_loss":0,"event_name":"Liars Game","floor":4,"gold_loss":0},{"damage_healed":0,"gold_gain":0,"player_choice":"Left Gold","damage_taken":0,"max_hp_gain":0,"max_hp_loss":0,"event_name":"World of Goop","floor":10,"gold_loss":35},{"damage_healed":0,"gold_gain":0,"player_choice":"Fight","damage_taken":0,"max_hp_gain":0,"max_hp_loss":0,"event_name":"Colosseum","floor":20,"gold_loss":0},{"damage_healed":0,"gold_gain":0,"player_choice":"Fought Nobs","damage_taken":0,"max_hp_gain":0,"max_hp_loss":0,"event_name":"Colosseum","floor":20,"gold_loss":0},{"damage_healed":0,"gold_gain":0,"player_choice":"Simplicity","damage_taken":0,"max_hp_gain":0,"max_hp_loss":0,"event_name":"Back to Basics","floor":25,"gold_loss":0,"cards_upgraded":["Strike_R","Strike_R","Strike_R","Strike_R","Strike_R","Defend_R","Defend_R","Defend_R"]},{"damage_healed":0,"gold_gain":0,"player_choice":"Obtained Relic","damage_taken":0,"relics_obtained":["Pen Nib"],"max_hp_gain":0,"max_hp_loss":0,"event_name":"Addict","floor":28,"gold_loss":85},{"cards_removed":["Sever Soul"],"damage_healed":21,"gold_gain":0,"player_choice":"Offered Uncommon","damage_taken":0,"max_hp_gain":0,"max_hp_loss":0,"event_name":"Bonfire Elementals","floor":31,"gold_loss":0}],"is_beta":false,"boss_relics":[{"not_picked":["Astrolabe","Runic Dome"],"picked":"Fusion Hammer"},{"not_picked":["Snecko Eye","Sozu"],"picked":"Black Star"}],"items_purged_floors":[37],"is_endless":false,"potions_floor_spawned":[2,5,8,11,14,16,20,21,23,24,30,41,42,45],"killed_by":"Maw","ascension_level":0}