{"gold_per_floor":[367,10,20,36,53,81,81,111,192,192,267,277,304,316,316,421,421,361,23,23,23,23,23,23,23,23,23,23,23,23,23,23,23],"floor_reached":33,"playtime":3545,"items_purged":[],"score":406,"play_id":"f388d94f-2938-4944-ad98-036b70539797","local_time":"20190206200408","is_ascension_mode":true,"campfire_choices":[{"data":"Glass Knife","floor":7,"key":"SMITH"},{"data":"Crippling Poison","floor":10,"key":"SMITH"},{"floor":15,"key":"REST"},{"data":"Well Laid Plans","floor":23,"key":"SMITH"},{"floor":28,"key":"REST"},{"data":"Skewer","floor":32,"key":"SMITH"}],"neow_cost":"TEN_PERCENT_HP_LOSS","seed_source_timestamp":1264945243938071,"circlet_count":0,"master_deck":["Defend_G","Defend_G","Defend_G","Defend_G","Defend_G","Strike_G","Strike_G","Strike_G","Survivor","Neutralize+1","Quick Slash","Well Laid Plans+1","Glass Knife+1","Quick Slash","Dagger Throw","Dash","After Image","Crippling Poison+1","Deflect","Escape Plan","Slice","Malaise","Dodge and Roll+1","Footwork","Skewer+1","Dagger Spray","Cloak And Dagger","Doppelganger","Backflip+1","Acrobatics"],"relics":["Ring of the Snake","Anchor","Oddly Smooth Stone","Bottled Lightning","Tiny Chest","PreservedInsect","Ectoplasm","Pantograph","Vajra","Strawberry","Pen Nib","Bag of Marbles"],"potions_floor_usage":[5,6,16,33,33,33],"damage_taken":[{"damage":3,"enemies":"2 Louse","floor":1,"turns":3},{"damage":0,"enemies":"Cultist","floor":3,"turns":3},{"damage":0,"enemies":"Jaw Worm","floor":4,"turns":4},{"damage":0,"enemies":"Large Slime","floor":5,"turns":5},{"damage":9,"enemies":"Lagavulin","floor":6,"turns":6},{"damage":8,"enemies":"3 Sentries","floor":8,"turns":7},{"damage":0,"enemies":"Lots of Slimes","floor":12,"turns":2},{"damage":5,"enemies":"Lagavulin","floor":13,"turns":6},{"damage":0,"enemies":"Looter","floor":14,"turns":3},{"damage":16,"enemies":"Slime Boss","floor":16,"turns":9},{"damage":13,"enemies":"2 Thieves","floor":18,"turns":3},{"damage":4,"enemies":"Colosseum Slavers","floor":20,"turns":4},{"damage":0,"enemies":"3 Byrds","floor":21,"turns":4},{"damage":0,"enemies":"Centurion and Healer","floor":25,"turns":7},{"damage":19,"enemies":"Book of Stabbing","floor":27,"turns":5},{"damage":8,"enemies":"Slavers","floor":29,"turns":4},{"damage":1,"enemies":"3 Cultists","floor":30,"turns":5},{"damage":8,"enemies":"Book of Stabbing","floor":31,"turns":5},{"damage":63,"enemies":"Champ","floor":33,"turns":20}],"seed_played":"8399300704522500272","potions_obtained":[{"floor":3,"key":"SkillPotion"},{"floor":4,"key":"PowerPotion"},{"floor":5,"key":"SpeedPotion"},{"floor":12,"key":"Strength Potion"},{"floor":18,"key":"Swift Potion"},{"floor":30,"key":"SkillPotion"}],"is_trial":false,"path_per_floor":["M","$","M","M","M","E","R","E","T","R","?","M","E","M","R","B",null,"M","$","?","M","?","R","?","M","T","E","R","E","M","E","R","B"],"character_chosen":"THE_SILENT","items_purchased":["Anchor","Well Laid Plans","Glass Knife","Quick Slash","Pantograph","Footwork"],"campfire_rested":2,"item_purchase_floors":[2,2,2,2,19,19],"current_hp_per_floor":[60,60,60,60,60,51,51,43,43,43,37,37,32,32,50,34,56,43,43,39,39,39,39,39,39,39,27,48,40,39,31,31,0],"gold":23,"neow_bonus":"TWO_FIFTY_GOLD","is_prod":false,"is_daily":false,"chose_seed":false,"campfire_upgraded":4,"win_rate":0,"timestamp":1549501448,"path_taken":["M","$","M","M","M","E","R","E","T","R","?","?","E","M","R","BOSS","M","$","?","M","?","R","?","M","T","E","R","E","M","E","R","BOSS"],"build_version":"2019-01-23","purchased_purges":0,"victory":false,"max_hp_per_floor":[63,63,63,63,63,63,63,63,63,63,63,63,63,63,63,63,63,63,63,63,63,63,63,63,63,63,70,70,70,70,70,70,70],"card_choices":[{"not_picked":["Blur","Terror"],"picked":"Quick Slash","floor":1},{"not_picked":["Tactician","Cloak And Dagger","Acrobatics"],"picked":"SKIP","floor":3},{"not_picked":["Underhanded Strike","Outmaneuver"],"picked":"Dagger Throw","floor":4},{"not_picked":["Cloak And Dagger","Bouncing Flask"],"picked":"Dash","floor":5},{"not_picked":["Bane","Blur"],"picked":"After Image","floor":6},{"not_picked":["Flying Knee","Cloak And Dagger"],"picked":"Crippling Poison","floor":8},{"not_picked":["Deadly Poison","Underhanded Strike"],"picked":"Deflect","floor":12},{"not_picked":["Bouncing Flask","Terror"],"picked":"Escape Plan","floor":13},{"not_picked":["Flying Knee","Finisher"],"picked":"Slice","floor":14},{"not_picked":["Wraith Form v2","Storm of Steel"],"picked":"Malaise","floor":16},{"not_picked":["Quick Slash+1","Endless Agony"],"picked":"Dodge and Roll+1","floor":18},{"not_picked":["Eviscerate","Flying Knee","Setup"],"picked":"SKIP","floor":21},{"not_picked":["Leg Sweep","Backflip"],"picked":"Cloak And Dagger","floor":25},{"not_picked":["Poisoned Stab","Setup"],"picked":"Doppelganger","floor":27},{"not_picked":["Crippling Poison","Bouncing Flask"],"picked":"Backflip+1","floor":29},{"not_picked":["Dagger Spray","Blade Dance"],"picked":"Acrobatics","floor":30},{"not_picked":["Acrobatics","Backflip","Masterful Stab"],"picked":"SKIP","floor":31}],"player_experience":1483398,"relics_obtained":[{"floor":6,"key":"Oddly Smooth Stone"},{"floor":8,"key":"Bottled Lightning"},{"floor":9,"key":"Tiny Chest"},{"floor":13,"key":"PreservedInsect"},{"floor":26,"key":"Vajra"},{"floor":27,"key":"Strawberry"},{"floor":29,"key":"Pen Nib"},{"floor":31,"key":"Bag of Marbles"}],"event_choices":[{"damage_healed":0,"gold_gain":75,"player_choice":"Touch","damage_taken":6,"max_hp_gain":0,"max_hp_loss":0,"event_name":"FaceTrader","floor":11,"gold_loss":0},{"damage_healed":0,"gold_gain":0,"player_choice":"Fight","damage_taken":0,"max_hp_gain":0,"max_hp_loss":0,"event_name":"Colosseum","floor":20,"gold_loss":0},{"damage_healed":0,"gold_gain":0,"player_choice":"Fled From Nobs","damage_taken":0,"max_hp_gain":0,"max_hp_loss":0,"event_name":"Colosseum","floor":20,"gold_loss":0},{"damage_healed":0,"gold_gain":0,"cards_transformed":["Strike_G","Strike_G"],"player_choice":"Became Test Subject","damage_taken":0,"max_hp_gain":0,"max_hp_loss":0,"event_name":"Drug Dealer","floor":22,"gold_loss":0,"cards_obtained":["Skewer","Dagger Spray"]},{"damage_healed":0,"gold_gain":0,"player_choice":"Upgraded","damage_taken":0,"max_hp_gain":0,"max_hp_loss":0,"event_name":"Upgrade Shrine","floor":24,"gold_loss":0,"cards_upgraded":["Neutralize"]}],"is_beta":false,"boss_relics":[{"not_picked":["Ring of the Serpent","Calling Bell"],"picked":"Ectoplasm"}],"items_purged_floors":[],"is_endless":false,"potions_floor_spawned":[3,4,5,12,18,20,30],"killed_by":"Champ","ascension_level":5}