{"gold_per_floor":[121,145,172,194,281,321,333,345,402,426,438],"floor_reached":11,"playtime":568,"items_purged":[],"score":75,"play_id":"e74e77b5-0457-422e-a386-936090f02c70","local_time":"20190301210404","is_ascension_mode":false,"campfire_choices":[{"data":"Zap","floor":8,"key":"SMITH"},{"data":"Doom and Gloom","floor":11,"key":"SMITH"}],"neow_cost":"NONE","seed_source_timestamp":120240430257440,"circlet_count":0,"master_deck":["Strike_B","Strike_B","Strike_B","Strike_B","Defend_B","Defend_B","Defend_B","Defend_B","Zap+1","Dualcast","Coolheaded","Cold Snap","Doom and Gloom+1","Chaos","Echo Form","Genetic Algorithm"],"relics":["Cracked Core","MawBank","Kunai","CultistMask","Art of War"],"potions_floor_usage":[],"damage_taken":[{"damage":0,"enemies":"2 Louse","floor":1,"turns":2},{"damage":1,"enemies":"Small Slimes","floor":2,"turns":3},{"damage":0,"enemies":"Cultist","floor":3,"turns":3},{"damage":0,"enemies":"Exordium Wildlife","floor":4,"turns":3},{"damage":27,"enemies":"3 Sentries","floor":6,"turns":6},{"damage":20,"enemies":"Exordium Thugs","floor":10,"turns":5}],"seed_played":"-268790497064491522","potions_obtained":[{"floor":2,"key":"FocusPotion"},{"floor":3,"key":"Block Potion"},{"floor":6,"key":"Strength Potion"}],"is_trial":false,"path_per_floor":["M","M","M","M","?","E","?","R","T","M","R"],"character_chosen":"DEFECT","items_purchased":[],"campfire_rested":0,"item_purchase_floors":[],"current_hp_per_floor":[75,74,74,74,63,36,36,36,36,16,16],"gold":438,"neow_bonus":"RANDOM_COMMON_RELIC","is_prod":false,"is_daily":false,"chose_seed":false,"campfire_upgraded":2,"win_rate":0,"timestamp":1551467044,"path_taken":["M","M","M","M","?","E","?","R","T","M","R"],"build_version":"2019-01-23","purchased_purges":0,"victory":false,"max_hp_per_floor":[75,75,75,75,75,75,75,75,75,75,75],"card_choices":[{"not_picked":["Stack","Beam Cell"],"picked":"Coolheaded","floor":1},{"not_picked":["Storm","Sweeping Beam"],"picked":"Cold Snap","floor":2},{"not_picked":["Steam Power","Conserve Battery"],"picked":"Doom and Gloom","floor":3},{"not_picked":["Beam Cell","Fusion"],"picked":"Chaos","floor":4},{"not_picked":["Scrape","Rebound"],"picked":"Echo Form","floor":6},{"not_picked":["Sunder","Beam Cell"],"picked":"Genetic Algorithm","floor":10}],"player_experience":551551,"relics_obtained":[{"floor":6,"key":"Kunai"},{"floor":9,"key":"Art of War"}],"event_choices":[{"damage_healed":0,"gold_gain":75,"player_choice":"Gather Gold","damage_taken":11,"max_hp_gain":0,"max_hp_loss":0,"event_name":"World of Goop","floor":5,"gold_loss":0},{"damage_healed":0,"gold_gain":0,"player_choice":"Trade","damage_taken":0,"relics_obtained":["CultistMask"],"max_hp_gain":0,"max_hp_loss":0,"event_name":"FaceTrader","floor":7,"gold_loss":0}],"is_beta":false,"boss_relics":[],"items_purged_floors":[],"is_endless":false,"potions_floor_spawned":[2,3,6],"ascension_level":0}