{"gold_per_floor":[110,110,130,140,152,180,180,199,247,282,300,313,324,34,34,108,108,118,118,118,90,102,102,102,102,128,162,178,178,178,78,78,153,153,172,272,282,282,294,294,324,324,324,341,358,358,358,375,375,375],"floor_reached":50,"playtime":5816,"items_purged":["Strike_B","Strike_B"],"score":1021,"play_id":"f1e4b178-939a-43db-bf7e-29b27d53cfc8","local_time":"20190221143847","is_ascension_mode":true,"campfire_choices":[{"data":"Beam Cell","floor":7.0,"key":"SMITH"},{"floor":15.0,"key":"REST"},{"floor":23.0,"key":"REST"},{"data":"Zap","floor":25.0,"key":"SMITH"},{"floor":29.0,"key":"REST"},{"floor":32.0,"key":"REST"},{"data":"Buffer","floor":40.0,"key":"SMITH"},{"floor":42.0,"key":"REST"},{"floor":47.0,"key":"REST"},{"floor":49,"key":"REST"}],"neow_cost":"NONE","seed_source_timestamp":288060387661285,"circlet_count":0,"master_deck":["AscendersBane","Zap+1","Dualcast","Undo","Streamline+1","Gash","Beam Cell+1","Reboot","Chill","Gash","Gash","Leap","Rebound","Cold Snap","Gash","Scrape","Buffer+1","Chill","Cold Snap","Loop","Heatsinks","Consume","Hologram","Go for the Eyes+1","Gash","Glacier","Writhe","BootSequence"],"special_seed":0,"relics":["Cracked Core","Orichalcum","Potion Belt","Blue Candle","Pen Nib","Runic Pyramid","MutagenicStrength","Blood Vial","Ginger","Pandora\u0027s Box","Torii","Dodecahedron","Sundial","Kunai"],"potions_floor_usage":[50,50,50],"damage_taken":[{"damage":1.0,"enemies":"Small Slimes","floor":1.0,"turns":4.0},{"damage":1.0,"enemies":"Cultist","floor":3.0,"turns":3.0},{"damage":0.0,"enemies":"Jaw Worm","floor":4.0,"turns":3.0},{"damage":3.0,"enemies":"3 Louse","floor":5.0,"turns":4.0},{"damage":25.0,"enemies":"Lagavulin","floor":6.0,"turns":6.0},{"damage":1.0,"enemies":"Blue Slaver","floor":8.0,"turns":3.0},{"damage":19.0,"enemies":"3 Sentries","floor":10.0,"turns":9.0},{"damage":0.0,"enemies":"Exordium Wildlife","floor":11.0,"turns":3.0},{"damage":0.0,"enemies":"Looter","floor":12.0,"turns":2.0},{"damage":0.0,"enemies":"3 Louse","floor":13.0,"turns":3.0},{"damage":31.0,"enemies":"Slime Boss","floor":16.0,"turns":8.0},{"damage":5.0,"enemies":"Spheric Guardian","floor":18.0,"turns":5.0},{"damage":19.0,"enemies":"Shell Parasite","floor":22.0,"turns":4.0},{"damage":0.0,"enemies":"Book of Stabbing","floor":24.0,"turns":1.0},{"damage":28.0,"enemies":"Gremlin Leader","floor":27.0,"turns":7.0},{"damage":20.0,"enemies":"Shelled Parasite and Fungi","floor":28.0,"turns":5.0},{"damage":9.0,"enemies":"Champ","floor":33.0,"turns":6.0},{"damage":1.0,"enemies":"3 Shapes","floor":35.0,"turns":4.0},{"damage":0.0,"enemies":"Mind Bloom Boss Battle","floor":36.0,"turns":5.0},{"damage":7.0,"enemies":"3 Darklings","floor":37.0,"turns":5.0},{"damage":12.0,"enemies":"Sphere and 2 Shapes","floor":39.0,"turns":6.0},{"damage":47.0,"enemies":"Reptomancer","floor":41.0,"turns":7.0},{"damage":25.0,"enemies":"Writhing Mass","floor":44.0,"turns":6.0},{"damage":0.0,"enemies":"Maw","floor":45.0,"turns":7.0},{"damage":29,"enemies":"3 Darklings","floor":48,"turns":6},{"damage":61,"enemies":"Donu and Deca","floor":50,"turns":6}],"seed_played":"-4695476463667824403","potions_obtained":[{"floor":1.0,"key":"SkillPotion"},{"floor":5.0,"key":"SmokeBomb"},{"floor":12.0,"key":"Explosive Potion"},{"floor":13.0,"key":"EssenceOfSteel"},{"floor":16.0,"key":"SkillPotion"},{"floor":27.0,"key":"SkillPotion"},{"floor":37.0,"key":"LiquidBronze"},{"floor":39.0,"key":"Fire Potion"},{"floor":45.0,"key":"Dexterity Potion"},{"floor":48,"key":"Fire Potion"}],"is_trial":false,"path_per_floor":["M","?","M","M","M","E","R","M","T","E","M","M","M","$","R","B",null,"M","?","?","$","M","R","E","R","T","E","M","R","?","$","R","B",null,"M","?","M","T","M","R","E","R","T","M","M","?","R","M","R","B"],"character_chosen":"DEFECT","items_purchased":["Pen Nib","FearPotion","Cold Snap"],"campfire_rested":7,"item_purchase_floors":[14,14,21],"current_hp_per_floor":[63,63,62,62,59,34,34,33,33,14,14,14,14,14,35,4,54,49,49,49,49,30,51,51,51,51,25,7,28,8,8,30,23,63,64,66,61,61,51,51,6,28,28,5,7,22,44,17,39,0],"gold":375,"neow_bonus":"TRANSFORM_CARD","is_prod":false,"is_daily":false,"chose_seed":false,"campfire_upgraded":3,"win_rate":0,"timestamp":1550727527,"path_taken":["M","?","M","M","M","E","R","M","T","E","?","M","M","$","R","BOSS","M","?","?","?","?","R","E","R","T","E","M","R","?","$","R","BOSS","M","?","M","?","?","R","E","R","T","M","M","?","R","M","R","BOSS"],"build_version":"2019-01-23","purchased_purges":2,"victory":false,"max_hp_per_floor":[71,71,71,71,71,71,71,71,71,71,71,71,71,71,71,71,71,71,71,71,71,71,71,71,71,71,71,71,71,76,76,76,76,76,76,76,76,76,76,76,76,76,76,76,76,76,76,76,76,76],"card_choices":[{"not_picked":["Loop","Glacier"],"picked":"Streamline","floor":1.0},{"not_picked":["Scrape","Compile Driver"],"picked":"Gash","floor":3.0},{"not_picked":["Lockon","Leap"],"picked":"Beam Cell","floor":4.0},{"not_picked":["Recycle","Melter"],"picked":"Reboot","floor":5.0},{"not_picked":["Sweeping Beam","Rebound"],"picked":"Chill","floor":6.0},{"not_picked":["Reinforced Body","Heatsinks","Steam Power"],"picked":"SKIP","floor":8.0},{"not_picked":["Sweeping Beam","Barrage"],"picked":"Gash","floor":10.0},{"not_picked":["Storm","Lockon"],"picked":"Gash","floor":11.0},{"not_picked":["Melter","Ball Lightning"],"picked":"Leap","floor":12.0},{"not_picked":["Streamline","Compile Driver"],"picked":"Rebound","floor":13.0},{"not_picked":["FTL","Rebound","Storm"],"picked":"SKIP","floor":18.0},{"not_picked":["Rebound","Streamline","Cold Snap"],"picked":"SKIP","floor":22.0},{"not_picked":["Stack","Blizzard"],"picked":"Gash","floor":27.0},{"not_picked":["Double Energy","Turbo"],"picked":"Scrape","floor":28.0},{"not_picked":["Seek","Meteor Strike"],"picked":"Buffer","floor":33.0},{"not_picked":["Turbo","Hologram","Leap"],"picked":"SKIP","floor":35.0},{"not_picked":["Turbo","Leap"],"picked":"Hologram","floor":35.0},{"not_picked":["Streamline+1","Compile Driver+1"],"picked":"Go for the Eyes+1","floor":36.0},{"not_picked":["Consume","Streamline+1","Redo"],"picked":"SKIP","floor":37.0},{"not_picked":["Doom and Gloom","Beam Cell","Undo"],"picked":"SKIP","floor":39.0},{"not_picked":["Stack","Amplify","Go for the Eyes+1"],"picked":"SKIP","floor":41.0},{"not_picked":["Barrage","Reprogram"],"picked":"Gash","floor":44.0},{"not_picked":["Blizzard","Scrape"],"picked":"Glacier","floor":45.0},{"not_picked":["Compile Driver","BootSequence","Streamline+1"],"picked":"SKIP","floor":48},{"not_picked":["Compile Driver","Streamline+1"],"picked":"BootSequence","floor":48}],"player_experience":807836,"relics_obtained":[{"floor":6.0,"key":"Orichalcum"},{"floor":9.0,"key":"Potion Belt"},{"floor":10.0,"key":"Blue Candle"},{"floor":26.0,"key":"Blood Vial"},{"floor":27.0,"key":"Ginger"},{"floor":36.0,"key":"Torii"},{"floor":38.0,"key":"Dodecahedron"},{"floor":41.0,"key":"Sundial"},{"floor":43.0,"key":"Kunai"}],"event_choices":[{"damage_healed":0.0,"max_hp_gain":0.0,"max_hp_loss":0.0,"gold_gain":0.0,"event_name":"Upgrade Shrine","player_choice":"Upgraded","floor":2.0,"gold_loss":0.0,"damage_taken":0.0,"cards_upgraded":["Streamline"]},{"damage_healed":0.0,"max_hp_gain":0.0,"max_hp_loss":0.0,"gold_gain":0.0,"event_name":"The Mausoleum","player_choice":"Ignored","floor":19.0,"gold_loss":0.0,"damage_taken":0.0},{"damage_healed":0.0,"max_hp_gain":0.0,"max_hp_loss":0.0,"gold_gain":0.0,"event_name":"Drug Dealer","player_choice":"Inject Mutagens","floor":20.0,"gold_loss":0.0,"damage_taken":0.0,"relics_obtained":["MutagenicStrength"]},{"damage_healed":0.0,"max_hp_gain":5.0,"max_hp_loss":0.0,"gold_gain":0.0,"event_name":"Forgotten Altar","player_choice":"Shed Blood","floor":30.0,"gold_loss":0.0,"damage_taken":25.0},{"damage_healed":0.0,"max_hp_gain":0.0,"max_hp_loss":0.0,"gold_gain":0.0,"event_name":"MindBloom","player_choice":"Fight","floor":36.0,"gold_loss":0.0,"damage_taken":0.0},{"damage_healed":15.0,"max_hp_gain":0.0,"max_hp_loss":0.0,"gold_gain":0.0,"event_name":"Winding Halls","player_choice":"Writhe","floor":46.0,"gold_loss":0.0,"damage_taken":0.0,"cards_obtained":["Writhe"]}],"is_beta":false,"boss_relics":[{"not_picked":["Busted Crown","Astrolabe"],"picked":"Runic Pyramid"},{"not_picked":["Black Star","Velvet Choker"],"picked":"Pandora\u0027s Box"}],"items_purged_floors":[14,31],"is_endless":false,"potions_floor_spawned":[1,5,12,13,16,18,24,27,37,39,45,48],"killed_by":"Donu and Deca","ascension_level":18}