{"gold_per_floor":[116,129,142,161,175,209,8,22,72,72,115,115,139,314,314,440,440,455,303,327,327],"floor_reached":21,"playtime":3285,"items_purged":["Strike_G","Strike_G"],"score":218,"play_id":"7726319f-91fc-4fe2-b72e-bf50a6390f39","local_time":"20180928222701","is_ascension_mode":false,"campfire_choices":[{"data":"Noxious Fumes","floor":12,"key":"SMITH"},{"data":"Outmaneuver","floor":15,"key":"SMITH"}],"neow_cost":"NONE","seed_source_timestamp":41216311164885,"circlet_count":0,"master_deck":["Defend_G","Defend_G","Defend_G","Defend_G","Defend_G","Strike_G","Strike_G","Strike_G","Survivor","Neutralize+1","Backflip","Noxious Fumes+1","Deflect","Backflip","Well Laid Plans","Acrobatics","Outmaneuver+1","Doubt","Outmaneuver","Prepared"],"relics":["Ring of the Snake","Strawberry","Bag of Marbles","Golden Idol","Potion Belt","HoveringKite"],"potions_floor_usage":[11,16,21],"damage_taken":[{"damage":0,"enemies":"Small Slimes","floor":1,"turns":3},{"damage":1,"enemies":"2 Louse","floor":2,"turns":3},{"damage":1,"enemies":"Cultist","floor":3,"turns":4},{"damage":0,"enemies":"3 Louse","floor":4,"turns":3},{"damage":2,"enemies":"2 Fungi Beasts","floor":5,"turns":5},{"damage":7,"enemies":"3 Sentries","floor":6,"turns":10},{"damage":0,"enemies":"Large Slime","floor":8,"turns":10},{"damage":0,"enemies":"Lagavulin","floor":11,"turns":8},{"damage":0,"enemies":"Exordium Thugs","floor":13,"turns":5},{"damage":40,"enemies":"Hexaghost","floor":16,"turns":13},{"damage":16,"enemies":"Chosen","floor":18,"turns":8},{"damage":17,"enemies":"Spheric Guardian","floor":20,"turns":7},{"damage":48,"enemies":"3 Cultists","floor":21,"turns":6}],"seed_played":"-3112502757873462751","potions_obtained":[{"floor":3,"key":"Energy Potion"},{"floor":4,"key":"Poison Potion"},{"floor":11,"key":"Explosive Potion"},{"floor":13,"key":"SkillPotion"},{"floor":18,"key":"Ancient Potion"},{"floor":20,"key":"GhostInAJar"}],"is_trial":false,"path_per_floor":["M","M","M","M","M","E","$","M","T","?","E","R","M","?","R","B",null,"M","$","M"],"character_chosen":"THE_SILENT","items_purchased":["Backflip","Well Laid Plans","Outmaneuver"],"campfire_rested":0,"item_purchase_floors":[7,7,19],"current_hp_per_floor":[70,69,68,68,66,66,66,66,66,47,47,47,47,47,47,7,77,61,61,44,0],"gold":327,"neow_bonus":"UPGRADE_CARD","is_prod":false,"is_daily":false,"chose_seed":false,"campfire_upgraded":2,"win_rate":0,"timestamp":1538162821,"path_taken":["M","M","M","M","M","E","$","M","T","?","E","R","M","?","R","BOSS","M","$","M","M"],"build_version":"2018-09-27","purchased_purges":2,"victory":false,"max_hp_per_floor":[70,70,70,70,70,77,77,77,77,77,77,77,77,77,77,77,77,77,77,77,77],"card_choices":[{"not_picked":["Dodge and Roll","Crippling Poison"],"picked":"Backflip","floor":1},{"not_picked":["Underhanded Strike","Dagger Throw","Riddle With Holes"],"picked":"SKIP","floor":2},{"not_picked":["Crippling Poison","Reflex"],"picked":"Noxious Fumes","floor":3},{"not_picked":["All Out Attack","Sucker Punch"],"picked":"Deflect","floor":4},{"not_picked":["Dodge and Roll","Poisoned Stab","Quick Slash"],"picked":"SKIP","floor":5},{"not_picked":["Predator","Deflect","Sucker Punch"],"picked":"SKIP","floor":6},{"not_picked":["Sucker Punch","Dagger Throw"],"picked":"Acrobatics","floor":8},{"not_picked":["Venomology","Bane","Riddle With Holes"],"picked":"SKIP","floor":11},{"not_picked":["Prepared","PiercingWail"],"picked":"Outmaneuver","floor":13},{"not_picked":["Dagger Spray+1","Slice","Dagger Throw"],"picked":"SKIP","floor":18},{"not_picked":["Flying Knee+1","Sucker Punch"],"picked":"Prepared","floor":20}],"player_experience":142775,"relics_obtained":[{"floor":6,"key":"Strawberry"},{"floor":9,"key":"Bag of Marbles"},{"floor":11,"key":"Potion Belt"}],"event_choices":[{"event_name":"Golden Idol","player_choice":"Take Damage","floor":10,"damage_taken":0},{"event_name":"Liars Game","player_choice":"agreed","floor":14,"damage_taken":0}],"is_beta":false,"boss_relics":[{"not_picked":["Lizard Tail","Eternal Feather"],"picked":"HoveringKite"}],"items_purged_floors":[7,19],"is_endless":false,"potions_floor_spawned":[3,4,11,13,18,20],"killed_by":"3 Cultists","ascension_level":0}