{"path_per_floor":["M","?","M","M","M","R","M","R","T","?","E","$","E","M","R","B",null,"M","?","?","?","M","R","$","M","T","E","?","R","M","E","R","B",null,"M","M","?","M","$","E","R","?","T","R","M","M","R","M","R","B"],"character_chosen":"THE_SILENT","items_purchased":["Backflip","Apotheosis","Footwork","Vajra","Torii","Escape Plan"],"gold_per_floor":[111,111,127,142,155,155,175,175,202,202,236,3,28,39,39,143,143,159,159,189,189,208,208,63,80,80,112,112,112,124,457,457,562,562,572,585,585,596,4,30,30,85,85,85,105,119,119,139,139,139],"floor_reached":51,"campfire_rested":1,"playtime":5230,"current_hp_per_floor":[70,75,70,70,70,70,70,70,70,70,46,46,35,35,57,51,75,75,59,50,50,50,50,50,50,50,48,48,48,48,48,55,55,82,82,73,73,73,73,73,73,73,73,73,73,73,73,73,73,56],"items_purged":["Strike_G","Strike_G"],"gold":139,"play_id":"c9dadafa-ea5a-48b3-a1b1-94125f368d91","is_prod":false,"is_daily":false,"is_ascension_mode":false,"campfire_upgraded":3,"path_taken":["M","?","?","M","M","R","M","R","T","?","E","?","E","M","R","BOSS","M","?","?","?","M","R","$","M","T","E","?","R","M","E","R","BOSS","M","M","?","M","$","E","R","?","T","R","M","M","R","M","R","BOSS"],"build_version":"2018-01-23-BETA1","purchased_purges":2,"victory":true,"master_deck":["Defend_G","Defend_G","Defend_G","Defend_G","Defend_G","Survivor","Neutralize","Leg Sweep","Well Laid Plans","Footwork","Noxious Fumes","Dagger Spray","Choke","Backflip","Apotheosis","Backflip","Quick Slash","Burst","Adrenaline","Backstab","Bullet Time","PiercingWail","Necronomicurse","Dodge and Roll","PiercingWail","Footwork","Blur","Caltrops","Flying Knee","Malaise","Adrenaline","Outmaneuver","Flash of Steel","Escape Plan","Acrobatics","Prepared","Wraith Form","Prepared"],"max_hp_per_floor":[70,75,75,75,75,75,75,75,75,75,75,75,75,75,75,75,75,75,75,75,75,75,75,75,75,75,75,75,75,75,75,82,82,82,82,82,82,82,82,82,82,82,82,82,82,82,82,82,82,82],"relics":["Ring of the Snake","Frozen Egg","Paper Crane","Happy Flower","Astrolabe","Necronomicon","Red Mask","Ornamental Fan","Shovel","Oddly Smooth Stone","Bottled Flame","Old Coin","Strawberry","Cursed Key","Vajra","Torii","Letter Opener","Toxic Egg","Calipers","Shuriken","Gremlin Horn","War Paint"],"card_choices":[{"not_picked":["Backstab","Flying Knee"],"picked":"Leg Sweep"},{"not_picked":["Deflect","Dash"],"picked":"Well Laid Plans"},{"not_picked":["Infinite Blades","Backflip"],"picked":"Footwork"},{"not_picked":["All Out Attack","Dagger Throw"],"picked":"Noxious Fumes"},{"not_picked":["Dodge and Roll","Quick Slash"],"picked":"Dagger Spray"},{"not_picked":["Flechettes","Slice"],"picked":"Choke"},{"not_picked":["A Thousand Cuts","Outmaneuver"],"picked":"Backflip"},{"not_picked":["Escape Plan","Crippling Poison"],"picked":"Quick Slash"},{"not_picked":["Tools of the Trade","Die Die Die"],"picked":"Burst"},{"not_picked":["Poisoned Stab","Quick Slash"],"picked":"PiercingWail"},{"not_picked":["Leg Sweep","Eviscerate"],"picked":"Dodge and Roll"},{"not_picked":["Endless Agony","Slice"],"picked":"PiercingWail"},{"not_picked":["Dagger Spray","PiercingWail"],"picked":"Blur"},{"not_picked":["Dodge and Roll","Heel Hook"],"picked":"Caltrops"},{"not_picked":["Terror","Masterful Stab"],"picked":"Flying Knee"},{"not_picked":["PiercingWail","Distraction"],"picked":"Malaise"},{"not_picked":["Glass Knife","Tools of the Trade"],"picked":"Adrenaline"},{"not_picked":["Terror","Deflect"],"picked":"Outmaneuver"},{"not_picked":["Deflect","Deadly Poison"],"picked":"Acrobatics"},{"not_picked":["Deadly Poison","Deflect"],"picked":"Prepared"},{"not_picked":["Slice","Dodge and Roll"],"picked":"Wraith Form"},{"not_picked":["PiercingWail","Outmaneuver"],"picked":"Prepared"}],"player_experience":15671,"potions_floor_usage":[11,13,36,36,36,42,50,50],"damage_taken":[{"damage":0,"enemies":"Small Slimes","floor":1,"turns":3},{"damage":5,"enemies":"Jaw Worm","floor":3,"turns":5},{"damage":0,"enemies":"Cultist","floor":4,"turns":4},{"damage":0,"enemies":"Red Slaver","floor":5,"turns":7},{"damage":0,"enemies":"3 Louse","floor":7,"turns":5},{"damage":24,"enemies":"Gremlin Nob","floor":11,"turns":6},{"damage":11,"enemies":"3 Sentries","floor":13,"turns":5},{"damage":0,"enemies":"2 Fungi Beasts","floor":14,"turns":4},{"damage":6,"enemies":"The Guardian","floor":16,"turns":11},{"damage":0,"enemies":"Spheric Guardian","floor":18,"turns":4},{"damage":9,"enemies":"Masked Bandits","floor":20,"turns":5},{"damage":0,"enemies":"2 Thieves","floor":22,"turns":4},{"damage":0,"enemies":"Sentry and Sphere","floor":25,"turns":5},{"damage":2,"enemies":"Slavers","floor":27,"turns":6},{"damage":0,"enemies":"Snake Plant","floor":30,"turns":6},{"damage":0,"enemies":"Gremlin Leader","floor":31,"turns":7},{"damage":0,"enemies":"Champ","floor":33,"turns":17},{"damage":0,"enemies":"Orb Walker","floor":35,"turns":4},{"damage":9,"enemies":"Flame Bruiser 1 Orb","floor":36,"turns":5},{"damage":0,"enemies":"Maw","floor":38,"turns":9},{"damage":0,"enemies":"Giant Head","floor":40,"turns":10},{"damage":0,"enemies":"Mysterious Sphere","floor":42,"turns":5},{"damage":0,"enemies":"Spire Growth","floor":45,"turns":5},{"damage":0,"enemies":"Flame Bruiser 2 Orb","floor":46,"turns":2},{"damage":0,"enemies":"Sphere and 2 Shapes","floor":48,"turns":4},{"damage":17,"enemies":"Donu and Deca","floor":50,"turns":8}],"event_choices":[{"event_name":"Big Fish","player_choice":"Donut","floor":2,"damage_taken":0},{"event_name":"Scrap Ooze","player_choice":"unsuccessful","floor":10,"damage_taken":0},{"event_name":"Cursed Tome","player_choice":"Obtained Book","floor":19,"damage_taken":0},{"event_name":"Masked Bandits","player_choice":"Fought over 159 gold","floor":20,"damage_taken":0},{"event_name":"The Mausoleum","player_choice":"Yes","floor":21,"damage_taken":0},{"event_name":"Back to Basics","player_choice":"Simplicity","floor":28,"damage_taken":0},{"event_name":"Match and Keep!","player_choice":"1 cards matched","floor":37,"damage_taken":0},{"event_name":"Mysterious Sphere","player_choice":"Fight","floor":42,"damage_taken":0}],"boss_relics":[{"not_picked":["Ectoplasm","Runic Pyramid"],"picked":"Astrolabe"},{"not_picked":["Calling Bell","Black Star"],"picked":"Cursed Key"}],"potions_floor_spawned":[1,5,7,14,18,25,31,36,38,46],"seed_played":"-2725337057374260859","ascension_level":0,"is_trial":false}