{"path_per_floor":["M","M","M","M","?","R","?","E","T","E","R","$","R","M","R","B",null,"M","M","?","M","M","E","R","M","T","R","?","T","R","M","R","B",null],"character_chosen":"THE_SILENT","items_purchased":["Tools of the Trade"],"gold_per_floor":[147,162,178,197,197,197,197,222,222,254,254,41,41,58,58,155,155,168,187,112,127,142,173,173,192,222,222,222,222,222,240,240,340,340,340],"floor_reached":35,"campfire_rested":3,"playtime":2138,"current_hp_per_floor":[73,73,73,58,58,58,58,35,35,36,36,36,58,58,58,35,65,53,47,47,32,33,14,36,42,42,42,42,42,42,38,60,14,60,60],"items_purged":["Regret"],"gold":340,"score":484,"play_id":"e79cb33e-882d-4357-9690-29b234d192f5","local_time":"20180413200701","is_prod":false,"is_daily":false,"chose_seed":false,"is_ascension_mode":true,"campfire_upgraded":5,"timestamp":1523642821,"path_taken":["M","M","M","M","?","R","?","E","T","E","R","$","R","M","R","BOSS","M","M","?","M","M","E","R","M","T","R","?","?","R","M","R","BOSS","M"],"build_version":"2018-04-12","seed_source_timestamp":0,"purchased_purges":1,"victory":false,"master_deck":["Survivor","Neutralize+1","Flying Knee+1","Slice","Sucker Punch+1","Terror","PiercingWail","Choke","Tools of the Trade+1","Infinite Blades+1","Glass Knife+1","Cloak And Dagger+1","Footwork+1","Escape Plan","Noxious Fumes+1","Flying Knee","Accuracy+1","PiercingWail","Backflip","Slice+1","Backflip","Deadly Poison","Masterful Stab+1","Noxious Fumes+1","Deflect","PiercingWail","Backflip","Skewer+1"],"max_hp_per_floor":[75,75,75,75,75,75,75,75,75,75,75,75,75,75,75,75,75,75,75,75,75,75,75,75,75,75,75,75,75,75,75,75,75,75,75],"relics":["Tiny House","Dodecahedron","Frozen Egg 2","Meat on the Bone","Bottled Flame","Velvet Choker","Shuriken","Tiny Chest","Molten Egg 2","Pandora\u0027s Box"],"card_choices":[{"not_picked":["Flechettes","Bane"],"picked":"Flying Knee","floor":0.0},{"not_picked":["Bane","Deadly Poison"],"picked":"Slice","floor":1.0},{"not_picked":["Finisher","Endless Agony"],"picked":"Sucker Punch","floor":2.0},{"not_picked":["Crippling Poison","Dagger Spray"],"picked":"Terror","floor":3.0},{"not_picked":["Sucker Punch","Prepared"],"picked":"PiercingWail","floor":4.0},{"not_picked":["Bouncing Flask","Outmaneuver"],"picked":"Choke","floor":8.0},{"not_picked":["Blade Dance","Choke"],"picked":"Infinite Blades","floor":14.0},{"not_picked":["Unload","Bullet Time"],"picked":"Glass Knife","floor":16.0},{"not_picked":["Crippling Poison","Bane"],"picked":"Cloak And Dagger","floor":18.0},{"not_picked":["Concentrate","Quick Slash"],"picked":"Footwork","floor":19.0},{"not_picked":["Prepared","Poisoned Stab"],"picked":"Escape Plan","floor":21.0},{"not_picked":["Bullet Time","Underhanded Strike"],"picked":"Noxious Fumes","floor":22.0},{"not_picked":["Noxious Fumes","Terror"],"picked":"Flying Knee","floor":23.0},{"not_picked":["Outmaneuver","Prepared"],"picked":"Accuracy","floor":25.0},{"not_picked":["Die Die Die","Deadly Poison"],"picked":"Backflip","floor":31.0}],"player_experience":231849,"potions_floor_usage":[],"damage_taken":[{"damage":2.0,"enemies":"Jaw Worm","floor":1.0,"turns":6.0},{"damage":0.0,"enemies":"2 Louse","floor":2.0,"turns":4.0},{"damage":0.0,"enemies":"Small Slimes","floor":3.0,"turns":3.0},{"damage":15.0,"enemies":"Exordium Wildlife","floor":4.0,"turns":6.0},{"damage":23.0,"enemies":"3 Sentries","floor":8.0,"turns":9.0},{"damage":11.0,"enemies":"Gremlin Nob","floor":10.0,"turns":4.0},{"damage":0.0,"enemies":"Red Slaver","floor":14.0,"turns":4.0},{"damage":35.0,"enemies":"The Guardian","floor":16.0,"turns":14.0},{"damage":12.0,"enemies":"Shell Parasite","floor":18.0,"turns":4.0},{"damage":6.0,"enemies":"3 Byrds","floor":19.0,"turns":5.0},{"damage":27.0,"enemies":"Slaver and Parasite","floor":21.0,"turns":6.0},{"damage":11.0,"enemies":"Snecko","floor":22.0,"turns":6.0},{"damage":31.0,"enemies":"Book of Stabbing","floor":23.0,"turns":6.0},{"damage":6.0,"enemies":"Centurion and Healer","floor":25.0,"turns":5.0},{"damage":16.0,"enemies":"Snake Plant","floor":31.0,"turns":4.0},{"damage":58.0,"enemies":"Automaton","floor":33.0,"turns":9.0},{"damage":0,"enemies":"3 Darklings","floor":35,"turns":1}],"event_choices":[{"event_name":"Big Fish","player_choice":"Box","floor":5.0,"damage_taken":0.0},{"event_name":"The Lab","player_choice":"Got Potions","floor":7.0,"damage_taken":0.0},{"event_name":"Beggar","player_choice":"Gave Gold","floor":20.0,"damage_taken":0.0},{"event_name":"Duplicator","player_choice":"One dupe","floor":28.0,"damage_taken":0.0}],"boss_relics":[],"potions_floor_spawned":[2,10,16,18,19,22],"seed_played":"-5433007783708463650","killed_by":"3 Darklings","ascension_level":5,"is_trial":false}