{"gold_per_floor":[114,40,60,60,24,50,62,93,129,153,184,215,237,282,294,306],"floor_reached":16,"playtime":1266,"items_purged":[],"score":177,"play_id":"033201a4-54ef-4f78-a619-0f19af73d4db","local_time":"20190224123345","is_ascension_mode":true,"campfire_choices":[{"data":"Thinking Ahead","floor":7,"key":"SMITH"},{"data":"Go for the Eyes","floor":15,"key":"SMITH"}],"neow_cost":"TEN_PERCENT_HP_LOSS","seed_source_timestamp":312464003300739,"circlet_count":0,"master_deck":["AscendersBane","Strike_B","Strike_B","Strike_B","Strike_B","Defend_B","Defend_B","Defend_B","Defend_B","Zap","Dualcast","Thinking Ahead+1","Madness","Compile Driver","Auto Shields","Fusion","Coolheaded","Self Repair","White Noise","Reboot","Go for the Eyes+1","Compile Driver"],"relics":["Cracked Core","MawBank"],"potions_floor_usage":[6,6,11,12,13],"damage_taken":[{"damage":0,"enemies":"Cultist","floor":1,"turns":4},{"damage":1,"enemies":"2 Louse","floor":3,"turns":2},{"damage":40,"enemies":"3 Sentries","floor":6,"turns":9},{"damage":0,"enemies":"Small Slimes","floor":8,"turns":3},{"damage":24,"enemies":"Exordium Wildlife","floor":10,"turns":8},{"damage":0,"enemies":"Red Slaver","floor":11,"turns":3},{"damage":0,"enemies":"Exordium Thugs","floor":12,"turns":5},{"damage":1,"enemies":"Blue Slaver","floor":13,"turns":5},{"damage":8,"enemies":"Lagavulin","floor":14,"turns":10},{"damage":32,"enemies":"Slime Boss","floor":16,"turns":6}],"seed_played":"-3719371454879868766","potions_obtained":[{"floor":1,"key":"SteroidPotion"},{"floor":8,"key":"EssenceOfSteel"},{"floor":10,"key":"Poison Potion"},{"floor":12,"key":"SkillPotion"}],"is_trial":false,"path_per_floor":["M","$","M","?","$","E","R","M","T","M","M","M","M","E","R","B"],"character_chosen":"DEFECT","items_purchased":["LiquidBronze","Fusion"],"campfire_rested":0,"item_purchase_floors":[2,5],"current_hp_per_floor":[68,68,67,72,72,32,32,32,32,15,15,22,35,34,34,2],"gold":306,"neow_bonus":"RANDOM_COLORLESS_2","is_prod":false,"is_daily":false,"chose_seed":false,"campfire_upgraded":2,"win_rate":0,"timestamp":1551029625,"path_taken":["M","$","?","?","$","E","R","M","T","M","M","M","M","E","R","BOSS"],"build_version":"2019-01-23","purchased_purges":0,"victory":false,"max_hp_per_floor":[68,68,68,73,73,73,73,73,73,73,73,73,73,73,73,73],"card_choices":[{"not_picked":["Redo","Stack"],"picked":"Compile Driver","floor":1},{"not_picked":["Go for the Eyes","Hologram"],"picked":"Auto Shields","floor":3},{"not_picked":["Gash","Rebound"],"picked":"Coolheaded","floor":6},{"not_picked":["Undo","Recycle"],"picked":"Self Repair","floor":8},{"not_picked":["Gash","Rebound"],"picked":"White Noise","floor":10},{"not_picked":["Redo","Leap","Turbo"],"picked":"SKIP","floor":11},{"not_picked":["Sweeping Beam","Hologram"],"picked":"Reboot","floor":12},{"not_picked":["Go for the Eyes","Sweeping Beam","Melter"],"picked":"SKIP","floor":13},{"not_picked":["Go for the Eyes","Sweeping Beam","Melter"],"picked":"SKIP","floor":13},{"not_picked":["Sweeping Beam","Melter"],"picked":"Go for the Eyes","floor":13},{"not_picked":["Static Discharge","Fusion"],"picked":"Compile Driver","floor":14}],"player_experience":702500,"relics_obtained":[{"floor":6,"key":"MawBank"}],"event_choices":[{"damage_healed":0,"gold_gain":0,"player_choice":"Donut","damage_taken":0,"max_hp_gain":5,"max_hp_loss":0,"event_name":"Big Fish","floor":4,"gold_loss":0}],"is_beta":false,"boss_relics":[],"items_purged_floors":[],"is_endless":false,"potions_floor_spawned":[1,8,10,12],"killed_by":"Slime Boss","ascension_level":11}