{"path_per_floor":["M","M","M","M","M","R","M","R","T","E","M","R","M","M","R","B",null,"M","?","M","M","$","E","R","E","T","M","M","?","R","M","R","B",null,"M","?","$","M","M","R","M","R","T","E","$","R","M","?","R"],"character_chosen":"THE_SILENT","items_purchased":["Anchor","Master of Strategy","Purity","Whetstone"],"gold_per_floor":[109,125,139,154,171,171,184,184,263,288,298,298,310,325,325,424,424,443,393,411,430,29,60,60,86,86,102,118,118,118,135,135,231,231,248,248,42,56,71,71,91,91,148,183,35,35,48,298,298],"floor_reached":50,"campfire_rested":0,"playtime":5687,"current_hp_per_floor":[63,63,63,58,58,58,58,58,58,52,54,54,53,55,55,48,63,61,61,63,59,59,39,39,41,41,31,34,67,67,67,67,39,67,55,45,45,47,49,61,62,67,67,60,60,69,55,55,69],"items_purged":["Strike_G","Strike_G"],"gold":298,"play_id":"525e987d-58db-41fb-9748-f1a8b274e6ef","is_prod":false,"is_daily":false,"campfire_rituals":0,"campfire_upgraded":11,"is_hardmode":false,"path_taken":["M","M","M","M","M","R","M","R","T","E","M","R","M","M","R","BOSS","M","?","M","M","$","E","R","E","T","M","?","?","R","M","R","BOSS","M","?","$","M","M","R","M","R","T","E","$","R","M","?","R","BOSS"],"build_version":"2018-01-18-PROD4","purchased_purges":2,"victory":false,"master_deck":["Defend_G","Defend_G","Defend_G","Defend_G","Defend_G","Strike_G","Strike_G","Strike_G","Survivor","Neutralize","Glass Knife","Adrenaline","Infinite Blades","Quick Slash","Terror","Dash","Backflip","Flying Knee","Reflex","Bullet Time","Predator","Outmaneuver","Master of Strategy","Tools of the Trade","Parasite","Cloak And Dagger","Flying Knee","After Image","Deflect","Madness","Madness","Purity","Choke","Quick Slash","Caltrops","Doubt","Night Terror","Regret"],"max_hp_per_floor":[63,63,63,63,63,63,63,63,63,63,63,63,63,63,63,63,63,63,63,63,63,63,65,65,65,65,65,67,67,67,67,67,67,67,67,67,67,67,67,67,67,67,67,69,69,69,69,69,69],"relics":["Ring of the Snake","Ornamental Fan","Blood Vial","Cursed Key","Anchor","Singing Bowl","Blue Candle","Centennial Puzzle","Eternal Feather","Tiny Chest","Orichalcum","Whetstone"],"campfire_meditates":0,"card_choices":[{"not_picked":["Die Die Die","Wraith Form"],"picked":"Glass Knife"},{"not_picked":["Deflect","Backflip"],"picked":"Adrenaline"},{"not_picked":["Escape Plan","Dagger Throw"],"picked":"Infinite Blades"},{"not_picked":["Bane","Slice"],"picked":"Quick Slash"},{"not_picked":["Bane","Outmaneuver"],"picked":"Terror"},{"not_picked":["Outmaneuver","Prepared"],"picked":"Riddle With Holes"},{"not_picked":["Poisoned Stab","Riddle With Holes"],"picked":"Dash"},{"not_picked":["Escape Plan","Underhanded Strike"],"picked":"Backflip"},{"not_picked":["Sucker Punch","Bane"],"picked":"Flying Knee"},{"not_picked":["Catalyst","Setup"],"picked":"Reflex"},{"not_picked":["Wraith Form","Grand Finale"],"picked":"Bullet Time"},{"not_picked":["Acrobatics","Flying Knee"],"picked":"Predator"},{"not_picked":["Dagger Spray","Dodge and Roll"],"picked":"Outmaneuver"},{"not_picked":["Escape Plan","Slice"],"picked":"Tools of the Trade"},{"not_picked":["Dash","Dodge and Roll"],"picked":"Cloak And Dagger"},{"not_picked":["Deadly Poison","Dagger Throw"],"picked":"Flying Knee"},{"not_picked":["Venomology","Wraith Form"],"picked":"After Image"},{"not_picked":["Cloak And Dagger","Masterful Stab"],"picked":"Deflect"},{"not_picked":["Deadly Poison","Blade Dance"],"picked":"Choke"},{"not_picked":["Outmaneuver","Dodge and Roll"],"picked":"Quick Slash"},{"not_picked":["Leg Sweep","Backflip"],"picked":"Caltrops"},{"not_picked":["Well Laid Plans","Poisoned Stab"],"picked":"Night Terror"}],"player_experience":367394,"potions_floor_usage":[4,10,10,23,23,23,38,47,47,50,50],"damage_taken":[{"damage":0,"enemies":"2 Louse","floor":1,"turns":2},{"damage":0,"enemies":"Blue Slaver","floor":2,"turns":6},{"damage":0,"enemies":"Small Slimes","floor":3,"turns":3},{"damage":5,"enemies":"Gremlin Gang","floor":4,"turns":4},{"damage":0,"enemies":"Red Slaver","floor":5,"turns":3},{"damage":0,"enemies":"Exordium Wildlife","floor":7,"turns":2},{"damage":6,"enemies":"Lagavulin","floor":10,"turns":4},{"damage":0,"enemies":"Looter","floor":11,"turns":2},{"damage":3,"enemies":"Exordium Thugs","floor":13,"turns":5},{"damage":0,"enemies":"Large Slime","floor":14,"turns":4},{"damage":9,"enemies":"Hexaghost","floor":16,"turns":7},{"damage":2,"enemies":"3 Byrds","floor":18,"turns":6},{"damage":0,"enemies":"Chosen","floor":20,"turns":4},{"damage":4,"enemies":"3 Cultists","floor":21,"turns":5},{"damage":24,"enemies":"Slavers","floor":23,"turns":9},{"damage":0,"enemies":"Gremlin Leader","floor":25,"turns":5},{"damage":12,"enemies":"Snake Plant","floor":27,"turns":3},{"damage":1,"enemies":"Centurion and Healer","floor":28,"turns":5},{"damage":0,"enemies":"3 Cultists","floor":31,"turns":5},{"damage":28,"enemies":"Automaton","floor":33,"turns":10},{"damage":12,"enemies":"3 Shapes","floor":35,"turns":5},{"damage":0,"enemies":"3 Darklings","floor":38,"turns":7},{"damage":0,"enemies":"4 Shapes","floor":39,"turns":7},{"damage":1,"enemies":"Maw","floor":41,"turns":7},{"damage":9,"enemies":"Giant Head","floor":44,"turns":8},{"damage":14,"enemies":"3 Darklings","floor":47,"turns":6},{"damage":78,"enemies":"Time Eater","floor":50,"turns":8}],"event_choices":[{"event_name":"The Joust","player_choice":"Bet on Owner","floor":19,"damage_taken":0},{"event_name":"Bonfire Elementals","player_choice":"UNCOMMON","floor":29,"damage_taken":0},{"event_name":"Winding Halls","player_choice":"Embrace Madness","floor":36,"damage_taken":0},{"event_name":"Golden Shrine","player_choice":"Desecrate","floor":48,"damage_taken":0}],"boss_relics":[{"not_picked":["Pandora\u0027s Box","Runic Dome"],"picked":"Cursed Key"},{"not_picked":["Velvet Choker","Calling Bell"],"picked":"Eternal Feather"}],"potions_floor_spawned":[2,4,5,7,11,16,18,20,25,33,39,44,47],"seed_played":"7963800429656259377","killed_by":"Time Eater","is_trial":false}