{"gold_per_floor":[11,27,42,54,54,54,74,104,150,183,183,197,209,220,220,316,316,302,302,318,333,333,333,368,368,395,428,441,441,441,5,5,102,102,119,129,140,160,170,203,203,203,249,249,269,269,38,57,57,57],"floor_reached":50,"playtime":8911,"items_purged":["Strike_R","Carnage"],"score":603,"play_id":"eb5d1242-aa16-4b81-976f-7660a91c7dc0","local_time":"20190122211920","is_ascension_mode":false,"campfire_choices":[{"data":"Whirlwind","floor":6.0,"key":"SMITH"},{"data":"Entrench","floor":11.0,"key":"SMITH"},{"data":"Defend_R","floor":15.0,"key":"SMITH"},{"data":"Barricade","floor":23,"key":"SMITH"},{"floor":25,"key":"REST"},{"floor":29,"key":"REST"},{"data":"Juggernaut","floor":32,"key":"SMITH"},{"floor":41,"key":"REST"},{"data":"Demon Form","floor":44,"key":"SMITH"},{"floor":46,"key":"REST"},{"floor":49,"key":"REST"}],"neow_cost":"NO_GOLD","seed_source_timestamp":0,"circlet_count":0,"master_deck":["Strike_R","Strike_R","Strike_R","Strike_R","Defend_R+1","Defend_R","Defend_R","Defend_R","Bash","Whirlwind+1","Entrench+1","Clash","Pommel Strike","Iron Wave","Carnage","Flame Barrier","Body Slam","Iron Wave","Barricade+1","Iron Wave","Cleave","Iron Wave+1","Clash","Ghostly Armor+1","Pummel+1","Iron Wave+1","Juggernaut+1","Clash+1","The Bomb","Demon Form+1","Body Slam+1","True Grit+1","Bloodletting+1","Warcry+1","Clash+1","Anger+1","Thinking Ahead","Clash+1","Pummel+1","Havoc","Twin Strike+1"],"special_seed":0,"relics":["Black Blood","Magic Flower","Ornamental Fan","Happy Flower","Bottled Lightning","Runic Cube","PreservedInsect","Mercury Hourglass","Red Skull","Molten Egg 2","NlothsMask","FossilizedHelix"],"potions_floor_usage":[18,20,28,33,39,40,45,50],"damage_taken":[{"damage":1.0,"enemies":"Small Slimes","floor":1.0,"turns":3.0},{"damage":15.0,"enemies":"Jaw Worm","floor":2.0,"turns":6.0},{"damage":2.0,"enemies":"2 Louse","floor":3.0,"turns":3.0},{"damage":14.0,"enemies":"Gremlin Gang","floor":4.0,"turns":3.0},{"damage":2.0,"enemies":"3 Louse","floor":7.0,"turns":2.0},{"damage":30.0,"enemies":"3 Sentries","floor":8.0,"turns":8.0},{"damage":23.0,"enemies":"Lagavulin","floor":10.0,"turns":7.0},{"damage":3.0,"enemies":"Blue Slaver","floor":12.0,"turns":2.0},{"damage":11.0,"enemies":"Lots of Slimes","floor":13.0,"turns":2.0},{"damage":3.0,"enemies":"Red Slaver","floor":14.0,"turns":3.0},{"damage":21.0,"enemies":"Slime Boss","floor":16.0,"turns":10.0},{"damage":22,"enemies":"2 Thieves","floor":18,"turns":4},{"damage":10,"enemies":"Shell Parasite","floor":20,"turns":7},{"damage":17,"enemies":"Cultist and Chosen","floor":21,"turns":7},{"damage":34,"enemies":"Book of Stabbing","floor":24,"turns":6},{"damage":29,"enemies":"Slavers","floor":27,"turns":4},{"damage":13,"enemies":"Snake Plant","floor":28,"turns":3},{"damage":40,"enemies":"Collector","floor":33,"turns":10},{"damage":14,"enemies":"Orb Walker","floor":35,"turns":5},{"damage":15,"enemies":"3 Darklings","floor":36,"turns":3},{"damage":34,"enemies":"Spire Growth","floor":37,"turns":6},{"damage":14,"enemies":"4 Shapes","floor":38,"turns":4},{"damage":29,"enemies":"3 Darklings","floor":39,"turns":6},{"damage":31,"enemies":"Giant Head","floor":40,"turns":7},{"damage":56,"enemies":"Spire Growth","floor":45,"turns":5},{"damage":40,"enemies":"Sphere and 2 Shapes","floor":48,"turns":6},{"damage":69,"enemies":"Time Eater","floor":50,"turns":7}],"seed_played":"2630408694264981235","potions_obtained":[{"floor":2.0,"key":"SkillPotion"},{"floor":3.0,"key":"Block Potion"},{"floor":8.0,"key":"BloodPotion"},{"floor":10.0,"key":"Fire Potion"},{"floor":14.0,"key":"BloodPotion"},{"floor":16.0,"key":"PowerPotion"},{"floor":24,"key":"GamblersBrew"},{"floor":27,"key":"SkillPotion"},{"floor":38,"key":"Weak Potion"},{"floor":39,"key":"Fire Potion"},{"floor":45,"key":"Explosive Potion"}],"is_trial":false,"path_per_floor":["M","M","M","M","?","R","M","E","T","E","R","M","M","M","R","B",null,"M","?","M","M","?","R","E","R","T","E","M","R","?","$","R","B",null,"M","M","M","M","M","E","R","?","T","R","M","R","$","M","R","B"],"character_chosen":"IRONCLAD","items_purchased":["Juggernaut","Clash+1","The Bomb","Pummel+1","Havoc"],"campfire_rested":5,"item_purchase_floors":[31,31,31,47,47],"current_hp_per_floor":[80,74,80,75,80,80,85,64,64,50,50,56,54,60,60,48,85,72,72,83,75,75,75,50,75,75,55,51,76,76,76,76,45,85,85,85,66,67,53,37,62,62,62,62,33,58,58,33,58,0],"gold":57,"neow_bonus":"ONE_RARE_RELIC","is_prod":false,"is_daily":false,"chose_seed":false,"campfire_upgraded":6,"win_rate":0.0,"timestamp":1548220760,"path_taken":["M","M","M","M","?","R","M","E","T","E","R","M","M","M","R","BOSS","M","?","M","M","?","R","E","R","T","E","M","R","?","$","R","BOSS","M","M","M","?","M","E","R","?","T","R","M","R","$","M","R","BOSS"],"build_version":"2019-01-17v2","purchased_purges":2,"victory":false,"max_hp_per_floor":[80,80,80,80,85,85,85,85,85,85,85,85,85,85,85,85,85,85,85,85,85,85,85,85,85,85,85,85,85,85,85,85,85,85,85,85,85,85,85,85,85,85,85,85,85,85,85,85,85,85],"card_choices":[{"not_picked":["True Grit","Sword Boomerang"],"picked":"Whirlwind","floor":1.0},{"not_picked":["Sword Boomerang","Shrug It Off"],"picked":"Carnage","floor":2.0},{"not_picked":["Corruption","Shrug It Off"],"picked":"Entrench","floor":3.0},{"not_picked":["Warcry","Armaments"],"picked":"Clash","floor":4.0},{"not_picked":["Thunderclap","Flex"],"picked":"Pommel Strike","floor":7.0},{"not_picked":["True Grit","Sword Boomerang"],"picked":"Iron Wave","floor":8.0},{"not_picked":["Fiend Fire","Flex"],"picked":"Carnage","floor":10.0},{"not_picked":["Body Slam","Heavy Blade"],"picked":"Flame Barrier","floor":12.0},{"not_picked":["Clothesline","True Grit"],"picked":"Body Slam","floor":13.0},{"not_picked":["Armaments","Intimidate"],"picked":"Iron Wave","floor":14.0},{"not_picked":["Juggernaut","Fiend Fire"],"picked":"Barricade","floor":16.0},{"not_picked":["Wild Strike","Shrug It Off"],"picked":"Iron Wave","floor":18},{"not_picked":["Dual Wield","Blood for Blood"],"picked":"Cleave","floor":20},{"not_picked":["Brutality","Disarm"],"picked":"Iron Wave+1","floor":21},{"not_picked":["Havoc","Twin Strike"],"picked":"Ghostly Armor+1","floor":24},{"not_picked":["Rage","Sever Soul"],"picked":"Pummel","floor":27},{"not_picked":["Headbutt+1","Searing Blow+1"],"picked":"Iron Wave+1","floor":28},{"not_picked":["Limit Break","Exhume"],"picked":"Demon Form","floor":33},{"not_picked":["Fire Breathing","Second Wind"],"picked":"Body Slam+1","floor":35},{"not_picked":["Twin Strike+1","Dual Wield"],"picked":"True Grit+1","floor":36},{"not_picked":["Heavy Blade+1","Battle Trance"],"picked":"Bloodletting+1","floor":37},{"not_picked":["Iron Wave+1","Cleave+1"],"picked":"Warcry+1","floor":38},{"not_picked":["Searing Blow+1","True Grit+1"],"picked":"Clash+1","floor":39},{"not_picked":["Blood for Blood+1","Armaments+1"],"picked":"Anger+1","floor":40},{"not_picked":["HandOfGreed+1","Bandage Up"],"picked":"Thinking Ahead","floor":42},{"not_picked":["Warcry+1","Searing Blow+1"],"picked":"Clash+1","floor":45},{"not_picked":["Dropkick+1","Clothesline+1"],"picked":"Twin Strike+1","floor":48}],"player_experience":54432,"relics_obtained":[{"floor":8.0,"key":"Ornamental Fan"},{"floor":9.0,"key":"Happy Flower"},{"floor":10.0,"key":"Bottled Lightning"},{"floor":24,"key":"Mercury Hourglass"},{"floor":26,"key":"Red Skull"},{"floor":27,"key":"Molten Egg 2"},{"floor":40,"key":"FossilizedHelix"}],"event_choices":[{"damage_healed":0.0,"max_hp_gain":5.0,"max_hp_loss":0.0,"gold_gain":0.0,"event_name":"Big Fish","player_choice":"Donut","floor":5.0,"gold_loss":0.0,"damage_taken":0.0},{"damage_healed":0,"gold_gain":0,"player_choice":"Opened","damage_taken":0,"relics_obtained":["PreservedInsect"],"max_hp_gain":0,"max_hp_loss":0,"event_name":"The Mausoleum","floor":19,"gold_loss":0},{"damage_healed":0,"gold_gain":0,"player_choice":"Read","damage_taken":0,"max_hp_gain":0,"max_hp_loss":0,"event_name":"The Library","floor":22,"gold_loss":0,"cards_obtained":["Clash"]},{"damage_healed":0,"gold_gain":0,"player_choice":"Trade","damage_taken":0,"relics_obtained":["NlothsMask"],"max_hp_gain":0,"max_hp_loss":0,"event_name":"FaceTrader","floor":30,"gold_loss":0},{"damage_healed":0,"gold_gain":0,"player_choice":"Memory 1","damage_taken":0,"max_hp_gain":0,"max_hp_loss":0,"event_name":"SensoryStone","floor":42,"gold_loss":0}],"is_beta":false,"boss_relics":[{"not_picked":["Black Star","Sozu"],"picked":"Runic Cube"},{"not_picked":["Runic Dome","Eternal Feather"],"picked":"Black Blood"}],"items_purged_floors":[31,47],"is_endless":false,"potions_floor_spawned":[2,3,8,10,14,16,24,27,38,39,45],"killed_by":"Time Eater","ascension_level":0}