{"gold_per_floor":[119,119,119,129,18,18,50,62,62,62,96,111,111,168,168,268,268,281,299,399,409,409,442,442,505,555,555,582,600,72,171,171,171],"floor_reached":33,"playtime":3179,"items_purged":["Strike_R","Defend_R"],"score":560,"play_id":"df336bba-2b51-4699-b48c-9aa5cc4b4d8e","local_time":"20190223142051","is_ascension_mode":true,"campfire_choices":[{"data":"Perfected Strike","floor":6.0,"key":"SMITH"},{"data":"Fiend Fire","floor":13,"key":"SMITH"},{"data":"Evolve","floor":15,"key":"SMITH"},{"data":"Inflame","floor":24,"key":"SMITH"},{"data":"Sword Boomerang","floor":27,"key":"SMITH"},{"floor":32,"key":"REST"}],"neow_cost":"NONE","seed_source_timestamp":0,"circlet_count":0,"master_deck":["Strike_R","Strike_R","Strike_R","Strike_R","Defend_R","Defend_R","Defend_R","Bash","Perfected Strike+1","Sever Soul","Evolve+1","Fiend Fire+1","Pommel Strike","Reaper","Power Through+1","Inflame+1","Limit Break+1","Feel No Pain+1","Combust+1","Clash","Sword Boomerang+1","Headbutt","Dual Wield+1","Feel No Pain"],"special_seed":0,"relics":["Burning Blood","NeowsBlessing","Ornamental Fan","Vajra","Toxic Egg 2","Anchor","Mark of Pain","Du-Vu Doll","Gremlin Horn","Regal Pillow","Tiny Chest","Blue Candle","Red Skull","ClockworkSouvenir"],"potions_floor_usage":[11,14,16,20,23,25],"damage_taken":[{"damage":0.0,"enemies":"Cultist","floor":1.0,"turns":1.0},{"damage":0.0,"enemies":"2 Louse","floor":4.0,"turns":1.0},{"damage":0.0,"enemies":"Lagavulin","floor":7.0,"turns":1.0},{"damage":7.0,"enemies":"Jaw Worm","floor":8.0,"turns":2.0},{"damage":10,"enemies":"3 Sentries","floor":11,"turns":8},{"damage":1,"enemies":"Exordium Wildlife","floor":12,"turns":3},{"damage":16,"enemies":"Gremlin Nob","floor":14,"turns":3},{"damage":0,"enemies":"Slime Boss","floor":16,"turns":4},{"damage":24,"enemies":"2 Thieves","floor":18,"turns":4},{"damage":2,"enemies":"Shell Parasite","floor":19,"turns":3},{"damage":8,"enemies":"Colosseum Slavers","floor":20,"turns":4},{"damage":29,"enemies":"Colosseum Nobs","floor":20,"turns":6},{"damage":26,"enemies":"Snecko","floor":21,"turns":4},{"damage":27,"enemies":"Gremlin Leader","floor":23,"turns":6},{"damage":41,"enemies":"Book of Stabbing","floor":25,"turns":5},{"damage":33,"enemies":"Slavers","floor":28,"turns":4},{"damage":7,"enemies":"Cultist and Chosen","floor":29,"turns":4},{"damage":80,"enemies":"Automaton","floor":33,"turns":6}],"seed_played":"3103738673939635297","potions_obtained":[{"floor":7.0,"key":"Block Potion"},{"floor":8.0,"key":"Poison Potion"},{"floor":14,"key":"Swift Potion"},{"floor":16,"key":"Explosive Potion"},{"floor":20,"key":"BloodPotion"},{"floor":21,"key":"Strength Potion"}],"is_trial":false,"path_per_floor":["M","?","?","M","$","R","E","M","T","$","E","M","R","?","R","B",null,"M","M","?","M","?","E","R","E","T","R","E","M","$","?","R","B"],"character_chosen":"IRONCLAD","items_purchased":["Evolve","Feel No Pain","Red Skull","ClockworkSouvenir"],"campfire_rested":1,"item_purchase_floors":[5,30,30,30],"current_hp_per_floor":[78,83,85,85,85,85,85,84,84,84,80,85,85,75,75,81,84,66,71,62,49,77,76,76,41,41,41,26,25,25,25,65,0],"gold":171,"neow_bonus":"THREE_ENEMY_KILL","is_prod":false,"is_daily":false,"chose_seed":false,"campfire_upgraded":5,"win_rate":0,"timestamp":1550949651,"path_taken":["M","?","?","?","?","R","E","M","T","$","E","M","R","?","R","BOSS","M","M","?","M","?","E","R","E","T","R","E","M","$","?","R","BOSS"],"build_version":"2019-01-23","purchased_purges":2,"victory":false,"max_hp_per_floor":[80,85,85,85,85,85,85,85,85,85,85,85,85,85,85,85,85,85,85,85,85,85,85,85,85,85,85,85,85,85,85,85,85],"card_choices":[{"not_picked":["Heavy Blade","Sentinel"],"picked":"Perfected Strike","floor":1.0},{"not_picked":["Clash","Warcry"],"picked":"Sever Soul","floor":4.0},{"not_picked":["True Grit","Entrench"],"picked":"Fiend Fire","floor":7.0},{"not_picked":["Anger","Headbutt"],"picked":"Pommel Strike","floor":8.0},{"not_picked":["Sword Boomerang","Havoc"],"picked":"Reaper","floor":11},{"not_picked":["Burning Pact+1","Clash"],"picked":"Power Through+1","floor":12},{"not_picked":["Clothesline","Sword Boomerang"],"picked":"Inflame","floor":14},{"not_picked":["Double Tap+1","Impervious+1"],"picked":"Limit Break+1","floor":16},{"not_picked":["Perfected Strike","Havoc+1","Warcry+1"],"picked":"SKIP","floor":18},{"not_picked":["Twin Strike+1","Combust"],"picked":"Feel No Pain+1","floor":19},{"not_picked":["Rupture+1","Body Slam"],"picked":"Combust+1","floor":20},{"not_picked":["Havoc+1","Flex+1"],"picked":"Clash","floor":21},{"not_picked":["Sword Boomerang","Flame Barrier+1","Thunderclap+1"],"picked":"SKIP","floor":23},{"not_picked":["Double Tap+1","Immolate"],"picked":"Sword Boomerang","floor":25},{"not_picked":["Body Slam","Twin Strike+1"],"picked":"Headbutt","floor":28},{"not_picked":["Warcry+1","Ghostly Armor+1"],"picked":"Dual Wield+1","floor":29}],"player_experience":1647837,"relics_obtained":[{"floor":7.0,"key":"Ornamental Fan"},{"floor":9.0,"key":"Vajra"},{"floor":11,"key":"Toxic Egg 2"},{"floor":20,"key":"Du-Vu Doll"},{"floor":20,"key":"Gremlin Horn"},{"floor":23,"key":"Regal Pillow"},{"floor":25,"key":"Tiny Chest"},{"floor":28,"key":"Blue Candle"}],"event_choices":[{"damage_healed":0.0,"max_hp_gain":5.0,"max_hp_loss":0.0,"gold_gain":0.0,"event_name":"Big Fish","player_choice":"Donut","floor":2.0,"gold_loss":0.0,"damage_taken":0.0},{"damage_healed":2.0,"max_hp_gain":0.0,"max_hp_loss":0.0,"gold_gain":0.0,"event_name":"Wheel of Change","player_choice":"Full Heal","floor":3.0,"gold_loss":0.0,"damage_taken":0.0},{"damage_healed":0,"gold_gain":0,"player_choice":"Searched \u00272\u0027 times","damage_taken":0,"relics_obtained":["Anchor"],"max_hp_gain":0,"max_hp_loss":0,"event_name":"Dead Adventurer","floor":14,"gold_loss":0},{"damage_healed":0,"gold_gain":0,"player_choice":"Fight","damage_taken":0,"max_hp_gain":0,"max_hp_loss":0,"event_name":"Colosseum","floor":20,"gold_loss":0},{"damage_healed":0,"gold_gain":0,"player_choice":"Fought Nobs","damage_taken":0,"max_hp_gain":0,"max_hp_loss":0,"event_name":"Colosseum","floor":20,"gold_loss":0},{"damage_healed":28,"gold_gain":0,"player_choice":"Heal","damage_taken":0,"max_hp_gain":0,"max_hp_loss":0,"event_name":"The Library","floor":22,"gold_loss":0},{"damage_healed":0,"gold_gain":99,"player_choice":"Stole From Cult","damage_taken":0,"max_hp_gain":0,"max_hp_loss":0,"event_name":"Nest","floor":31,"gold_loss":0}],"is_beta":false,"boss_relics":[{"not_picked":["Astrolabe","Philosopher\u0027s Stone"],"picked":"Mark of Pain"}],"items_purged_floors":[5,30],"is_endless":false,"potions_floor_spawned":[7,8,14,16,20,20,21],"killed_by":"Automaton","ascension_level":9}