{"path_per_floor":["M","M","?","M","$","E","R","$","T","R","E","$","E","M","R","B",null,"M","M","?","M","$","R","E","R","T","R","E","?","T","M","R","B",null,"M","M","?","$","M","R","?","R","T","E"],"character_chosen":"THE_SILENT","items_purchased":[],"gold_per_floor":[118,130,130,149,74,138,138,38,114,114,142,17,48,62,62,158,158,169,136,136,153,3,3,28,28,28,28,60,60,112,130,130,226,226,237,248,248,73,92,92,92,92,92,118,118],"floor_reached":45,"campfire_rested":1,"playtime":3204,"current_hp_per_floor":[70,67,53,53,53,25,46,46,46,46,49,49,49,36,36,24,64,52,42,42,33,33,39,30,36,36,42,40,38,38,38,38,38,38,38,38,38,38,38,38,38,38,38,5,0],"items_purged":["Strike_G","Strike_G","Defend_G","Defend_G","Endless Agony"],"gold":118,"score":741,"play_id":"cf165af6-0f0d-4c72-b40e-e5e5ea4395d4","local_time":"20180412205218","is_prod":false,"is_daily":false,"is_ascension_mode":true,"campfire_upgraded":8,"timestamp":1523559138,"path_taken":["M","M","?","M","$","E","R","$","T","R","E","$","E","?","R","BOSS","M","M","?","M","$","R","E","R","T","R","E","?","?","M","R","BOSS","M","M","?","$","M","R","?","R","T","E","M"],"build_version":"2018-04-05v2","purchased_purges":5,"victory":false,"master_deck":["Defend_G","Defend_G","Defend_G","Strike_G+1","Strike_G+1","Strike_G+1","Survivor+1","Neutralize+1","Noxious Fumes+1","Dagger Throw","Acrobatics","Deflect+1","Dash+1","Backflip+1","Backstab","Ghostly","Ghostly","Ghostly","Ghostly","Ghostly","Venomology","PiercingWail","Backflip+1","Writhe"],"max_hp_per_floor":[70,70,70,70,70,70,70,70,70,70,77,77,77,77,77,77,77,77,77,77,77,77,77,77,77,77,77,77,38,38,38,38,38,38,38,38,38,38,38,38,38,38,38,40,40],"relics":["Black Star","Lantern","Tiny Chest","Paper Crane","Orichalcum","Strawberry","Matryoshka","Bottled Lightning","Eternal Feather","Bronze Scales","Pen Nib","Bag of Marbles","Regal Pillow","Shuriken","Bottled Tornado","Bottled Flame","Snake Skull","Snecko Eye","Girya","Singing Bowl","Dream Catcher"],"card_choices":[{"not_picked":["Flying Knee","Dagger Spray"],"picked":"Noxious Fumes","floor":1},{"not_picked":["Outmaneuver","Underhanded Strike"],"picked":"Dagger Throw","floor":2},{"not_picked":["Deflect","Riddle With Holes"],"picked":"Acrobatics","floor":4},{"not_picked":["Expertise","Envenom"],"picked":"Deflect","floor":6},{"not_picked":["Catalyst","Crippling Poison"],"picked":"Endless Agony","floor":11},{"not_picked":["Slice","PiercingWail"],"picked":"Dash","floor":14},{"not_picked":["Deadly Poison","PiercingWail"],"picked":"Backflip","floor":18},{"not_picked":["Riddle With Holes","Eviscerate"],"picked":"Backstab","floor":19},{"not_picked":["Backflip","Noxious Fumes"],"picked":"After Image","floor":24},{"not_picked":["A Thousand Cuts","Night Terror"],"picked":"Venomology","floor":33},{"not_picked":["Outmaneuver","Dodge and Roll"],"picked":"PiercingWail","floor":35},{"not_picked":["Underhanded Strike","Acrobatics"],"picked":"Backflip","floor":39}],"player_experience":222657,"potions_floor_usage":[16,18,44,44],"damage_taken":[{"damage":0,"enemies":"2 Louse","floor":1,"turns":4},{"damage":3,"enemies":"Jaw Worm","floor":2,"turns":6},{"damage":0,"enemies":"Cultist","floor":4,"turns":4},{"damage":28,"enemies":"Lagavulin","floor":6,"turns":8},{"damage":4,"enemies":"3 Sentries","floor":11,"turns":8},{"damage":0,"enemies":"Lagavulin","floor":13,"turns":6},{"damage":13,"enemies":"Lots of Slimes","floor":14,"turns":5},{"damage":12,"enemies":"Slime Boss","floor":16,"turns":10},{"damage":12,"enemies":"3 Byrds","floor":18,"turns":5},{"damage":10,"enemies":"2 Thieves","floor":19,"turns":5},{"damage":9,"enemies":"Snecko","floor":21,"turns":7},{"damage":9,"enemies":"Book of Stabbing","floor":24,"turns":7},{"damage":2,"enemies":"Slavers","floor":28,"turns":6},{"damage":0,"enemies":"Cultist and Chosen","floor":31,"turns":6},{"damage":0,"enemies":"Collector","floor":33,"turns":9},{"damage":0,"enemies":"Orb Walker","floor":35,"turns":4},{"damage":0,"enemies":"3 Shapes","floor":36,"turns":6},{"damage":0,"enemies":"3 Darklings","floor":39,"turns":5},{"damage":35,"enemies":"Nemesis","floor":44,"turns":11},{"damage":5,"enemies":"Maw","floor":45,"turns":8}],"event_choices":[{"event_name":"Shining Light","player_choice":"Entered Light","floor":3,"damage_taken":0},{"event_name":"Addict","player_choice":"Ignored","floor":20,"damage_taken":0},{"event_name":"Ghosts","player_choice":"Became a Ghost","floor":29,"damage_taken":0},{"event_name":"Winding Halls","player_choice":"Writhe","floor":41,"damage_taken":0}],"boss_relics":[{"not_picked":["Tiny House","Runic Dome"],"picked":"Eternal Feather"},{"not_picked":["Philosopher\u0027s Stone","Runic Pyramid"],"picked":"Snecko Eye"}],"potions_floor_spawned":[2,16,24,28,36,39],"seed_played":"7328096019422677741","killed_by":"Maw","ascension_level":5,"is_trial":false}