{"path_per_floor":["M","M","M","M","$","E","R","M","T","M","R","M","R","E","R","B",null,"M","$","?","$","M","R","E"],"character_chosen":"THE_SILENT","items_purchased":["Noxious Fumes","Shuriken"],"gold_per_floor":[119,139,158,174,27,56,56,68,139,159,159,177,177,212,212,308,308,319,61,61,61,75,75,110,110],"floor_reached":25,"campfire_rested":3,"playtime":2305,"current_hp_per_floor":[69,69,68,50,50,30,30,14,14,9,30,25,46,25,46,37,70,57,57,57,57,52,52,3,0],"items_purged":["Defend_G"],"gold":110,"score":233,"play_id":"9c659456-1700-47db-ba96-e5ca1703033d","local_time":"20180408023118","is_prod":false,"is_daily":false,"is_ascension_mode":false,"campfire_upgraded":2,"timestamp":1523147478,"path_taken":["M","M","M","M","$","E","R","?","T","M","R","M","R","E","R","BOSS","M","$","?","$","M","R","E","M"],"build_version":"2018-04-05v2","purchased_purges":1,"victory":false,"master_deck":["Survivor","Neutralize+1","Flying Knee","Expertise","Blade Dance+1","Noxious Fumes","Flying Knee","Prepared","Acrobatics","Prepared","Underhanded Strike","Envenom","Bane","Quick Slash","Flechettes","Dagger Spray","Slice","Backflip","Flying Knee","Backstab","Masterful Stab","Backflip","Backstab","Storm of Steel"],"max_hp_per_floor":[70,70,70,70,70,70,70,70,70,70,70,70,70,70,70,70,70,70,70,70,70,70,70,70,70],"relics":["Runic Pyramid","Bronze Scales","Letter Opener","Ancient Tea Set","Pandora\u0027s Box","Shuriken","Ninja Scroll"],"card_choices":[{"not_picked":["Eviscerate","Cloak And Dagger"],"picked":"Flying Knee","floor":1},{"not_picked":["Catalyst","Quick Slash"],"picked":"Expertise","floor":2},{"not_picked":["Well Laid Plans","Dodge and Roll"],"picked":"Blade Dance","floor":3},{"not_picked":["Deflect","Flechettes"],"picked":"Flying Knee","floor":6},{"not_picked":["Slice","Noxious Fumes"],"picked":"Prepared","floor":8},{"not_picked":["Underhanded Strike","Dash"],"picked":"Acrobatics","floor":10},{"not_picked":["Noxious Fumes","Slice"],"picked":"Prepared","floor":12},{"not_picked":["Corpse Explosion","Dagger Spray"],"picked":"Underhanded Strike","floor":14},{"not_picked":["Bullet Time","Adrenaline"],"picked":"Envenom","floor":16},{"not_picked":["Reflex","Predator"],"picked":"Backflip","floor":18},{"not_picked":["Slice","Dagger Spray"],"picked":"Backstab","floor":22},{"not_picked":["Blade Dance","Expertise"],"picked":"Storm of Steel","floor":24}],"player_experience":93068,"potions_floor_usage":[4,14,14,16,22],"damage_taken":[{"damage":1,"enemies":"Cultist","floor":1,"turns":5},{"damage":0,"enemies":"2 Louse","floor":2,"turns":3},{"damage":1,"enemies":"Jaw Worm","floor":3,"turns":4},{"damage":18,"enemies":"Large Slime","floor":4,"turns":6},{"damage":20,"enemies":"Lagavulin","floor":6,"turns":8},{"damage":16,"enemies":"Exordium Wildlife","floor":8,"turns":5},{"damage":5,"enemies":"Blue Slaver","floor":10,"turns":4},{"damage":5,"enemies":"2 Fungi Beasts","floor":12,"turns":3},{"damage":21,"enemies":"Gremlin Nob","floor":14,"turns":4},{"damage":9,"enemies":"Hexaghost","floor":16,"turns":9},{"damage":13,"enemies":"Spheric Guardian","floor":18,"turns":4},{"damage":5,"enemies":"Chosen","floor":22,"turns":3},{"damage":49,"enemies":"Gremlin Leader","floor":24,"turns":5},{"damage":4,"enemies":"Snake Plant","floor":25,"turns":2}],"event_choices":[{"event_name":"Beggar","player_choice":"Ignored","floor":20,"damage_taken":0}],"boss_relics":[{"not_picked":["Philosopher\u0027s Stone","Tiny House"],"picked":"Pandora\u0027s Box"}],"potions_floor_spawned":[2,6,8,10,12,18,24],"seed_played":"-2530082622305754740","killed_by":"Snake Plant","ascension_level":0,"is_trial":false}