{"path_per_floor":["M","M","M","M","?","R","$","R","T","R","M","R","M","E","R","B",null,"M","?","?","M","$","R","$","R","T","E","R","M","R","M","R","B",null,"M","?","$","?","M","R","$","R","T","?","R","M","R","M","R","B"],"character_chosen":"IRONCLAD","items_purchased":["Uppercut","Metallicize"],"gold_per_floor":[119,138,148,165,165,165,52,52,52,52,68,68,80,110,110,208,208,228,153,153,169,2,2,2,2,2,31,31,41,41,57,57,152,152,163,163,113,113,132,132,82,82,82,130,130,148,178,195,195,195],"floor_reached":51,"campfire_rested":2,"playtime":2857,"current_hp_per_floor":[80,80,75,69,69,69,69,69,69,69,74,74,79,78,78,61,80,77,77,77,73,73,73,73,73,73,19,19,15,15,20,44,32,82,82,82,82,82,84,84,84,84,84,28,28,38,38,31,57,49],"items_purged":["Strike_R","Strike_R","Writhe","Defend_R"],"gold":195,"score":730,"play_id":"b34ebedb-c2c2-4747-b9eb-fc9900fa1596","local_time":"20180502151443","is_prod":false,"is_daily":false,"chose_seed":false,"is_ascension_mode":true,"campfire_upgraded":6,"timestamp":1525288483,"path_taken":["M","M","M","M","?","R","$","R","T","R","?","R","M","E","R","BOSS","M","?","?","M","$","R","$","R","T","E","R","M","R","M","R","BOSS","M","?","$","?","?","R","$","R","T","?","R","M","R","M","R","BOSS"],"build_version":"2018-04-28v2","seed_source_timestamp":58439680371374,"purchased_purges":4,"victory":true,"master_deck":["Defend_R","Defend_R","Defend_R","Bash","Whirlwind+1","Armaments+1","Flame Barrier+1","Uppercut+1","Disarm+1","True Grit","Berserk+1","Metallicize+1","Berserk+1","Offering","Dual Wield+1","Feel No Pain+1"],"max_hp_per_floor":[80,80,80,80,80,80,80,80,80,80,80,80,80,80,80,80,80,80,80,80,80,80,80,80,80,80,80,80,80,80,82,82,82,82,82,82,82,82,84,84,84,84,84,86,86,88,88,88,88,88],"relics":["Black Blood","Frozen Egg 2","Shovel","Gremlin Horn","Velvet Choker","Happy Flower","Charon\u0027s Ashes","Ice Cream","Omamori","Smiling Mask","Singing Bowl","Paper Frog","Oddly Smooth Stone","Thread and Needle","Mummified Hand","Tiny Chest"],"card_choices":[{"not_picked":["Shockwave","Armaments"],"picked":"Whirlwind","floor":1},{"not_picked":["Anger","Sword Boomerang"],"picked":"Armaments","floor":2},{"not_picked":["Shockwave","Whirlwind"],"picked":"Flame Barrier","floor":3},{"not_picked":["Second Wind","Anger"],"picked":"Disarm","floor":11},{"not_picked":["Exhume","Infernal Blade"],"picked":"Pommel Strike","floor":13},{"not_picked":["Infernal Blade","Sword Boomerang"],"picked":"True Grit","floor":14},{"not_picked":["Limit Break","Exhume"],"picked":"Berserk","floor":16},{"not_picked":["Pommel Strike","Sever Soul"],"picked":"Berserk","floor":27},{"not_picked":["Bludgeon","Berserk"],"picked":"Offering","floor":33},{"not_picked":["Body Slam","Cleave"],"picked":"Dual Wield","floor":35},{"not_picked":["Clash","Hemokinesis"],"picked":"Feel No Pain","floor":48}],"player_experience":353819,"potions_floor_usage":[21,27,33,48,50,50],"damage_taken":[{"damage":6,"enemies":"2 Louse","floor":1,"turns":2},{"damage":6,"enemies":"Cultist","floor":2,"turns":3},{"damage":11,"enemies":"Jaw Worm","floor":3,"turns":4},{"damage":12,"enemies":"Looter","floor":4,"turns":3},{"damage":1,"enemies":"Large Slime","floor":11,"turns":6},{"damage":1,"enemies":"Blue Slaver","floor":13,"turns":5},{"damage":7,"enemies":"Lagavulin","floor":14,"turns":8},{"damage":23,"enemies":"Hexaghost","floor":16,"turns":11},{"damage":9,"enemies":"Shell Parasite","floor":18,"turns":6},{"damage":10,"enemies":"2 Thieves","floor":21,"turns":4},{"damage":60,"enemies":"Slavers","floor":27,"turns":5},{"damage":10,"enemies":"3 Cultists","floor":29,"turns":4},{"damage":3,"enemies":"Snecko","floor":31,"turns":5},{"damage":18,"enemies":"Automaton","floor":33,"turns":9},{"damage":7,"enemies":"Orb Walker","floor":35,"turns":4},{"damage":4,"enemies":"3 Shapes","floor":39,"turns":2},{"damage":68,"enemies":"Mysterious Sphere","floor":44,"turns":17},{"damage":2,"enemies":"3 Darklings","floor":46,"turns":3},{"damage":17,"enemies":"4 Shapes","floor":48,"turns":1},{"damage":18,"enemies":"Time Eater","floor":50,"turns":11}],"event_choices":[{"event_name":"Living Wall","player_choice":"Forget","floor":5,"damage_taken":0},{"event_name":"Beggar","player_choice":"Gave Gold","floor":19,"damage_taken":0},{"event_name":"The Mausoleum","player_choice":"Yes","floor":20,"damage_taken":0},{"event_name":"Wheel of Change","player_choice":"Curse","floor":38,"damage_taken":0},{"event_name":"Mysterious Sphere","player_choice":"Fight","floor":44,"damage_taken":0}],"boss_relics":[{"not_picked":["Runic Pyramid","White Beast Statue"],"picked":"Velvet Choker"},{"not_picked":["Philosopher\u0027s Stone","Snecko Eye"],"picked":"Black Blood"}],"potions_floor_spawned":[1,4,14,18,27,33,44,46],"seed_played":"4373491933663522580","ascension_level":3,"is_trial":false}