{"path_per_floor":["M","M","?","?","$","R","E","M","T","M","M","?","M","E","R","B",null,"M","?","$","M","$","E","R","M","T","R","M","$","E","?","R","B",null,"M","?","M","M","?","M","R","M","T","?","$","?","M","$","R","B"],"character_chosen":"DEFECT","items_purchased":["FTL","Frozen Egg 2","Buffer","Ancient Tea Set"],"gold_per_floor":[115,129,129,79,5,5,36,53,53,64,76,103,119,151,151,252,252,267,267,8,25,25,58,58,76,102,102,121,41,68,68,68,169,169,189,189,203,216,216,230,230,241,241,241,92,92,104,29,29,29],"floor_reached":51,"campfire_rested":1,"playtime":4294,"current_hp_per_floor":[69,64,49,49,49,49,26,26,26,26,25,40,40,40,40,25,75,75,59,59,50,50,38,38,32,32,32,28,28,10,35,35,60,77,77,77,77,63,63,65,65,66,66,66,66,56,56,56,80,65],"items_purged":["Defend_B"],"gold":29,"score":722,"play_id":"a36a1c73-0384-428b-a988-712756c74b6c","local_time":"20180507231926","is_prod":false,"is_daily":false,"chose_seed":false,"is_ascension_mode":false,"campfire_upgraded":6,"timestamp":1525749566,"path_taken":["M","M","?","?","$","R","E","M","T","M","M","?","?","E","R","BOSS","M","?","$","M","$","E","R","M","T","R","M","$","E","?","R","BOSS","M","?","M","M","?","M","R","M","T","?","$","?","M","$","R","BOSS"],"build_version":"2018-05-03","seed_source_timestamp":518104098502042,"purchased_purges":2,"victory":true,"master_deck":["Strike_B+1","Strike_B+1","Defend_B+1","Defend_B","Defend_B","Zap","Dualcast","Skim","Scrape+1","FTL+1","Doom and Gloom","Fusion+1","Leap","Hologram+1","Streamline","Glacier","Chaos+1","Echo Form","Buffer+1","Necronomicurse","Reboot+1","Cold Snap+1","All For One","Buffer+1","Reinforced Body","Seek","Skim+1","Madness","Madness","Axe Kick+1"],"max_hp_per_floor":[75,75,75,75,75,75,75,75,75,75,75,75,75,75,75,75,75,75,75,75,77,77,77,77,77,77,77,77,77,77,77,77,77,77,77,77,77,79,79,81,81,83,83,83,83,83,83,83,83,83],"relics":["Cracked Core","Bronze Scales","Unceasing Top","Thread and Needle","Odd Mushroom","Singing Bowl","Black Star","Necronomicon","Frozen Egg 2","Pantograph","Bottled Lightning","Anchor","Bag of Preparation","Whetstone","Cursed Key","Ancient Tea Set"],"card_choices":[{"not_picked":["Go for the Eyes","Beam Cell"],"picked":"Skim","floor":1},{"not_picked":["Impulse","Blizzard"],"picked":"Scrape","floor":2},{"not_picked":["Capacitor","Force Field"],"picked":"Doom and Gloom","floor":7},{"not_picked":["Impulse","Aggregate"],"picked":"Fusion","floor":8},{"not_picked":["Force Field","Sweeping Beam"],"picked":"Leap","floor":10},{"not_picked":["Heatsinks","Lockon"],"picked":"Hologram","floor":11},{"not_picked":["Rebound","Undo"],"picked":"Streamline","floor":12},{"not_picked":["Beam Cell","Axe Kick"],"picked":"Glacier","floor":13},{"not_picked":["Cold Snap","FTL"],"picked":"Chaos","floor":14},{"not_picked":["Prime","Machine Learning"],"picked":"Echo Form","floor":16},{"not_picked":["Skim","FTL"],"picked":"Buffer","floor":18},{"not_picked":["Leap","Axe Kick"],"picked":"Reboot","floor":23},{"not_picked":["Impulse","Static Discharge"],"picked":"Cold Snap","floor":25},{"not_picked":["Beam Cell","Stack"],"picked":"All For One","floor":28},{"not_picked":["Rebound","Capacitor"],"picked":"Reinforced Body","floor":30},{"not_picked":["Fission","Multi-Cast"],"picked":"Seek","floor":33},{"not_picked":["Sweeping Beam","Streamline"],"picked":"Coolheaded","floor":35},{"not_picked":["Go for the Eyes","Streamline"],"picked":"Skim","floor":37},{"not_picked":["Ball Lightning","Darkness"],"picked":"Axe Kick","floor":47}],"player_experience":29944,"potions_floor_usage":[12,23,42,50,50,50],"damage_taken":[{"damage":6,"enemies":"Jaw Worm","floor":1,"turns":4},{"damage":5,"enemies":"Small Slimes","floor":2,"turns":3},{"damage":23,"enemies":"Lagavulin","floor":7,"turns":6},{"damage":0,"enemies":"2 Louse","floor":8,"turns":2},{"damage":0,"enemies":"2 Fungi Beasts","floor":10,"turns":2},{"damage":1,"enemies":"3 Louse","floor":11,"turns":2},{"damage":0,"enemies":"The Mushroom Lair","floor":12,"turns":6},{"damage":0,"enemies":"Lots of Slimes","floor":13,"turns":1},{"damage":0,"enemies":"3 Sentries","floor":14,"turns":4},{"damage":15,"enemies":"Slime Boss","floor":16,"turns":11},{"damage":0,"enemies":"3 Byrds","floor":18,"turns":3},{"damage":11,"enemies":"Spheric Guardian","floor":21,"turns":5},{"damage":27,"enemies":"Slavers","floor":23,"turns":6},{"damage":6,"enemies":"Snake Plant","floor":25,"turns":4},{"damage":4,"enemies":"3 Cultists","floor":28,"turns":5},{"damage":18,"enemies":"Gremlin Leader","floor":30,"turns":6},{"damage":0,"enemies":"Champ","floor":33,"turns":17},{"damage":0,"enemies":"3 Shapes","floor":35,"turns":4},{"damage":0,"enemies":"Flame Bruiser 1 Orb","floor":37,"turns":3},{"damage":16,"enemies":"3 Darklings","floor":38,"turns":3},{"damage":0,"enemies":"Sphere and 2 Shapes","floor":40,"turns":6},{"damage":1,"enemies":"Spire Growth","floor":42,"turns":6},{"damage":0,"enemies":"Maw","floor":47,"turns":7},{"damage":18,"enemies":"Awakened One","floor":50,"turns":22}],"event_choices":[{"event_name":"Shining Light","player_choice":"Entered Light","floor":3,"damage_taken":0},{"event_name":"The Cleric","player_choice":"Card Removal","floor":4,"damage_taken":0},{"event_name":"Mushrooms","player_choice":"Fought Mushrooms","floor":12,"damage_taken":0},{"event_name":"Cursed Tome","player_choice":"Obtained Book","floor":19,"damage_taken":0},{"event_name":"The Library","player_choice":"Heal","floor":31,"damage_taken":0},{"event_name":"Mysterious Sphere","player_choice":"Ignore","floor":36,"damage_taken":0},{"event_name":"Purifier","player_choice":"One Purge","floor":39,"damage_taken":0},{"event_name":"Winding Halls","player_choice":"Embrace Madness","floor":46,"damage_taken":0}],"boss_relics":[{"not_picked":["Philosopher\u0027s Stone","Eternal Feather"],"picked":"Black Star"},{"not_picked":["White Beast Statue","Orrery"],"picked":"Cursed Key"}],"potions_floor_spawned":[8,10,11,13,18,25,30,35,37,40,42],"seed_played":"4684025330463006429","ascension_level":0,"is_trial":false}