{"gold_per_floor":[116,130,145,164,164,194,208,208,234,252,252],"floor_reached":11,"playtime":451,"items_purged":[],"score":96,"play_id":"62360000-07e2-4469-93fe-f73b1f6cc0ad","local_time":"20181103093039","is_ascension_mode":true,"campfire_choices":[{"data":"Genetic Algorithm","floor":8,"key":"SMITH"}],"neow_cost":"TEN_PERCENT_HP_LOSS","seed_source_timestamp":1286956038860986,"circlet_count":0,"master_deck":["Strike_B","Strike_B","Strike_B","Strike_B","Defend_B","Defend_B","Defend_B","Defend_B","Zap","Dualcast","Conserve Battery","Coolheaded","Barrage","Hyperbeam","Recycle","Ball Lightning","Dramatic Entrance","Genetic Algorithm+1"],"relics":["Cracked Core","Ginger","Pear","Vajra"],"potions_floor_usage":[6,11,11],"damage_taken":[{"damage":0,"enemies":"2 Louse","floor":1,"turns":1},{"damage":1,"enemies":"Cultist","floor":2,"turns":3},{"damage":0,"enemies":"Jaw Worm","floor":3,"turns":4},{"damage":15,"enemies":"Exordium Wildlife","floor":4,"turns":4},{"damage":23,"enemies":"Lagavulin","floor":6,"turns":6},{"damage":4,"enemies":"Blue Slaver","floor":7,"turns":3},{"damage":18,"enemies":"Exordium Thugs","floor":10,"turns":2},{"damage":18,"enemies":"Gremlin Nob","floor":11,"turns":3}],"seed_played":"-2640689435680164525","potions_obtained":[{"floor":2,"key":"PowerPotion"},{"floor":6,"key":"Swift Potion"},{"floor":7,"key":"PowerPotion"}],"is_trial":false,"path_per_floor":["M","M","M","M","?","E","M","R","T","M","E"],"character_chosen":"DEFECT","items_purchased":[],"campfire_rested":0,"item_purchase_floors":[],"current_hp_per_floor":[68,67,67,52,52,39,35,35,35,17,0],"gold":252,"neow_bonus":"ONE_RARE_RELIC","is_prod":false,"is_daily":false,"chose_seed":false,"campfire_upgraded":1,"win_rate":0,"timestamp":1541255439,"path_taken":["M","M","M","M","?","E","?","R","T","M","E"],"build_version":"2018-11-01","purchased_purges":0,"victory":false,"max_hp_per_floor":[68,68,68,68,68,78,78,78,78,78,78],"card_choices":[{"not_picked":["Rebound","Steam"],"picked":"Conserve Battery","floor":1},{"not_picked":["Turbo","Hologram"],"picked":"Coolheaded","floor":2},{"not_picked":["Turbo","Compile Driver"],"picked":"Barrage","floor":3},{"not_picked":["Streamline","Go for the Eyes"],"picked":"Hyperbeam","floor":4},{"not_picked":["Gash","Sweeping Beam"],"picked":"Genetic Algorithm","floor":6},{"not_picked":["Barrage","Capacitor","Rebound"],"picked":"SKIP","floor":7},{"not_picked":["Sweeping Beam","Multi-Cast","Hologram"],"picked":"SKIP","floor":10}],"player_experience":166099,"relics_obtained":[{"floor":6,"key":"Pear"},{"floor":9,"key":"Vajra"}],"event_choices":[{"damage_healed":0,"gold_gain":0,"player_choice":"3 cards matched","damage_taken":0,"max_hp_gain":0,"max_hp_loss":0,"event_name":"Match and Keep!","floor":5,"gold_loss":0,"cards_obtained":["Recycle","Ball Lightning","Dramatic Entrance"]}],"is_beta":false,"boss_relics":[],"items_purged_floors":[],"is_endless":false,"potions_floor_spawned":[2,6,7],"killed_by":"Gremlin Nob","ascension_level":5}