{"gold_per_floor":[110,125,135,150,164,164,239,251,251,251,262,287,305,305,305,400,400,417,467,481,494,494],"floor_reached":22,"playtime":1292,"items_purged":[],"score":192,"play_id":"5024fc1f-51be-4056-85b6-e814a325ce9a","local_time":"20190223221416","is_ascension_mode":false,"campfire_choices":[{"data":"Flying Knee","floor":6,"key":"SMITH"},{"floor":10,"key":"REST"},{"data":"Neutralize","floor":15,"key":"SMITH"}],"neow_cost":"PERCENT_DAMAGE","seed_source_timestamp":76863982590000,"circlet_count":0,"master_deck":["Defend_G","Defend_G","Defend_G","Defend_G","Defend_G","Strike_G","Strike_G","Strike_G","Strike_G","Strike_G","Survivor","Neutralize+1","Flying Knee+1","Reflex","Cloak And Dagger","Escape Plan","Slice","Flying Knee","Dash","Expertise","Iron Wave","Night Terror","Quick Slash","Well Laid Plans+1","Underhanded Strike+1"],"relics":["Ring of the Snake","Ice Cream","Centennial Puzzle","Gambling Chip","Black Star"],"potions_floor_usage":[12,16,20,21],"damage_taken":[{"damage":0,"enemies":"Cultist","floor":1,"turns":4},{"damage":0,"enemies":"2 Louse","floor":2,"turns":2},{"damage":0,"enemies":"Jaw Worm","floor":3,"turns":3},{"damage":1,"enemies":"3 Louse","floor":4,"turns":4},{"damage":1,"enemies":"Blue Slaver","floor":5,"turns":4},{"damage":1,"enemies":"2 Fungi Beasts","floor":8,"turns":4},{"damage":0,"enemies":"3 Louse","floor":11,"turns":3},{"damage":11,"enemies":"Lagavulin","floor":12,"turns":9},{"damage":2,"enemies":"Looter","floor":13,"turns":2},{"damage":41,"enemies":"Hexaghost","floor":16,"turns":11},{"damage":7,"enemies":"3 Byrds","floor":18,"turns":8},{"damage":5,"enemies":"Spheric Guardian","floor":20,"turns":4},{"damage":36,"enemies":"Snake Plant","floor":21,"turns":7},{"damage":30,"enemies":"3 Cultists","floor":22,"turns":6}],"seed_played":"4461812133019872006","potions_obtained":[{"floor":2,"key":"FairyPotion"},{"floor":4,"key":"Strength Potion"},{"floor":11,"key":"GamblersBrew"},{"floor":12,"key":"SmokeBomb"},{"floor":16,"key":"Energy Potion"},{"floor":18,"key":"Block Potion"}],"is_trial":false,"path_per_floor":["M","M","M","M","M","R","?","M","T","R","M","E","M","?","R","B",null,"M","?","M","M","M"],"character_chosen":"THE_SILENT","items_purchased":[],"campfire_rested":1,"item_purchase_floors":[],"current_hp_per_floor":[49,49,49,48,47,47,36,35,35,56,56,45,43,43,43,2,70,63,63,58,22,0],"gold":494,"neow_bonus":"ONE_RARE_RELIC","is_prod":false,"is_daily":false,"chose_seed":false,"campfire_upgraded":2,"win_rate":0,"timestamp":1550956456,"path_taken":["M","?","M","M","M","R","?","M","T","R","M","E","M","?","R","BOSS","M","?","M","?","M"],"build_version":"2019-01-23","purchased_purges":0,"victory":false,"max_hp_per_floor":[70,70,70,70,70,70,70,70,70,70,70,70,70,70,70,70,70,70,70,70,70,70],"card_choices":[{"not_picked":["Acrobatics","Poisoned Stab"],"picked":"Flying Knee","floor":1},{"not_picked":["Infinite Blades","Poisoned Stab"],"picked":"Reflex","floor":2},{"not_picked":["Caltrops","Slice"],"picked":"Cloak And Dagger","floor":3},{"not_picked":["PiercingWail","Leg Sweep"],"picked":"Escape Plan","floor":4},{"not_picked":["Blur","Dash"],"picked":"Slice","floor":5},{"not_picked":["Night Terror","Reflex"],"picked":"Flying Knee","floor":8},{"not_picked":["Choke","Underhanded Strike"],"picked":"Dash","floor":11},{"not_picked":["Poisoned Stab","PiercingWail"],"picked":"Expertise","floor":12},{"not_picked":["Prepared","Slice"],"picked":"Deadly Poison","floor":13},{"not_picked":["Burst","Tools of the Trade"],"picked":"Night Terror","floor":16},{"not_picked":["Bane","PiercingWail"],"picked":"Quick Slash","floor":18},{"not_picked":["Slice","Flying Knee"],"picked":"Well Laid Plans+1","floor":20},{"not_picked":["Eviscerate+1","Poisoned Stab"],"picked":"Underhanded Strike+1","floor":21}],"player_experience":355268,"relics_obtained":[{"floor":9,"key":"Centennial Puzzle"},{"floor":12,"key":"Gambling Chip"}],"event_choices":[{"damage_healed":0,"gold_gain":75,"player_choice":"Gather Gold","damage_taken":11,"max_hp_gain":0,"max_hp_loss":0,"event_name":"World of Goop","floor":7,"gold_loss":0},{"cards_removed":["Deadly Poison"],"damage_healed":0,"gold_gain":0,"player_choice":"Took Card","damage_taken":0,"max_hp_gain":0,"max_hp_loss":0,"event_name":"NoteForYourself","floor":14,"gold_loss":0,"cards_obtained":["Iron Wave"]},{"damage_healed":0,"gold_gain":100,"player_choice":"Bet on Murderer","damage_taken":0,"max_hp_gain":0,"max_hp_loss":0,"event_name":"The Joust","floor":19,"gold_loss":50}],"is_beta":false,"boss_relics":[{"not_picked":["Calling Bell","Sozu"],"picked":"Black Star"}],"items_purged_floors":[],"is_endless":false,"potions_floor_spawned":[2,4,11,12,16,18],"killed_by":"3 Cultists","ascension_level":0}