{"gold_per_floor":[115,190,210,224,224,224,265,265,290,465,465,483,483,483,483,609,609,627,18,18,18,31,66,91,91,140,140,140,158,158,171,171,292,292,317,331,346,346,367,367,387,387],"floor_reached":42,"playtime":17870,"items_purged":[],"score":418,"play_id":"871bd0ef-585e-432b-91b9-6e0ca9d91efa","local_time":"20190202172535","is_ascension_mode":false,"campfire_choices":[{"data":"Fusion","floor":6,"key":"SMITH"},{"floor":8,"key":"REST"},{"data":"Steam","floor":11,"key":"SMITH"},{"data":"Leap","floor":13,"key":"SMITH"},{"floor":15,"key":"REST"},{"data":"Capacitor","floor":25,"key":"SMITH"},{"data":"Creative AI","floor":28,"key":"SMITH"},{"floor":32,"key":"REST"},{"floor":40,"key":"REST"}],"neow_cost":"NONE","seed_source_timestamp":1736207724611383,"circlet_count":0,"master_deck":["Strike_B+1","Strike_B+1","Strike_B+1","Strike_B+1","Defend_B+1","Defend_B+1","Defend_B+1","Defend_B+1","Zap","Dualcast","Compile Driver","Fusion+1","Cold Snap","Steam+1","Leap+1","Creative AI+1","Darkness","Discovery","Violence+1","Redo+1","White Noise+1","Conserve Battery+1","Conserve Battery+1","Capacitor+1","Reinforced Body+1","Purity+1","Ball Lightning","Multi-Cast+1","Stack+1","Sunder+1","White Noise+1","Hologram+1","FTL"],"relics":["FrozenCore","Strawberry","Golden Idol","Bag of Preparation","Omamori","Regal Pillow","Toxic Egg 2","Ancient Tea Set","Eternal Feather"],"potions_floor_usage":[7,23,39,39,42],"damage_taken":[{"damage":6,"enemies":"Jaw Worm","floor":1,"turns":4},{"damage":2,"enemies":"2 Louse","floor":3,"turns":3},{"damage":7,"enemies":"Small Slimes","floor":4,"turns":4},{"damage":12,"enemies":"Gremlin Nob","floor":7,"turns":4},{"damage":0,"enemies":"Looter","floor":12,"turns":3},{"damage":47,"enemies":"Slime Boss","floor":16,"turns":15},{"damage":9,"enemies":"Shell Parasite","floor":18,"turns":10},{"damage":0,"enemies":"Chosen","floor":22,"turns":6},{"damage":4,"enemies":"Book of Stabbing","floor":23,"turns":7},{"damage":14,"enemies":"Centurion and Healer","floor":24,"turns":11},{"damage":7,"enemies":"Snake Plant","floor":29,"turns":9},{"damage":0,"enemies":"Snecko","floor":31,"turns":7},{"damage":5,"enemies":"Champ","floor":33,"turns":13},{"damage":9,"enemies":"3 Darklings","floor":35,"turns":10},{"damage":0,"enemies":"3 Shapes","floor":36,"turns":2},{"damage":11,"enemies":"Writhing Mass","floor":37,"turns":10},{"damage":47,"enemies":"Transient","floor":39,"turns":5},{"damage":27,"enemies":"Spire Growth","floor":41,"turns":8},{"damage":75,"enemies":"Nemesis","floor":42,"turns":15}],"seed_played":"3968970123727891240","potions_obtained":[{"floor":4,"key":"Fire Potion"},{"floor":7,"key":"FearPotion"},{"floor":16,"key":"Swift Potion"},{"floor":18,"key":"SteroidPotion"},{"floor":24,"key":"SteroidPotion"},{"floor":29,"key":"Energy Potion"},{"floor":39,"key":"EssenceOfSteel"}],"is_trial":false,"path_per_floor":["M","?","M","M","?","R","E","R","T","?","R","M","R","?","R","B",null,"M","$","?","$","M","E","M","R","T","?","R","M","?","M","R","B",null,"M","M","M","?","M","R","M","E"],"character_chosen":"DEFECT","items_purchased":["Discovery","Toxic Egg 2","Violence+1","Redo+1","White Noise+1"],"campfire_rested":4,"item_purchase_floors":[19,19,19,19,19],"current_hp_per_floor":[76,65,63,56,36,36,24,48,48,48,48,48,48,48,82,35,82,73,73,73,73,73,69,55,55,55,55,55,48,32,32,71,66,82,73,73,62,62,15,72,45,0],"gold":387,"neow_bonus":"RANDOM_COMMON_RELIC","is_prod":false,"is_daily":false,"chose_seed":false,"campfire_upgraded":5,"win_rate":0,"timestamp":1549124735,"path_taken":["M","?","M","M","?","R","E","R","T","?","R","M","R","?","R","BOSS","M","$","?","$","M","E","M","R","T","?","R","M","?","M","R","BOSS","M","?","?","?","?","R","M","E"],"build_version":"2019-01-23","purchased_purges":0,"victory":false,"max_hp_per_floor":[82,82,82,82,82,82,82,82,82,82,82,82,82,82,82,82,82,82,82,82,82,82,82,82,82,82,82,82,82,82,82,82,82,82,82,82,82,82,82,82,82,82],"card_choices":[{"not_picked":["Steam Power","Aggregate"],"picked":"Compile Driver","floor":1},{"not_picked":["Streamline","Doom and Gloom"],"picked":"Fusion","floor":3},{"not_picked":["Chill","Lockon"],"picked":"Cold Snap","floor":4},{"not_picked":["Ball Lightning","Thunder Strike"],"picked":"Steam","floor":7},{"not_picked":["Turbo","Streamline"],"picked":"Leap","floor":12},{"not_picked":["Rainbow","Machine Learning"],"picked":"Creative AI","floor":16},{"not_picked":["Turbo+1","Chill"],"picked":"Darkness","floor":18},{"not_picked":["Storm","Go for the Eyes"],"picked":"Conserve Battery+1","floor":22},{"not_picked":["Barrage","Steam+1"],"picked":"Conserve Battery+1","floor":23},{"not_picked":["Reboot+1","Turbo+1"],"picked":"Capacitor","floor":24},{"not_picked":["Cold Snap+1","Reprogram+1"],"picked":"Reinforced Body+1","floor":29},{"not_picked":["Double Energy+1","Aggregate+1"],"picked":"Ball Lightning","floor":31},{"not_picked":["Echo Form","All For One"],"picked":"Multi-Cast+1","floor":33},{"not_picked":["FTL+1","Aggregate+1"],"picked":"Stack+1","floor":35},{"not_picked":["Sweeping Beam","Turbo+1"],"picked":"Sunder+1","floor":36},{"not_picked":["Steam+1","Static Discharge+1","Conserve Battery+1"],"picked":"SKIP","floor":37},{"not_picked":["Beam Cell+1","Reprogram+1"],"picked":"Hologram+1","floor":39},{"not_picked":["Auto Shields+1","Coolheaded+1"],"picked":"FTL","floor":41}],"player_experience":139121,"relics_obtained":[{"floor":7,"key":"Bag of Preparation"},{"floor":9,"key":"Omamori"},{"floor":23,"key":"Ancient Tea Set"}],"event_choices":[{"damage_healed":0,"gold_gain":75,"player_choice":"Gather Gold","damage_taken":11,"max_hp_gain":0,"max_hp_loss":0,"event_name":"World of Goop","floor":2,"gold_loss":0},{"damage_healed":0,"gold_gain":0,"player_choice":"Take Damage","damage_taken":20,"relics_obtained":["Golden Idol"],"max_hp_gain":0,"max_hp_loss":0,"event_name":"Golden Idol","floor":5,"gold_loss":0},{"damage_healed":0,"gold_gain":175,"player_choice":"AGREE","damage_taken":0,"max_hp_gain":0,"max_hp_loss":0,"event_name":"Liars Game","floor":10,"gold_loss":0,"cards_obtained":["Doubt"]},{"damage_healed":0,"gold_gain":0,"player_choice":"Box","damage_taken":0,"relics_obtained":["Regal Pillow"],"max_hp_gain":0,"max_hp_loss":0,"event_name":"Big Fish","floor":14,"gold_loss":0,"cards_obtained":["Regret"]},{"damage_healed":0,"gold_gain":0,"player_choice":"Simplicity","damage_taken":0,"max_hp_gain":0,"max_hp_loss":0,"event_name":"Back to Basics","floor":20,"gold_loss":0,"cards_upgraded":["Strike_B","Strike_B","Strike_B","Strike_B","Defend_B","Defend_B","Defend_B","Defend_B"]},{"damage_healed":0,"gold_gain":0,"player_choice":"Ignored","damage_taken":0,"max_hp_gain":0,"max_hp_loss":0,"event_name":"Ghosts","floor":27,"gold_loss":0},{"damage_healed":0,"gold_gain":0,"player_choice":"CARD ","damage_taken":16,"max_hp_gain":0,"max_hp_loss":0,"event_name":"Knowing Skull","floor":30,"potions_obtained":[],"gold_loss":0,"cards_obtained":["Purity"]},{"damage_healed":0,"gold_gain":0,"player_choice":"Copied","damage_taken":0,"max_hp_gain":0,"max_hp_loss":0,"event_name":"Duplicator","floor":38,"gold_loss":0,"cards_obtained":["White Noise"]}],"is_beta":false,"boss_relics":[{"not_picked":["Runic Pyramid","Snecko Eye"],"picked":"FrozenCore"},{"not_picked":["Orrery","Velvet Choker"],"picked":"Eternal Feather"}],"items_purged_floors":[],"is_endless":false,"potions_floor_spawned":[4,7,16,18,24,29,31,37,39],"killed_by":"Nemesis","ascension_level":0}