{"gold_per_floor":[117,192,19,38,58,58,85,85,111,111,136,136,150,185,197,314,326,351,373,405,121,151,151],"floor_reached":23,"playtime":2669,"items_purged":["Strike_G","Strike_G"],"score":293,"play_id":"027da14f-e8fa-40ca-bbf5-7df24b78274e","local_time":"20190130205848","is_ascension_mode":true,"campfire_choices":[{"data":"Neutralize","floor":6,"key":"SMITH"},{"data":"Backstab","floor":8,"key":"SMITH"},{"data":"Predator","floor":10,"key":"SMITH"},{"data":"PiercingWail","floor":12,"key":"SMITH"},{"data":"Bouncing Flask","floor":15,"key":"SMITH"}],"neow_cost":"NONE","seed_source_timestamp":786855594226851,"circlet_count":0,"master_deck":["Defend_G","Defend_G","Defend_G","Defend_G","Defend_G","Strike_G","Strike_G","Strike_G","Survivor","Neutralize+1","Predator+1","Terror","Dagger Throw","Backstab+1","PiercingWail+1","Dash","Bouncing Flask+1","Phantasmal Killer","Dagger Spray+1","Footwork","Dodge and Roll"],"relics":["Ring of the Snake","Art of War","Blood Vial","Pocketwatch","MawBank","White Beast Statue","Lantern","Red Mask"],"potions_floor_usage":[7,19,20,20,22,22,23],"damage_taken":[{"damage":0,"enemies":"2 Louse","floor":1,"turns":3},{"damage":0,"enemies":"Jaw Worm","floor":4,"turns":4},{"damage":0,"enemies":"Cultist","floor":5,"turns":2},{"damage":9,"enemies":"3 Sentries","floor":7,"turns":8},{"damage":10,"enemies":"Gremlin Nob","floor":11,"turns":3},{"damage":1,"enemies":"Blue Slaver","floor":13,"turns":3},{"damage":2,"enemies":"Lagavulin","floor":14,"turns":5},{"damage":5,"enemies":"The Guardian","floor":16,"turns":11},{"damage":2,"enemies":"Shell Parasite","floor":18,"turns":6},{"damage":12,"enemies":"2 Thieves","floor":19,"turns":5},{"damage":14,"enemies":"Centurion and Healer","floor":20,"turns":7},{"damage":20,"enemies":"Masked Bandits","floor":22,"turns":5},{"damage":30,"enemies":"Gremlin Leader","floor":23,"turns":5}],"seed_played":"-720469645800173773","potions_obtained":[{"floor":1,"key":"SpeedPotion"},{"floor":4,"key":"Swift Potion"},{"floor":13,"key":"SneckoOil"},{"floor":18,"key":"AttackPotion"},{"floor":19,"key":"Dexterity Potion"},{"floor":20,"key":"Strength Potion"},{"floor":22,"key":"Swift Potion"}],"is_trial":false,"path_per_floor":["M","?","$","M","M","R","E","R","T","R","E","R","M","E","R","B",null,"M","M","M","$","?","E"],"character_chosen":"THE_SILENT","items_purchased":["Terror","Dagger Throw","Footwork","Lantern"],"campfire_rested":0,"item_purchase_floors":[3,3,21,21],"current_hp_per_floor":[70,59,59,59,59,59,50,50,50,50,42,42,43,43,43,40,68,68,58,46,46,28,0],"gold":151,"neow_bonus":"TEN_PERCENT_HP_BONUS","is_prod":false,"is_daily":false,"chose_seed":false,"campfire_upgraded":5,"win_rate":0,"timestamp":1548903528,"path_taken":["M","?","$","M","M","R","E","R","T","R","E","R","M","E","R","BOSS","M","M","M","$","?","E"],"build_version":"2019-01-23","purchased_purges":2,"victory":false,"max_hp_per_floor":[77,77,77,77,77,77,77,77,77,77,77,77,77,77,77,77,77,77,77,77,77,77,77],"card_choices":[{"not_picked":["All Out Attack","Deadly Poison"],"picked":"Predator","floor":1},{"not_picked":["Poisoned Stab","Heel Hook"],"picked":"Backstab","floor":4},{"not_picked":["Tactician","Terror","Slice"],"picked":"SKIP","floor":5},{"not_picked":["Caltrops","Deadly Poison"],"picked":"PiercingWail","floor":7},{"not_picked":["Distraction","Bane","Riddle With Holes"],"picked":"SKIP","floor":11},{"not_picked":["Blur","Underhanded Strike"],"picked":"Dash","floor":13},{"not_picked":["Sucker Punch","Deflect"],"picked":"Bouncing Flask","floor":14},{"not_picked":["Doppelganger","Wraith Form v2"],"picked":"Phantasmal Killer","floor":16},{"not_picked":["Finisher","Dagger Throw+1","Outmaneuver"],"picked":"SKIP","floor":18},{"not_picked":["Backflip","Sucker Punch"],"picked":"Dagger Spray+1","floor":19},{"not_picked":["Bane+1","Underhanded Strike","Escape Plan"],"picked":"SKIP","floor":20},{"not_picked":["Slice+1","Catalyst+1"],"picked":"Dodge and Roll","floor":22}],"player_experience":475674,"relics_obtained":[{"floor":7,"key":"Art of War"},{"floor":9,"key":"Blood Vial"},{"floor":11,"key":"Pocketwatch"},{"floor":14,"key":"MawBank"},{"floor":22,"key":"Red Mask"}],"event_choices":[{"damage_healed":0,"gold_gain":75,"player_choice":"Gather Gold","damage_taken":11,"max_hp_gain":0,"max_hp_loss":0,"event_name":"World of Goop","floor":2,"gold_loss":0},{"damage_healed":0,"gold_gain":0,"player_choice":"Fought Bandits","damage_taken":0,"max_hp_gain":0,"max_hp_loss":0,"event_name":"Masked Bandits","floor":22,"gold_loss":0}],"is_beta":false,"boss_relics":[{"not_picked":["HoveringKite","Lizard Tail"],"picked":"White Beast Statue"}],"items_purged_floors":[3,21],"is_endless":false,"potions_floor_spawned":[1,4,13,18,19,20,22],"killed_by":"Gremlin Leader","ascension_level":8}