{"path_per_floor":["M","M","M","M","?","R","E","M","T","E","M","M","$","M","R","B",null,"M","?","M","?","$","E","?","E","T","R","M","R","$","M","R","B",null,"M","M","M","M","?","E","?","E","T","M","$"],"character_chosen":"IRONCLAD","items_purchased":["Omamori","Charon\u0027s Ashes","Mummified Hand"],"gold_per_floor":[110,123,141,159,159,159,485,496,496,529,546,562,487,504,504,605,605,616,651,666,666,411,439,439,471,498,498,511,511,78,88,88,187,187,202,216,233,245,245,270,270,305,305,325,72],"floor_reached":46,"campfire_rested":0,"playtime":4656,"current_hp_per_floor":[80,80,80,78,71,71,65,71,71,42,46,36,36,34,34,29,80,84,65,70,70,70,33,64,80,80,80,82,82,82,62,62,35,105,105,104,108,108,108,98,88,99,99,111,111],"items_purged":["Strike_R","Strike_R","Strike_R"],"gold":72,"play_id":"23cd1693-eb37-4bcd-a01d-462a7432ad75","is_prod":false,"is_daily":false,"is_ascension_mode":false,"campfire_rituals":0,"campfire_upgraded":5,"path_taken":["M","M","M","M","?","R","E","M","T","E","M","M","$","M","R","BOSS","M","?","M","?","$","E","?","E","T","R","M","R","$","M","R","BOSS","M","?","M","M","?","E","?","E","T","M","$","E"],"build_version":"2018-01-22-BETA2","purchased_purges":3,"victory":false,"master_deck":["Strike_R","Defend_R","Defend_R","Defend_R","Defend_R","Bash","Pommel Strike","Armaments","Battle Trance","Seeing Red","Uppercut","Burning Pact","Reaper","Whirlwind","Feed","Headbutt","Rampage","Demon Form","Feel No Pain","Bloodletting","Inflame","Fire Breathing","Fiend Fire","True Grit","Second Wind","Shrug It Off","Infernal Blade","Disarm","Madness","Madness","True Grit"],"max_hp_per_floor":[80,80,80,80,80,80,80,80,80,80,80,80,80,80,80,80,80,84,87,91,91,91,94,94,98,98,98,102,102,102,105,105,105,105,105,105,108,108,108,111,111,111,111,111,111],"relics":["Burning Blood","Old Coin","Darkstone Periapt","Ornamental Fan","Runic Pyramid","Red Mask","Omamori","Torii","Prayer Wheel","Bag of Preparation","Charon\u0027s Ashes","Mark of Pain","Calipers","Shovel","Bird Faced Urn","Mummified Hand"],"campfire_meditates":0,"card_choices":[{"not_picked":["Armaments","Twin Strike"],"picked":"Pommel Strike"},{"not_picked":["Perfected Strike","Body Slam"],"picked":"Armaments"},{"not_picked":["Dual Wield","Feel No Pain"],"picked":"Battle Trance"},{"not_picked":["Warcry","Flex"],"picked":"Seeing Red"},{"not_picked":["Perfected Strike","Rupture"],"picked":"Uppercut"},{"not_picked":["Perfected Strike","Clash"],"picked":"Cleave"},{"not_picked":["Seeing Red","Battle Trance"],"picked":"Burning Pact"},{"not_picked":["Pommel Strike","Burning Pact"],"picked":"Reaper"},{"not_picked":["Seeing Red","Heavy Blade"],"picked":"Whirlwind"},{"not_picked":["Berserk","Limit Break"],"picked":"Feed"},{"not_picked":["Sword Boomerang","Blood for Blood"],"picked":"Headbutt"},{"not_picked":["Cleave","Seeing Red"],"picked":"Rampage"},{"not_picked":["Body Slam","Headbutt"],"picked":"Demon Form"},{"not_picked":["Clothesline","Juggernaut"],"picked":"Feel No Pain"},{"not_picked":["Inflame","Clash"],"picked":"Bloodletting"},{"not_picked":["Rage","Anger"],"picked":"Inflame"},{"not_picked":["Pommel Strike","Headbutt"],"picked":"Fire Breathing"},{"not_picked":["Berserk","Barricade"],"picked":"Fiend Fire"},{"not_picked":["Sword Boomerang","Second Wind"],"picked":"True Grit"},{"not_picked":["Headbutt","Battle Trance"],"picked":"Second Wind"},{"not_picked":["Combust","Headbutt"],"picked":"Shrug It Off"},{"not_picked":["Pommel Strike","Second Wind"],"picked":"Infernal Blade"},{"not_picked":["Flame Barrier","Thunderclap"],"picked":"Disarm"},{"not_picked":["Twin Strike","Searing Blow"],"picked":"True Grit"}],"player_experience":11015,"potions_floor_usage":[7,16,19,19,20,44],"damage_taken":[{"damage":0,"enemies":"Small Slimes","floor":1,"turns":3},{"damage":6,"enemies":"2 Louse","floor":2,"turns":3},{"damage":3,"enemies":"Jaw Worm","floor":3,"turns":5},{"damage":8,"enemies":"3 Louse","floor":4,"turns":4},{"damage":12,"enemies":"3 Sentries","floor":7,"turns":7},{"damage":0,"enemies":"Exordium Wildlife","floor":8,"turns":3},{"damage":35,"enemies":"Lagavulin","floor":10,"turns":6},{"damage":2,"enemies":"Looter","floor":11,"turns":3},{"damage":16,"enemies":"Exordium Thugs","floor":12,"turns":3},{"damage":8,"enemies":"Red Slaver","floor":14,"turns":3},{"damage":26,"enemies":"Slime Boss","floor":16,"turns":8},{"damage":1,"enemies":"3 Byrds","floor":18,"turns":3},{"damage":37,"enemies":"Masked Bandits","floor":19,"turns":5},{"damage":10,"enemies":"Spheric Guardian","floor":20,"turns":4},{"damage":60,"enemies":"Slavers","floor":23,"turns":9},{"damage":39,"enemies":"Gremlin Leader","floor":25,"turns":8},{"damage":48,"enemies":"Slaver and Parasite","floor":28,"turns":7},{"damage":43,"enemies":"Snecko","floor":31,"turns":6},{"damage":39,"enemies":"Collector","floor":33,"turns":7},{"damage":4,"enemies":"Orb Walker","floor":35,"turns":3},{"damage":24,"enemies":"Flame Bruiser 1 Orb","floor":36,"turns":4},{"damage":15,"enemies":"Spire Growth","floor":37,"turns":4},{"damage":0,"enemies":"Sphere and 2 Shapes","floor":38,"turns":4},{"damage":19,"enemies":"2 Orb Walkers","floor":40,"turns":4},{"damage":9,"enemies":"Nemesis","floor":42,"turns":7},{"damage":39,"enemies":"3 Darklings","floor":44,"turns":5},{"damage":115,"enemies":"Giant Head","floor":46,"turns":11}],"event_choices":[{"event_name":"Golden Wing","player_choice":"Card Removal","floor":5,"damage_taken":0},{"event_name":"Masked Bandits","player_choice":"Fought over 616 gold","floor":19,"damage_taken":0},{"event_name":"Vampires","player_choice":"Ignored","floor":21,"damage_taken":0},{"event_name":"The Library","player_choice":"Heal","floor":24,"damage_taken":0},{"event_name":"Winding Halls","player_choice":"Embrace Madness","floor":41,"damage_taken":0}],"boss_relics":[{"not_picked":["Snecko Eye","White Beast Statue"],"picked":"Runic Pyramid"},{"not_picked":["Orrery","Question Card"],"picked":"Mark of Pain"}],"potions_floor_spawned":[2,3,10,14,18,19,20,37,40],"seed_played":"-3105340579556965352","killed_by":"Giant Head","ascension_level":1,"is_trial":false}