{"gold_per_floor":[109,109,55,66,66,93,93,111,111,111,154,169,184,222,222,316,316,341,354,354,125,125,125,161,161,161,205,225,67,67,90,90,90],"floor_reached":33,"playtime":1064,"items_purged":["Defend_R"],"score":635,"play_id":"a76c20e6-675f-4c99-a249-91fe6ab0c4bc","local_time":"20190309120713","is_ascension_mode":true,"campfire_choices":[{"data":"Immolate","floor":7,"key":"SMITH"},{"data":"Injury","floor":15,"key":"PURGE"},{"data":"Perfected Strike","floor":23,"key":"SMITH"},{"data":"Perfected Strike","floor":25,"key":"SMITH"},{"data":"Bash","floor":30,"key":"SMITH"},{"data":"Flame Barrier","floor":32,"key":"SMITH"}],"neow_cost":"NONE","seed_source_timestamp":161030634764344,"circlet_count":0,"master_deck":["AscendersBane","Strike_R+1","Strike_R","Strike_R+1","Strike_R","Strike_R","Defend_R","Defend_R","Bash+1","Shrug It Off","Immolate+1","Ghostly Armor","Perfected Strike+1","Shrug It Off","Offering","Perfected Strike+1","Pommel Strike","Double Tap","Flame Barrier+1"],"relics":["Burning Blood","NeowsBlessing","NlothsMask","Peace Pipe","Golden Idol","Meat on the Bone","Incense Burner","Eternal Feather","Bottled Lightning","Singing Bowl","Strawberry"],"potions_floor_usage":[11,12,18,33,33],"damage_taken":[{"damage":0,"enemies":"Small Slimes","floor":1,"turns":1},{"damage":0,"enemies":"Cultist","floor":4,"turns":1},{"damage":0,"enemies":"Lagavulin","floor":6,"turns":2},{"damage":0,"enemies":"2 Louse","floor":8,"turns":2},{"damage":8,"enemies":"Gremlin Nob","floor":11,"turns":3},{"damage":3,"enemies":"Exordium Wildlife","floor":12,"turns":4},{"damage":0,"enemies":"2 Fungi Beasts","floor":13,"turns":1},{"damage":7,"enemies":"3 Sentries","floor":14,"turns":6},{"damage":23,"enemies":"Slime Boss","floor":16,"turns":8},{"damage":23,"enemies":"2 Thieves","floor":18,"turns":4},{"damage":13,"enemies":"Chosen","floor":19,"turns":4},{"damage":9,"enemies":"Gremlin Leader","floor":24,"turns":4},{"damage":6,"enemies":"Slavers","floor":27,"turns":1},{"damage":4,"enemies":"Snecko","floor":28,"turns":4},{"damage":6,"enemies":"Snake Plant","floor":31,"turns":1},{"damage":103,"enemies":"Champ","floor":33,"turns":11}],"seed_played":"6289125209986849579","potions_obtained":[{"floor":6,"key":"BloodPotion"},{"floor":11,"key":"EssenceOfSteel"},{"floor":13,"key":"BloodPotion"},{"floor":27,"key":"Regen Potion"}],"is_trial":false,"path_per_floor":["M","?","$","M","?","E","R","M","T","?","E","M","M","E","R","B",null,"M","M","?","$","?","R","E","R","T","E","M","$","R","M","R","B"],"character_chosen":"IRONCLAD","items_purchased":["AttackPotion","FearPotion","Double Tap","Flame Barrier"],"campfire_rested":0,"item_purchase_floors":[3,21,21,29],"current_hp_per_floor":[74,51,51,57,57,63,63,69,69,69,67,70,75,74,74,57,71,61,54,54,54,54,63,60,69,69,78,82,82,86,88,88,0],"gold":90,"neow_bonus":"THREE_ENEMY_KILL","is_prod":false,"is_daily":false,"chose_seed":false,"campfire_upgraded":5,"win_rate":0,"timestamp":1552154833,"path_taken":["M","?","$","M","?","E","R","?","T","?","E","M","M","E","R","BOSS","M","M","?","$","?","R","E","R","T","E","?","$","R","M","R","BOSS"],"build_version":"2019-01-23","purchased_purges":1,"victory":false,"max_hp_per_floor":[75,75,75,75,75,75,75,75,75,75,75,75,75,75,75,75,75,75,75,75,75,75,75,75,75,75,84,86,86,86,88,88,88],"card_choices":[{"not_picked":["Havoc","Feel No Pain","Armaments"],"picked":"SKIP","floor":1},{"not_picked":["Cleave","Havoc"],"picked":"Shrug It Off","floor":4},{"not_picked":["Thunderclap","Blood for Blood"],"picked":"Immolate","floor":6},{"not_picked":["Hemokinesis","Entrench"],"picked":"Ghostly Armor","floor":8},{"not_picked":["Warcry","Dual Wield"],"picked":"Perfected Strike","floor":11},{"not_picked":["Second Wind","True Grit"],"picked":"Shrug It Off","floor":12},{"not_picked":["Sever Soul","Second Wind","Searing Blow"],"picked":"SKIP","floor":13},{"not_picked":["Blood for Blood","Warcry","Corruption"],"picked":"SKIP","floor":14},{"not_picked":["Reaper","Double Tap"],"picked":"Offering","floor":16},{"not_picked":["Burning Pact","Body Slam"],"picked":"Perfected Strike","floor":18},{"not_picked":["Armaments+1","Corruption"],"picked":"Pommel Strike","floor":19},{"not_picked":["Sword Boomerang","Iron Wave","Twin Strike"],"picked":"SKIP","floor":24},{"not_picked":["Dropkick","Double Tap","Shrug It Off"],"picked":"Singing Bowl","floor":27},{"not_picked":["Sever Soul","Entrench+1","Wild Strike"],"picked":"Singing Bowl","floor":28},{"not_picked":["Ghostly Armor","Anger","Headbutt"],"picked":"Singing Bowl","floor":31}],"player_experience":337226,"relics_obtained":[{"floor":6,"key":"Peace Pipe"},{"floor":11,"key":"Meat on the Bone"},{"floor":14,"key":"Incense Burner"},{"floor":24,"key":"Bottled Lightning"},{"floor":26,"key":"Singing Bowl"},{"floor":27,"key":"Strawberry"}],"event_choices":[{"damage_healed":0,"gold_gain":0,"player_choice":"Entered Light","damage_taken":23,"max_hp_gain":0,"max_hp_loss":0,"event_name":"Shining Light","floor":2,"gold_loss":0,"cards_upgraded":["Strike_R","Strike_R"]},{"damage_healed":0,"gold_gain":0,"player_choice":"Trade","damage_taken":0,"relics_obtained":["NlothsMask"],"max_hp_gain":0,"max_hp_loss":0,"event_name":"FaceTrader","floor":5,"gold_loss":0},{"damage_healed":0,"gold_gain":0,"player_choice":"Take Wound","damage_taken":0,"relics_obtained":["Golden Idol"],"max_hp_gain":0,"max_hp_loss":0,"event_name":"Golden Idol","floor":10,"gold_loss":0,"cards_obtained":["Injury"]},{"damage_healed":0,"gold_gain":0,"player_choice":"Ignored","damage_taken":0,"max_hp_gain":0,"max_hp_loss":0,"event_name":"Vampires","floor":20,"gold_loss":0},{"cards_removed":["Defend_R"],"damage_healed":0,"gold_gain":0,"player_choice":"Purged","damage_taken":0,"max_hp_gain":0,"max_hp_loss":0,"event_name":"Purifier","floor":22,"gold_loss":0}],"is_beta":false,"boss_relics":[{"not_picked":["Tiny House","Runic Dome"],"picked":"Eternal Feather"}],"items_purged_floors":[29],"is_endless":false,"potions_floor_spawned":[6,11,13,14,27,28,31],"killed_by":"Champ","ascension_level":16}