{"gold_per_floor":[118,130,144,159,159,159,173,173,226,258,13,13,33,47,47,47],"floor_reached":16,"playtime":741,"items_purged":["Strike_G"],"score":177,"play_id":"63eea490-293f-4e31-93e9-7626ba05e2ff","local_time":"20190301231508","is_ascension_mode":true,"campfire_choices":[{"data":"Caltrops","floor":6,"key":"SMITH"},{"data":"Neutralize","floor":8,"key":"SMITH"},{"floor":12,"key":"REST"},{"data":"Apotheosis","floor":15,"key":"SMITH"}],"neow_cost":"NONE","seed_source_timestamp":783490423702746,"circlet_count":0,"master_deck":["AscendersBane","Defend_G","Defend_G","Defend_G","Defend_G","Defend_G","Strike_G","Strike_G","Strike_G","Strike_G","Survivor","Neutralize+1","Storm of Steel+1","Terror","Blur","Skewer","Caltrops+1","Footwork","Apotheosis+1","Blur","Endless Agony"],"relics":["Ring of the Snake","Tiny Chest","Bronze Scales"],"potions_floor_usage":[13,16,16],"damage_taken":[{"damage":0,"enemies":"2 Louse","floor":1,"turns":5},{"damage":0,"enemies":"Cultist","floor":2,"turns":3},{"damage":4,"enemies":"Jaw Worm","floor":3,"turns":3},{"damage":8,"enemies":"Red Slaver","floor":4,"turns":6},{"damage":4,"enemies":"2 Fungi Beasts","floor":7,"turns":4},{"damage":29,"enemies":"3 Sentries","floor":10,"turns":9},{"damage":4,"enemies":"Looter","floor":13,"turns":3},{"damage":4,"enemies":"Exordium Thugs","floor":14,"turns":6},{"damage":30,"enemies":"Slime Boss","floor":16,"turns":7}],"seed_played":"-825275484931476267","potions_obtained":[{"floor":2,"key":"Poison Potion"},{"floor":4,"key":"Strength Potion"},{"floor":13,"key":"Poison Potion"}],"is_trial":false,"path_per_floor":["M","M","M","M","?","R","M","R","T","E","$","R","M","M","R","B"],"character_chosen":"THE_SILENT","items_purchased":["Apotheosis"],"campfire_rested":1,"item_purchase_floors":[11],"current_hp_per_floor":[59,59,55,47,47,47,43,43,43,14,14,33,29,25,25,0],"gold":47,"neow_bonus":"ONE_RANDOM_RARE_CARD","is_prod":false,"is_daily":false,"chose_seed":false,"campfire_upgraded":3,"win_rate":0,"timestamp":1551500108,"path_taken":["M","M","M","M","?","R","M","R","T","E","$","R","M","M","R","BOSS"],"build_version":"2019-01-23","purchased_purges":1,"victory":false,"max_hp_per_floor":[66,66,66,66,66,66,66,66,66,66,66,66,66,66,66,66],"card_choices":[{"not_picked":["Quick Slash","Accuracy"],"picked":"Terror","floor":1},{"not_picked":["Expertise","Prepared"],"picked":"Blur","floor":2},{"not_picked":["PiercingWail","Flying Knee"],"picked":"Skewer","floor":3},{"not_picked":["Bane","Sucker Punch"],"picked":"Caltrops","floor":4},{"not_picked":["Noxious Fumes","Infinite Blades","Acrobatics"],"picked":"SKIP","floor":7},{"not_picked":["Noxious Fumes","Infinite Blades","Acrobatics"],"picked":"SKIP","floor":7},{"not_picked":["Bouncing Flask","Catalyst"],"picked":"Footwork","floor":10},{"not_picked":["Heel Hook","Concentrate"],"picked":"Blur","floor":13},{"not_picked":["PiercingWail","Flechettes"],"picked":"Endless Agony","floor":14}],"player_experience":767224,"relics_obtained":[{"floor":9,"key":"Tiny Chest"},{"floor":10,"key":"Bronze Scales"}],"event_choices":[{"damage_healed":0,"gold_gain":0,"player_choice":"Forge","damage_taken":0,"max_hp_gain":0,"max_hp_loss":0,"event_name":"Accursed Blacksmith","floor":5,"gold_loss":0,"cards_upgraded":["Storm of Steel"]}],"is_beta":false,"boss_relics":[],"items_purged_floors":[11],"is_endless":false,"potions_floor_spawned":[2,4,7,13],"killed_by":"Slime Boss","ascension_level":14}