{"gold_per_floor":[115,190,76,76,94,94,104,129,129,129,157,55,55,66,66,165,165,181,195,195,195,209,209,237,162,162,162],"floor_reached":27,"playtime":2433,"items_purged":["Strike_B"],"score":277,"play_id":"82c75459-2ed9-4f8d-9462-1bfff79936e4","local_time":"20190303065202","is_ascension_mode":true,"campfire_choices":[{"data":"Zap","floor":6,"key":"SMITH"},{"data":"Hyperbeam","floor":10,"key":"SMITH"},{"data":"Creative AI","floor":13,"key":"SMITH"},{"data":"Self Repair","floor":15,"key":"SMITH"},{"data":"Conserve Battery","floor":23,"key":"SMITH"}],"neow_cost":"NONE","seed_source_timestamp":45857544120028,"circlet_count":0,"master_deck":["Strike_B","Strike_B","Strike_B","Defend_B","Defend_B","Defend_B","Defend_B","Zap+1","Dualcast","Ball Lightning","Chill","Static Discharge","Cold Snap","Hyperbeam+1","White Noise","Creative AI+1","Ball Lightning","Conserve Battery+1","Self Repair+1","Machine Learning","Steam","Turbo","White Noise"],"relics":["Cracked Core","Darkstone Periapt","Gambling Chip","Anchor","Inserter","Du-Vu Doll","Singing Bowl"],"potions_floor_usage":[16],"damage_taken":[{"damage":1,"enemies":"Small Slimes","floor":1,"turns":3},{"damage":6,"enemies":"Jaw Worm","floor":5,"turns":2},{"damage":0,"enemies":"2 Louse","floor":7,"turns":2},{"damage":22,"enemies":"Lagavulin","floor":8,"turns":6},{"damage":0,"enemies":"Gremlin Nob","floor":11,"turns":3},{"damage":12,"enemies":"Large Slime","floor":14,"turns":4},{"damage":25,"enemies":"Hexaghost","floor":16,"turns":10},{"damage":7,"enemies":"2 Thieves","floor":18,"turns":3},{"damage":1,"enemies":"Shell Parasite","floor":19,"turns":9},{"damage":22,"enemies":"Snake Plant","floor":22,"turns":4},{"damage":47,"enemies":"Gremlin Leader","floor":24,"turns":9},{"damage":26,"enemies":"Slavers","floor":27,"turns":3}],"seed_played":"3930671810547500272","potions_obtained":[{"floor":8,"key":"Energy Potion"},{"floor":11,"key":"Poison Potion"},{"floor":16,"key":"SteroidPotion"},{"floor":19,"key":"Strength Potion"}],"is_trial":false,"path_per_floor":["M","?","$","?","M","R","M","E","T","R","E","$","R","M","R","B",null,"M","M","?","?","M","R","E","$","T","E"],"character_chosen":"DEFECT","items_purchased":["Chill","Static Discharge","Ball Lightning","Conserve Battery"],"campfire_rested":0,"item_purchase_floors":[3,3,12,12],"current_hp_per_floor":[81,70,70,70,64,64,64,42,42,42,42,42,42,30,30,5,82,75,82,82,82,60,60,23,23,23,0],"gold":162,"neow_bonus":"TEN_PERCENT_HP_BONUS","is_prod":false,"is_daily":false,"chose_seed":false,"campfire_upgraded":5,"win_rate":0,"timestamp":1551588722,"path_taken":["M","?","$","?","M","R","M","E","T","R","E","?","R","M","R","BOSS","M","M","?","?","M","R","E","$","T","E"],"build_version":"2019-01-23","purchased_purges":1,"victory":false,"max_hp_per_floor":[82,82,82,82,82,82,82,82,82,82,82,82,82,82,82,82,82,82,82,82,82,82,82,82,82,82,82],"card_choices":[{"not_picked":["Sweeping Beam","Compile Driver"],"picked":"Ball Lightning","floor":1},{"not_picked":["Rebound","Capacitor"],"picked":"Cold Snap","floor":5},{"not_picked":["Turbo","Ball Lightning"],"picked":"Hyperbeam","floor":7},{"not_picked":["Gash","Lockon"],"picked":"White Noise","floor":8},{"not_picked":["Hologram","Ball Lightning"],"picked":"Creative AI","floor":11},{"not_picked":["Compile Driver","Gash"],"picked":"Self Repair","floor":14},{"not_picked":["Multi-Cast","Reboot"],"picked":"Machine Learning","floor":16},{"not_picked":["Fusion","Barrage"],"picked":"Steam","floor":18},{"not_picked":["Storm","Reinforced Body"],"picked":"Turbo","floor":19},{"not_picked":["Steam","Lockon","Turbo"],"picked":"SKIP","floor":22},{"not_picked":["FTL","Barrage"],"picked":"White Noise","floor":24}],"player_experience":602168,"relics_obtained":[{"floor":8,"key":"Darkstone Periapt"},{"floor":9,"key":"Gambling Chip"},{"floor":11,"key":"Anchor"},{"floor":24,"key":"Du-Vu Doll"},{"floor":26,"key":"Singing Bowl"}],"event_choices":[{"damage_healed":0,"gold_gain":75,"player_choice":"Gather Gold","damage_taken":11,"max_hp_gain":0,"max_hp_loss":0,"event_name":"World of Goop","floor":2,"gold_loss":0},{"damage_healed":0,"gold_gain":0,"player_choice":"Leave","damage_taken":0,"max_hp_gain":0,"max_hp_loss":0,"event_name":"The Cleric","floor":4,"gold_loss":0},{"damage_healed":0,"gold_gain":0,"player_choice":"Ignored","damage_taken":0,"max_hp_gain":0,"max_hp_loss":0,"event_name":"Vampires","floor":20,"gold_loss":0},{"damage_healed":0,"gold_gain":0,"player_choice":"Ignored","damage_taken":0,"max_hp_gain":0,"max_hp_loss":0,"event_name":"Cursed Tome","floor":21,"gold_loss":0}],"is_beta":false,"boss_relics":[{"not_picked":["Tiny House","Pandora\u0027s Box"],"picked":"Inserter"}],"items_purged_floors":[25],"is_endless":false,"potions_floor_spawned":[8,11,16,19],"killed_by":"Slavers","ascension_level":1}