{"gold_per_floor":[119,137,137,150,110,110,123,123,150,178,197,197,197,209,209,305,335,355,355,371,67,78,103,103,118,165,165,179,179,179,189,189,189],"floor_reached":33,"playtime":13510,"items_purged":[],"score":269,"play_id":"86932f7e-bef4-40a4-8624-a6a07dc7841b","local_time":"20180707033902","is_ascension_mode":false,"campfire_choices":[{"data":"Genetic Algorithm","floor":6,"key":"SMITH"},{"data":"Streamline","floor":8,"key":"SMITH"},{"data":"Zap","floor":13,"key":"SMITH"},{"floor":15,"key":"REST"},{"floor":24,"key":"REST"},{"data":"Double Energy","floor":29,"key":"SMITH"},{"floor":32,"key":"REST"}],"neow_cost":"","seed_source_timestamp":19488572396110,"circlet_count":0,"master_deck":["Strike_B+1","Strike_B+1","Strike_B+1","Strike_B+1","Defend_B+1","Defend_B+1","Defend_B+1","Defend_B+1","Zap+1","Dualcast","Genetic Algorithm+1","Melter","Reinforced Body","Doom and Gloom","Streamline+1","Hologram","Barrage","FTL","Creative AI+1","Leap","Double Energy+1","Tempest+1","Bandage Up","Beam Cell+1","Defragment+1","Gash+1","Darkness+1","Ball Lightning"],"relics":["Cracked Core","Lantern","Bag of Preparation","Ornamental Fan","Frozen Egg 2","Tiny House","Lee\u0027s Waffle","Kunai","Pen Nib"],"potions_floor_usage":[10,16,16,25,31,33,33],"damage_taken":[{"damage":0,"enemies":"Small Slimes","floor":1,"turns":3},{"damage":7,"enemies":"Jaw Worm","floor":2,"turns":3},{"damage":0,"enemies":"Cultist","floor":4,"turns":4},{"damage":3,"enemies":"Lots of Slimes","floor":7,"turns":4},{"damage":9,"enemies":"Gremlin Nob","floor":10,"turns":4},{"damage":1,"enemies":"Exordium Thugs","floor":11,"turns":4},{"damage":7,"enemies":"3 Louse","floor":14,"turns":2},{"damage":22,"enemies":"Hexaghost","floor":16,"turns":9},{"damage":24,"enemies":"2 Thieves","floor":18,"turns":4},{"damage":7,"enemies":"3 Byrds","floor":20,"turns":7},{"damage":32,"enemies":"Centurion and Healer","floor":22,"turns":9},{"damage":24,"enemies":"Gremlin Leader","floor":23,"turns":8},{"damage":11,"enemies":"Snecko","floor":25,"turns":3},{"damage":18,"enemies":"3 Cultists","floor":28,"turns":6},{"damage":27,"enemies":"Slaver and Parasite","floor":31,"turns":5},{"damage":70,"enemies":"Automaton","floor":33,"turns":6}],"seed_played":"1194785366232588259","potions_obtained":[{"floor":1,"key":"Weak Potion"},{"floor":4,"key":"PowerPotion"},{"floor":11,"key":"GamblersBrew"},{"floor":16,"key":"Ancient Potion"},{"floor":17,"key":"LiquidBronze"},{"floor":20,"key":"FocusPotion"},{"floor":25,"key":"GamblersBrew"},{"floor":31,"key":"FocusPotion"}],"is_trial":false,"path_per_floor":["M","M","?","M","$","R","M","R","T","E","M","T","R","M","R","B",null,"M","?","M","$","M","E","R","M","T","?","M","R","$","M","R"],"character_chosen":"DEFECT","items_purchased":["Doom and Gloom","Bandage Up","Lee\u0027s Waffle"],"campfire_rested":3,"item_purchase_floors":[5,21,21],"current_hp_per_floor":[75,68,50,50,50,50,47,47,47,38,37,37,37,30,52,30,80,56,56,49,87,59,39,65,58,58,58,44,44,44,21,47,0],"gold":189,"neow_bonus":"","is_prod":false,"is_daily":false,"chose_seed":false,"campfire_upgraded":4,"win_rate":0.0,"timestamp":1530923942,"path_taken":["M","M","?","M","$","R","M","R","T","E","?","?","R","M","R","BOSS","M","?","?","$","?","E","R","M","T","?","M","R","$","M","R","BOSS"],"build_version":"2018-07-05","purchased_purges":0,"victory":false,"max_hp_per_floor":[75,75,75,75,75,75,75,75,75,75,75,75,75,75,75,75,80,80,80,80,87,87,87,87,87,87,87,87,87,87,87,87,87],"card_choices":[{"not_picked":["Blizzard","Conserve Battery"],"picked":"Genetic Algorithm","floor":1},{"not_picked":["Barrage","Go for the Eyes"],"picked":"Melter","floor":2},{"not_picked":["Conserve Battery","Steam Power"],"picked":"Reinforced Body","floor":4},{"not_picked":["Steam","Ball Lightning"],"picked":"Streamline","floor":7},{"not_picked":["Fission","Streamline"],"picked":"Hologram","floor":10},{"not_picked":["Hologram","Consume"],"picked":"Barrage","floor":11},{"not_picked":["Barrage","Steam"],"picked":"FTL","floor":14},{"not_picked":["All For One","Seek"],"picked":"Creative AI+1","floor":16},{"not_picked":["Melter","Compile Driver"],"picked":"Leap","floor":17},{"not_picked":["Ball Lightning","Chill"],"picked":"Double Energy","floor":18},{"not_picked":["Skim","Coolheaded"],"picked":"Tempest+1","floor":20},{"not_picked":["Compile Driver","Chill"],"picked":"Beam Cell+1","floor":22},{"not_picked":["Chaos","Darkness"],"picked":"Defragment+1","floor":23},{"not_picked":["Skim","Stack+1"],"picked":"Gash+1","floor":25},{"not_picked":["Stack+1","Aggregate"],"picked":"Darkness+1","floor":28},{"not_picked":["Reboot","Reinforced Body"],"picked":"Ball Lightning","floor":31}],"player_experience":6396,"relics_obtained":[{"floor":9,"key":"Bag of Preparation"},{"floor":10,"key":"Ornamental Fan"},{"floor":12,"key":"Frozen Egg 2"},{"floor":23,"key":"Kunai"},{"floor":26,"key":"Pen Nib"}],"event_choices":[{"event_name":"Scrap Ooze","player_choice":"success","floor":3,"damage_taken":18},{"event_name":"Back to Basics","player_choice":"Simplicity","floor":19,"damage_taken":0},{"event_name":"Vampires","player_choice":"Ignored","floor":27,"damage_taken":0}],"boss_relics":[{"not_picked":["Calling Bell","White Beast Statue"],"picked":"Tiny House"}],"items_purged_floors":[],"is_endless":false,"potions_floor_spawned":[1,4,11,16,20,25,31],"killed_by":"Automaton","ascension_level":0}