{"path_per_floor":["M","M","M","M","M","R","E","?","T","M","M","E","M","M","R","B",null,"M","?","M","M","$","M","R","M","T","R","E","?","$","E","R","B",null,"M","M","$","?","M","R"],"character_chosen":"THE_SILENT","items_purchased":["Kunai","Panache"],"gold_per_floor":[114,129,144,156,172,172,199,199,226,240,250,281,293,309,309,405,405,416,416,427,444,113,123,123,138,138,138,164,164,64,90,90,189,189,205,220,6,59,73,73,73],"floor_reached":41,"campfire_rested":1,"playtime":4912,"current_hp_per_floor":[68,68,63,50,46,46,34,16,16,16,16,3,3,3,24,13,70,70,70,68,64,64,50,50,47,47,47,47,70,70,53,53,25,70,70,66,66,32,32,32,0],"items_purged":["Corpse Explosion","Strike_G"],"gold":73,"score":545,"play_id":"c7b60840-ded5-4de3-b90b-cd892a8a02e9","local_time":"20180408214936","is_prod":false,"is_daily":false,"is_ascension_mode":true,"campfire_upgraded":4,"timestamp":1523216976,"path_taken":["M","M","M","?","M","R","E","?","T","M","M","E","?","M","R","BOSS","M","?","M","M","$","M","R","M","T","R","E","?","?","E","R","BOSS","M","M","$","?","M","R","E"],"build_version":"2018-04-05v2","purchased_purges":2,"victory":false,"master_deck":["Defend_G","Defend_G","Defend_G","Defend_G","Strike_G","Strike_G","Survivor","Neutralize","Crippling Poison+1","Dagger Spray+1","Malaise+1","Terror","Sucker Punch","Cloak And Dagger+1","Cloak And Dagger","Unload","Heel Hook","Bouncing Flask+1","Dodge and Roll","Deflect","Burst+1","PiercingWail+1","Cloak And Dagger","Riddle With Holes+1","Infinite Blades+1","Adrenaline","Adrenaline","Bane+1","Panache","Accuracy+1"],"max_hp_per_floor":[70,70,70,70,70,70,70,70,70,70,70,70,70,70,70,70,70,70,70,70,70,70,70,70,70,70,70,70,70,70,70,70,70,70,70,70,70,70,70,70,70],"relics":["Astrolabe","Bottled Flame","Anchor","Oddly Smooth Stone","Pen Nib","Sozu","Kunai","Ginger","Prayer Wheel","Blood Vial","Philosopher\u0027s Stone","Girya"],"card_choices":[{"not_picked":["Flechettes","Skewer"],"picked":"Malaise","floor":1},{"not_picked":["Leg Sweep","Poisoned Stab"],"picked":"Terror","floor":2},{"not_picked":["Flying Knee","Masterful Stab"],"picked":"Sucker Punch","floor":3},{"not_picked":["Setup","Prepared"],"picked":"Cloak And Dagger","floor":4},{"not_picked":["Sucker Punch","Blade Dance"],"picked":"Cloak And Dagger","floor":5},{"not_picked":["PiercingWail","Slice"],"picked":"Unload","floor":7},{"not_picked":["Setup","Flying Knee"],"picked":"Heel Hook","floor":10},{"not_picked":["PiercingWail","Dagger Throw"],"picked":"Bouncing Flask","floor":11},{"not_picked":["Crippling Poison","Deadly Poison"],"picked":"Dodge and Roll","floor":13},{"not_picked":["Dagger Throw","Doppelganger"],"picked":"Deflect","floor":14},{"not_picked":["Storm of Steel","Unload"],"picked":"Burst","floor":16},{"not_picked":["Underhanded Strike","Prepared"],"picked":"PiercingWail","floor":18},{"not_picked":["Reflex","Bane"],"picked":"Cloak And Dagger","floor":20},{"not_picked":["Flying Knee","Endless Agony"],"picked":"Riddle With Holes","floor":21},{"not_picked":["Bane","Acrobatics"],"picked":"Infinite Blades","floor":28},{"not_picked":["Poisoned Stab","Night Terror"],"picked":"Adrenaline","floor":31},{"not_picked":["A Thousand Cuts","Burst"],"picked":"Adrenaline","floor":33},{"not_picked":["All Out Attack","Reflex"],"picked":"Bane","floor":36},{"not_picked":["Corpse Explosion","Dagger Spray"],"picked":"Accuracy","floor":39}],"player_experience":125857,"potions_floor_usage":[7,12,12,13,16,16],"damage_taken":[{"damage":2,"enemies":"Cultist","floor":1,"turns":4},{"damage":0,"enemies":"Small Slimes","floor":2,"turns":3},{"damage":5,"enemies":"2 Louse","floor":3,"turns":2},{"damage":13,"enemies":"Red Slaver","floor":4,"turns":4},{"damage":4,"enemies":"Gremlin Gang","floor":5,"turns":6},{"damage":12,"enemies":"3 Sentries","floor":7,"turns":7},{"damage":0,"enemies":"Blue Slaver","floor":10,"turns":4},{"damage":0,"enemies":"3 Louse","floor":11,"turns":1},{"damage":13,"enemies":"Gremlin Nob","floor":12,"turns":4},{"damage":0,"enemies":"Large Slime","floor":13,"turns":5},{"damage":0,"enemies":"Blue Slaver","floor":14,"turns":3},{"damage":11,"enemies":"Slime Boss","floor":16,"turns":8},{"damage":0,"enemies":"Chosen","floor":18,"turns":5},{"damage":2,"enemies":"Shell Parasite","floor":20,"turns":6},{"damage":4,"enemies":"Snake Plant","floor":21,"turns":6},{"damage":14,"enemies":"Centurion and Healer","floor":23,"turns":6},{"damage":3,"enemies":"Chosen and Byrds","floor":25,"turns":6},{"damage":0,"enemies":"Gremlin Leader","floor":28,"turns":8},{"damage":17,"enemies":"Slavers","floor":31,"turns":5},{"damage":30,"enemies":"Collector","floor":33,"turns":11},{"damage":0,"enemies":"3 Darklings","floor":35,"turns":5},{"damage":4,"enemies":"Orb Walker","floor":36,"turns":3},{"damage":36,"enemies":"Mysterious Sphere","floor":38,"turns":6},{"damage":2,"enemies":"Maw","floor":39,"turns":5},{"damage":45,"enemies":"2 Orb Walkers","floor":41,"turns":3}],"event_choices":[{"event_name":"Scrap Ooze","player_choice":"success","floor":8,"damage_taken":18},{"event_name":"Drug Dealer","player_choice":"Ignored","floor":19,"damage_taken":0},{"event_name":"The Library","player_choice":"Heal","floor":29,"damage_taken":0},{"event_name":"Mysterious Sphere","player_choice":"Fight","floor":38,"damage_taken":0}],"boss_relics":[{"not_picked":["Black Star","Eternal Feather"],"picked":"Sozu"},{"not_picked":["Tiny House","Lizard Tail"],"picked":"Philosopher\u0027s Stone"}],"potions_floor_spawned":[1,2,7,10,12,14,21,33,36,38],"seed_played":"6413014256726836812","killed_by":"2 Orb Walkers","ascension_level":3,"is_trial":false}