{"gold_per_floor":[112,42,60,80,97,125,125,125,125,125,141,161,195,221,221,321,321,335,127,139,159,159],"floor_reached":22,"playtime":1557,"items_purged":[],"score":198,"play_id":"9ab1be4e-e108-416c-9bec-b5b8ae7dd51c","local_time":"20180724101245","is_ascension_mode":false,"campfire_choices":[{"floor":8,"key":"REST"},{"floor":10,"key":"REST"},{"data":"Armaments","floor":15,"key":"SMITH"}],"neow_cost":"NONE","seed_source_timestamp":0,"circlet_count":0,"master_deck":["Strike_R","Strike_R","Strike_R","Strike_R","Strike_R","Defend_R","Defend_R","Defend_R","Defend_R","Bash","Armaments+1","Inflame","Entrench","Dropkick","Cleave","Shrug It Off","Entrench","Barricade","Seeing Red","Flame Barrier"],"special_seed":0,"relics":["Black Blood","Pen Nib","Mercury Hourglass","Smiling Mask","Odd Mushroom"],"potions_floor_usage":[13,14,16,16,20,22,22],"damage_taken":[{"damage":0.0,"enemies":"Small Slimes","floor":1.0,"turns":3.0},{"damage":11.0,"enemies":"2 Louse","floor":3.0,"turns":2.0},{"damage":6.0,"enemies":"Cultist","floor":4.0,"turns":4.0},{"damage":39,"enemies":"Lots of Slimes","floor":5,"turns":7},{"damage":28,"enemies":"Gremlin Nob","floor":6,"turns":4},{"damage":14,"enemies":"Exordium Wildlife","floor":11,"turns":3},{"damage":10,"enemies":"Looter","floor":12,"turns":3},{"damage":21,"enemies":"Lagavulin","floor":13,"turns":5},{"damage":0,"floor":14,"turns":3},{"damage":29,"enemies":"The Guardian","floor":16,"turns":12},{"damage":29,"enemies":"3 Byrds","floor":18,"turns":6},{"damage":30,"enemies":"Spheric Guardian","floor":20,"turns":28},{"damage":25,"enemies":"Cultist and Chosen","floor":21,"turns":12},{"damage":31,"enemies":"Sentry and Sphere","floor":22,"turns":7}],"seed_played":"-3641092162062233341","potions_obtained":[{"floor":6,"key":"Weak Potion"},{"floor":11,"key":"SteroidPotion"},{"floor":12,"key":"Fire Potion"},{"floor":13,"key":"SkillPotion"},{"floor":18,"key":"PowerPotion"}],"is_trial":false,"path_per_floor":["M","$","M","M","M","E","?","R","T","R","M","M","E","?","R","B",null,"M","$","M","M"],"character_chosen":"IRONCLAD","items_purchased":["Entrench","Seeing Red","Explosive Potion","EssenceOfSteel"],"campfire_rested":2,"item_purchase_floors":[2,19,19,19],"current_hp_per_floor":[80,80,75,75,42,20,20,44,44,68,60,56,41,47,47,24,80,61,61,41,26,0],"gold":159,"neow_bonus":"THREE_CARDS","is_prod":false,"is_daily":false,"chose_seed":false,"campfire_upgraded":1,"win_rate":0,"timestamp":1532416365,"path_taken":["M","$","M","M","M","E","?","R","T","R","?","M","E","?","R","BOSS","M","$","M","M","M"],"build_version":"2018-07-19v2","purchased_purges":0,"victory":false,"max_hp_per_floor":[80,80,80,80,80,80,80,80,80,80,80,80,80,80,80,80,80,80,80,80,80,80],"card_choices":[{"not_picked":["Perfected Strike","Wild Strike"],"picked":"Armaments","floor":0.0},{"not_picked":["Perfected Strike","Combust"],"picked":"Inflame","floor":1.0},{"not_picked":["Headbutt","Flame Barrier"],"picked":"Dropkick","floor":3.0},{"not_picked":["Uppercut","Perfected Strike","Clash"],"picked":"SKIP","floor":4.0},{"not_picked":["Clash","Disarm"],"picked":"Cleave","floor":5},{"not_picked":["Fire Breathing","Reckless Charge","Twin Strike"],"picked":"SKIP","floor":6},{"not_picked":["Armaments","Clash","Rage"],"picked":"SKIP","floor":11},{"not_picked":["Twin Strike","Thunderclap","Battle Trance"],"picked":"SKIP","floor":12},{"not_picked":["Flex","Pommel Strike"],"picked":"Shrug It Off","floor":13},{"not_picked":["Havoc","Juggernaut"],"picked":"Entrench","floor":14},{"not_picked":["Double Tap","Bludgeon"],"picked":"Barricade","floor":16},{"not_picked":["Flex","Clash","Warcry"],"picked":"SKIP","floor":18},{"not_picked":["Havoc","Blood for Blood","True Grit+1"],"picked":"SKIP","floor":20},{"not_picked":["Pommel Strike","Fire Breathing+1"],"picked":"Flame Barrier","floor":21}],"player_experience":132624,"relics_obtained":[{"floor":6,"key":"Pen Nib"},{"floor":9,"key":"Mercury Hourglass"},{"floor":13,"key":"Smiling Mask"},{"floor":14,"key":"Odd Mushroom"}],"event_choices":[{"event_name":"Shining Light","player_choice":"Ignored","floor":7,"damage_taken":0},{"event_name":"Mushrooms","player_choice":"Fought Mushrooms","floor":14,"damage_taken":0}],"is_beta":false,"boss_relics":[{"not_picked":["Eternal Feather","Empty Cage"],"picked":"Black Blood"}],"items_purged_floors":[],"is_endless":false,"potions_floor_spawned":[6,11,12,13,18],"killed_by":"Sentry and Sphere","ascension_level":0}