{"gold_per_floor":[118,118,25,25,25,59,59,93,93,73,113,128,151,171,171,267,267,281,281,295,70,70,70,30,83,83,83],"floor_reached":27,"playtime":749,"items_purged":[],"score":621,"play_id":"19723b7c-a9c6-4e0f-95ee-0d212df0c713","local_time":"20190309095245","is_ascension_mode":true,"campfire_choices":[{"data":"Defragment","floor":7,"key":"SMITH"},{"data":"Coolheaded","floor":15,"key":"SMITH"},{"floor":23,"key":"REST"}],"neow_cost":"NONE","seed_source_timestamp":522606318768094,"circlet_count":0,"master_deck":["AscendersBane","Strike_B","Strike_B","Strike_B","Strike_B","Defend_B","Defend_B+1","Defend_B","Defend_B","Zap+1","Dualcast","Conserve Battery","Coolheaded+1","Defragment+1","Ball Lightning","Capacitor+1","Loop+1","Electrodynamics+1","Turbo","Creative AI+1","Writhe","Conserve Battery+1","BootSequence+1"],"relics":["Cracked Core","NeowsBlessing","Golden Idol","Frozen Egg 2","War Paint","Bottled Lightning","Dream Catcher","Busted Crown","Toxic Egg 2","PreservedInsect","Vajra","Blue Candle"],"potions_floor_usage":[11,16,16,18,18,20],"damage_taken":[{"damage":0,"enemies":"Jaw Worm","floor":1,"turns":1},{"damage":0,"enemies":"3 Sentries","floor":6,"turns":1},{"damage":0,"enemies":"Lagavulin","floor":8,"turns":1},{"damage":24,"enemies":"Gremlin Nob","floor":11,"turns":4},{"damage":0,"enemies":"Small Slimes","floor":12,"turns":3},{"damage":0,"enemies":"2 Louse","floor":13,"turns":1},{"damage":6,"enemies":"Looter","floor":14,"turns":3},{"damage":0,"enemies":"Slime Boss","floor":16,"turns":5},{"damage":0,"enemies":"Chosen","floor":18,"turns":3},{"damage":26,"enemies":"Shell Parasite","floor":20,"turns":6},{"damage":25,"enemies":"Colosseum Slavers","floor":22,"turns":4},{"damage":32,"enemies":"3 Cultists","floor":27,"turns":3}],"seed_played":"-7334804871673597969","potions_obtained":[{"floor":1,"key":"SkillPotion"},{"floor":10,"key":"Energy Potion"},{"floor":12,"key":"AttackPotion"},{"floor":13,"key":"Explosive Potion"},{"floor":16,"key":"EntropicBrew"}],"is_trial":false,"path_per_floor":["M","?","$","?","?","E","R","E","T","?","E","M","M","M","R","B",null,"M","?","M","$","?","R","$","T","T","M"],"character_chosen":"DEFECT","items_purchased":["Coolheaded","Defragment","Conserve Battery+1","PreservedInsect","BootSequence+1"],"campfire_rested":1,"item_purchase_floors":[3,3,21,21,24],"current_hp_per_floor":[64,64,64,69,69,69,69,69,69,69,45,45,45,39,39,39,62,62,62,36,36,11,31,31,31,31,0],"gold":83,"neow_bonus":"THREE_ENEMY_KILL","is_prod":false,"is_daily":false,"chose_seed":false,"campfire_upgraded":2,"win_rate":0,"timestamp":1552121565,"path_taken":["M","?","$","?","?","E","R","E","T","?","E","?","M","M","R","BOSS","M","?","M","$","?","R","?","?","T","M"],"build_version":"2019-01-23","purchased_purges":0,"victory":false,"max_hp_per_floor":[71,71,71,76,69,69,69,69,69,69,69,69,69,69,69,69,69,69,69,69,69,69,69,69,69,69,69],"card_choices":[{"not_picked":["Lockon","Steam"],"picked":"Conserve Battery","floor":1},{"not_picked":["Hello World","Double Energy"],"picked":"Ball Lightning","floor":6},{"not_picked":["Coolheaded","White Noise"],"picked":"Capacitor+1","floor":8},{"not_picked":["Gash","Rip and Tear"],"picked":"Loop+1","floor":11},{"not_picked":["Hologram","Reprogram"],"picked":"Electrodynamics+1","floor":12},{"not_picked":["Static Discharge+1","Darkness","Barrage"],"picked":"SKIP","floor":13},{"not_picked":["Steam Power","Steam"],"picked":"Turbo","floor":14},{"not_picked":["Amplify","Multi-Cast"],"picked":"Creative AI+1","floor":16},{"not_picked":["Steam"],"picked":"SKIP","floor":18},{"not_picked":["Gash"],"picked":"SKIP","floor":20}],"player_experience":1095400,"relics_obtained":[{"floor":6,"key":"Frozen Egg 2"},{"floor":8,"key":"War Paint"},{"floor":9,"key":"Bottled Lightning"},{"floor":11,"key":"Dream Catcher"},{"floor":25,"key":"Vajra"},{"floor":26,"key":"Blue Candle"}],"event_choices":[{"damage_healed":0,"gold_gain":0,"player_choice":"Fled","damage_taken":0,"max_hp_gain":0,"max_hp_loss":0,"event_name":"Scrap Ooze","floor":2,"gold_loss":0},{"damage_healed":0,"gold_gain":0,"player_choice":"Donut","damage_taken":0,"max_hp_gain":5,"max_hp_loss":0,"event_name":"Big Fish","floor":4,"gold_loss":0},{"damage_healed":0,"gold_gain":0,"player_choice":"Lose Max HP","damage_taken":0,"relics_obtained":["Golden Idol"],"max_hp_gain":0,"max_hp_loss":7,"event_name":"Golden Idol","floor":5,"gold_loss":0},{"damage_healed":0,"gold_gain":0,"player_choice":"Bought 1 Potion","damage_taken":0,"max_hp_gain":0,"max_hp_loss":0,"event_name":"The Woman in Blue","floor":10,"gold_loss":0},{"damage_healed":0,"gold_gain":0,"player_choice":"Opened","damage_taken":0,"relics_obtained":["Toxic Egg 2"],"max_hp_gain":0,"max_hp_loss":0,"event_name":"The Mausoleum","floor":19,"gold_loss":0,"cards_obtained":["Writhe"]},{"damage_healed":0,"gold_gain":0,"player_choice":"Fight","damage_taken":0,"max_hp_gain":0,"max_hp_loss":0,"event_name":"Colosseum","floor":22,"gold_loss":0},{"damage_healed":0,"gold_gain":0,"player_choice":"Fled From Nobs","damage_taken":0,"max_hp_gain":0,"max_hp_loss":0,"event_name":"Colosseum","floor":22,"gold_loss":0}],"is_beta":false,"boss_relics":[{"not_picked":["Empty Cage","Nuclear Battery"],"picked":"Busted Crown"}],"items_purged_floors":[],"is_endless":false,"potions_floor_spawned":[1,12,13,14,16],"killed_by":"3 Cultists","ascension_level":18}