{"gold_per_floor":[110,110,110,126,126,151,161,6,53,53,67,82,115,133,133,133],"floor_reached":16,"playtime":2642,"items_purged":[],"score":137,"play_id":"6375c470-bb9b-405b-8aa1-e1e26712221c","local_time":"20190113101509","is_ascension_mode":false,"campfire_choices":[{"data":"Feed","floor":10,"key":"SMITH"},{"data":"Flame Barrier","floor":15,"key":"SMITH"}],"neow_cost":"NONE","seed_source_timestamp":383006950709657,"circlet_count":0,"master_deck":["Strike_R","Strike_R","Strike_R+1","Strike_R","Strike_R","Defend_R","Defend_R","Defend_R","Defend_R","Bash+1","Flame Barrier+1","Headbutt","Headbutt","Power Through","Feed+1","Dark Embrace","Entrench","Dual Wield","Entrench"],"relics":["Burning Blood","Centennial Puzzle","Whetstone","Vajra"],"potions_floor_usage":[11,13,16],"damage_taken":[{"damage":0,"enemies":"2 Louse","floor":1,"turns":3},{"damage":10,"enemies":"Small Slimes","floor":4,"turns":4},{"damage":31,"enemies":"3 Sentries","floor":6,"turns":12},{"damage":1,"enemies":"Jaw Worm","floor":7,"turns":5},{"damage":0,"enemies":"Looter","floor":11,"turns":2},{"damage":23,"enemies":"Exordium Thugs","floor":12,"turns":8},{"damage":13,"enemies":"Gremlin Nob","floor":13,"turns":4},{"damage":4,"enemies":"Large Slime","floor":14,"turns":10},{"damage":65,"enemies":"Hexaghost","floor":16,"turns":14}],"seed_played":"2629546310281393219","potions_obtained":[{"floor":1,"key":"Energy Potion"},{"floor":4,"key":"SkillPotion"},{"floor":12,"key":"EssenceOfSteel"}],"is_trial":false,"path_per_floor":["M","?","?","M","?","E","M","$","T","R","M","M","E","M","R","B"],"character_chosen":"IRONCLAD","items_purchased":["Feed"],"campfire_rested":0,"item_purchase_floors":[8],"current_hp_per_floor":[88,93,93,89,89,64,69,69,69,69,79,66,59,65,65,0],"gold":133,"neow_bonus":"TEN_PERCENT_HP_BONUS","is_prod":false,"is_daily":false,"chose_seed":false,"campfire_upgraded":2,"win_rate":0.0,"timestamp":1547403309,"path_taken":["M","?","?","M","?","E","M","$","T","R","M","?","E","M","R","BOSS"],"build_version":"2019-01-10","purchased_purges":0,"victory":false,"max_hp_per_floor":[88,93,93,93,93,93,93,93,93,93,97,101,101,105,105,105],"card_choices":[{"not_picked":["Clash","Twin Strike"],"picked":"Flame Barrier","floor":1},{"not_picked":["Thunderclap","Perfected Strike"],"picked":"Headbutt","floor":4},{"not_picked":["True Grit","Clothesline"],"picked":"Headbutt","floor":6},{"not_picked":["Twin Strike","Thunderclap"],"picked":"Power Through","floor":7},{"not_picked":["Perfected Strike","Headbutt"],"picked":"Dark Embrace","floor":11},{"not_picked":["Heavy Blade","Anger"],"picked":"Entrench","floor":12},{"not_picked":["Warcry","Thunderclap"],"picked":"Dual Wield","floor":13},{"not_picked":["Corruption","Iron Wave"],"picked":"Entrench","floor":14}],"player_experience":3185,"relics_obtained":[{"floor":6,"key":"Centennial Puzzle"},{"floor":9,"key":"Whetstone"},{"floor":13,"key":"Vajra"}],"event_choices":[{"damage_healed":0,"gold_gain":0,"player_choice":"Donut","damage_taken":0,"max_hp_gain":5,"max_hp_loss":0,"event_name":"Big Fish","floor":2,"gold_loss":0},{"damage_healed":0,"gold_gain":0,"player_choice":"Leave","damage_taken":0,"max_hp_gain":0,"max_hp_loss":0,"event_name":"The Cleric","floor":3,"gold_loss":0},{"damage_healed":0,"gold_gain":0,"player_choice":"Ignored","damage_taken":0,"max_hp_gain":0,"max_hp_loss":0,"event_name":"Golden Wing","floor":5,"gold_loss":0}],"is_beta":false,"boss_relics":[],"items_purged_floors":[],"is_endless":false,"potions_floor_spawned":[1,4,12],"killed_by":"Hexaghost","ascension_level":0}