{"path_per_floor":["M","M","M","M","$","M","R","M","T","R","E","M","M","M","R","B",null,"M","M","M","?","M","R","M","M","T","M","R","E","$","M","R","B",null,"M","?","?","?","M","R","M","R","T","$","M","M","R","?","R","B"],"character_chosen":"IRONCLAD","items_purchased":["Juzu Bracelet","Matryoshka","Apotheosis","Regen Potion"],"gold_per_floor":[112,128,141,154,79,93,93,103,172,172,204,219,233,253,253,353,353,369,389,409,334,344,344,362,381,381,398,398,431,46,65,65,164,164,178,278,332,332,351,351,364,364,364,29,48,66,66,66,66,66],"floor_reached":51,"campfire_rested":1,"playtime":5894,"current_hp_per_floor":[70,75,80,76,76,70,70,76,76,76,57,65,66,62,62,47,80,68,56,73,73,54,54,66,38,38,28,56,57,57,95,95,74,95,95,95,59,50,57,57,70,70,70,70,101,81,81,101,101,23],"items_purged":["Strike_R","Decay"],"gold":66,"play_id":"d66a8763-7e6f-4407-a49e-767b2aaf3de2","is_prod":false,"is_daily":false,"is_ascension_mode":false,"campfire_upgraded":9,"path_taken":["M","?","M","M","$","M","R","M","T","R","E","?","M","M","R","BOSS","M","?","M","?","M","R","M","?","T","M","R","E","$","M","R","BOSS","M","?","?","?","M","R","M","R","T","$","M","M","R","?","R","BOSS"],"build_version":"2018-01-23-BETA1","purchased_purges":2,"victory":true,"master_deck":["Strike_R","Strike_R","Defend_R","Defend_R","Defend_R","Defend_R","Bash","Headbutt","Shrug It Off","Disarm","Seeing Red","Demon Form","Infernal Blade","Reaper","Infernal Blade","Pommel Strike","Feed","Sentinel","Heavy Blade","Disarm","Metallicize","Dual Wield","Whirlwind","Burning Pact","Fiend Fire","Rage","Sentinel","Havoc","Apotheosis","Writhe"],"max_hp_per_floor":[80,80,80,80,80,80,80,80,80,80,80,80,80,80,80,80,80,83,86,89,89,89,89,92,92,92,95,95,95,95,95,95,95,95,95,95,98,98,101,101,101,101,101,101,101,101,101,101,101,101],"relics":["Burning Blood","Self Forming Clay","Dodecahedron","Philosopher\u0027s Stone","Frozen Eye","Letter Opener","Juzu Bracelet","Matryoshka","Cursed Key","Torii","Gremlin Horn","War Paint"],"card_choices":[{"not_picked":["Perfected Strike","Hemokinesis"],"picked":"Headbutt"},{"not_picked":["Flex","Pommel Strike"],"picked":"Shrug It Off"},{"not_picked":["Dropkick","Intimidate"],"picked":"Disarm"},{"not_picked":["Second Wind","Shrug It Off"],"picked":"Seeing Red"},{"not_picked":["Pummel","Disarm"],"picked":"Demon Form"},{"not_picked":["Reckless Charge","Thunderclap"],"picked":"Infernal Blade"},{"not_picked":["Shockwave","Searing Blow"],"picked":"Reaper"},{"not_picked":["Fire Breathing","Perfected Strike"],"picked":"Infernal Blade"},{"not_picked":["Power Through","Headbutt"],"picked":"Pommel Strike"},{"not_picked":["Berserk","Brutality"],"picked":"Feed"},{"not_picked":["True Grit","Combust"],"picked":"Sentinel"},{"not_picked":["Clothesline","Anger"],"picked":"Heavy Blade"},{"not_picked":["Thunderclap","Clash"],"picked":"Disarm"},{"not_picked":["Brutality","Inflame"],"picked":"Metallicize"},{"not_picked":["Heavy Blade","Flex"],"picked":"Dual Wield"},{"not_picked":["Perfected Strike","Clash"],"picked":"Whirlwind"},{"not_picked":["Iron Wave","Cleave"],"picked":"Burning Pact"},{"not_picked":["Feed","Reaper"],"picked":"Fiend Fire"},{"not_picked":["Twin Strike","Thunderclap"],"picked":"Rage"},{"not_picked":["Metallicize","Hemokinesis"],"picked":"Sentinel"},{"not_picked":["Dark Embrace","Pummel"],"picked":"Havoc"}],"player_experience":15671,"potions_floor_usage":[4,20,20,29,37,41,50,50,50],"damage_taken":[{"damage":16,"enemies":"Blue Slaver","floor":1,"turns":5},{"damage":1,"enemies":"Cultist","floor":2,"turns":4},{"damage":0,"enemies":"Small Slimes","floor":3,"turns":2},{"damage":10,"enemies":"Exordium Thugs","floor":4,"turns":6},{"damage":12,"enemies":"Red Slaver","floor":6,"turns":6},{"damage":0,"enemies":"Large Slime","floor":8,"turns":5},{"damage":25,"enemies":"Gremlin Nob","floor":11,"turns":5},{"damage":8,"enemies":"Gremlin Gang","floor":12,"turns":5},{"damage":9,"enemies":"3 Louse","floor":13,"turns":3},{"damage":10,"enemies":"Looter","floor":14,"turns":2},{"damage":33,"enemies":"The Guardian","floor":16,"turns":11},{"damage":33,"enemies":"Spheric Guardian","floor":18,"turns":5},{"damage":27,"enemies":"3 Byrds","floor":19,"turns":6},{"damage":6,"enemies":"3 Cultists","floor":20,"turns":5},{"damage":32,"enemies":"Snake Plant","floor":22,"turns":6},{"damage":10,"enemies":"Centurion and Healer","floor":24,"turns":4},{"damage":34,"enemies":"Sentry and Sphere","floor":25,"turns":7},{"damage":29,"enemies":"Chosen and Byrds","floor":27,"turns":7},{"damage":33,"enemies":"Gremlin Leader","floor":29,"turns":9},{"damage":26,"enemies":"Centurion and Healer","floor":31,"turns":23},{"damage":27,"enemies":"Champ","floor":33,"turns":12},{"damage":19,"enemies":"Flame Bruiser 1 Orb","floor":35,"turns":9},{"damage":104,"enemies":"Mysterious Sphere","floor":37,"turns":15},{"damage":40,"enemies":"3 Shapes","floor":39,"turns":9},{"damage":52,"enemies":"Spire Growth","floor":41,"turns":8},{"damage":29,"enemies":"3 Darklings","floor":45,"turns":8},{"damage":34,"enemies":"4 Shapes","floor":46,"turns":7},{"damage":99,"enemies":"Donu and Deca","floor":50,"turns":8}],"event_choices":[{"event_name":"Beggar","player_choice":"Gave Gold","floor":21,"damage_taken":0},{"event_name":"Golden Shrine","player_choice":"Pray","floor":36,"damage_taken":0},{"event_name":"Mysterious Sphere","player_choice":"Fight","floor":37,"damage_taken":0},{"event_name":"Wheel of Change","player_choice":"Damage","floor":38,"damage_taken":0},{"event_name":"Winding Halls","player_choice":"Writhe","floor":48,"damage_taken":0}],"boss_relics":[{"not_picked":["Tiny House","Orrery"],"picked":"Philosopher\u0027s Stone"},{"not_picked":["Runic Cube","Black Blood"],"picked":"Cursed Key"}],"potions_floor_spawned":[2,4,12,14,18,19,27,35,39,45,46],"seed_played":"-2079054907387800323","ascension_level":0,"is_trial":false}