{"gold_per_floor":[119,131,145,162,142,173,173,206,206,217,233,233,266,129,129,234,234,246,246,246,261,18,18,79,91,116,116],"floor_reached":27,"playtime":1512,"items_purged":[],"score":253,"play_id":"67ca2acb-e92a-4184-b148-2d43b65ff6d1","local_time":"20181205221721","is_ascension_mode":false,"campfire_choices":[{"floor":7,"key":"REST"},{"floor":15,"key":"REST"},{"data":"Echo Form","floor":23,"key":"SMITH"}],"neow_cost":"PERCENT_DAMAGE","seed_source_timestamp":794912463641887,"circlet_count":0,"master_deck":["Defend_B","Defend_B","Defend_B","Zap","Dualcast","Ball Lightning","Loop","Barrage","Coolheaded","Gash","Echo Form+1","Ball Lightning","Core Surge","Electrodynamics","Glacier","Defragment","Steam","Cold Snap","Glacier","Glacier","Leap","Defragment","Coolheaded","FTL+1"],"relics":["Cracked Core","Omamori","Thread and Needle","NlothsMask","Girya","Orrery","Bottled Tornado","Tiny Chest"],"potions_floor_usage":[6,8,8,13,24,27,27,27],"damage_taken":[{"damage":0,"enemies":"2 Louse","floor":1,"turns":2},{"damage":0,"enemies":"Cultist","floor":2,"turns":2},{"damage":6,"enemies":"Jaw Worm","floor":3,"turns":2},{"damage":1,"enemies":"Exordium Thugs","floor":4,"turns":4},{"damage":31,"enemies":"Lagavulin","floor":6,"turns":7},{"damage":14,"enemies":"Gremlin Nob","floor":8,"turns":3},{"damage":6,"enemies":"Exordium Wildlife","floor":10,"turns":3},{"damage":0,"enemies":"Blue Slaver","floor":11,"turns":3},{"damage":4,"enemies":"3 Sentries","floor":13,"turns":6},{"damage":18,"enemies":"Slime Boss","floor":16,"turns":8},{"damage":0,"enemies":"3 Byrds","floor":18,"turns":2},{"damage":14,"enemies":"Shell Parasite","floor":21,"turns":6},{"damage":32,"enemies":"Slavers","floor":24,"turns":4},{"damage":0,"enemies":"Centurion and Healer","floor":25,"turns":11},{"damage":16,"enemies":"Colosseum Slavers","floor":27,"turns":4},{"damage":20,"enemies":"Colosseum Nobs","floor":27,"turns":4}],"seed_played":"-8811176563247164893","potions_obtained":[{"floor":2,"key":"Swift Potion"},{"floor":4,"key":"FocusPotion"},{"floor":5,"key":"Weak Potion"},{"floor":6,"key":"Poison Potion"},{"floor":8,"key":"GamblersBrew"},{"floor":10,"key":"SpeedPotion"},{"floor":21,"key":"Fire Potion"},{"floor":24,"key":"AttackPotion"}],"is_trial":false,"path_per_floor":["M","M","M","M","?","E","R","E","T","M","M","?","E","$","R","B",null,"M","?","?","M","$","R","E","M","T","?"],"character_chosen":"DEFECT","items_purchased":["Core Surge","Bottled Tornado"],"campfire_rested":2,"item_purchase_floors":[14,22],"current_hp_per_floor":[54,54,48,47,47,16,38,24,24,18,18,18,14,14,36,18,75,75,75,75,61,61,61,29,29,29,0],"gold":116,"neow_bonus":"REMOVE_TWO","is_prod":false,"is_daily":false,"chose_seed":false,"campfire_upgraded":1,"win_rate":0,"timestamp":1544069841,"path_taken":["M","M","M","M","?","E","R","E","T","?","M","?","E","?","R","BOSS","M","?","?","?","$","R","E","M","T","?"],"build_version":"2018-11-15","purchased_purges":0,"victory":false,"max_hp_per_floor":[75,75,75,75,75,75,75,75,75,75,75,75,75,75,75,75,75,75,75,75,75,75,75,75,75,75,75],"card_choices":[{"not_picked":["Redo","Barrage"],"picked":"Ball Lightning","floor":1},{"not_picked":["Undo","Capacitor","Lockon"],"picked":"SKIP","floor":2},{"not_picked":["Hologram","Chaos"],"picked":"Loop","floor":3},{"not_picked":["Darkness","Double Energy"],"picked":"Barrage","floor":4},{"not_picked":["Gash","Streamline"],"picked":"Coolheaded","floor":6},{"not_picked":["Auto Shields","Go for the Eyes"],"picked":"Gash","floor":8},{"not_picked":["Heatsinks","Reinforced Body"],"picked":"Echo Form","floor":10},{"not_picked":["Force Field","Aggregate"],"picked":"Ball Lightning","floor":11},{"not_picked":["Aggregate","Reprogram","Redo"],"picked":"SKIP","floor":13},{"not_picked":["Biased Cognition","Echo Form"],"picked":"Electrodynamics","floor":16},{"not_picked":["Tempest","Ball Lightning"],"picked":"Glacier","floor":17},{"not_picked":["Doom and Gloom","Auto Shields"],"picked":"Defragment","floor":17},{"not_picked":["Beam Cell","White Noise"],"picked":"Steam","floor":17},{"not_picked":["Leap","Steam"],"picked":"Cold Snap","floor":17},{"not_picked":["Rebound","Cold Snap"],"picked":"Glacier","floor":17},{"not_picked":["Stack+1","Static Discharge"],"picked":"Glacier","floor":18},{"not_picked":["Storm","Steam"],"picked":"Coolheaded","floor":21},{"not_picked":["Doom and Gloom","Melter+1","Force Field"],"picked":"SKIP","floor":24},{"not_picked":["Beam Cell+1","Go for the Eyes"],"picked":"FTL+1","floor":25}],"player_experience":248637,"relics_obtained":[{"floor":6,"key":"Omamori"},{"floor":8,"key":"Thread and Needle"},{"floor":13,"key":"Girya"},{"floor":24,"key":"Tiny Chest"}],"event_choices":[{"damage_healed":0,"gold_gain":0,"player_choice":"Bought 1 Potion","damage_taken":0,"max_hp_gain":0,"max_hp_loss":0,"event_name":"The Woman in Blue","floor":5,"gold_loss":0},{"damage_healed":0,"gold_gain":0,"player_choice":"Trade","damage_taken":0,"relics_obtained":["NlothsMask"],"max_hp_gain":0,"max_hp_loss":0,"event_name":"FaceTrader","floor":12,"gold_loss":0},{"damage_healed":0,"gold_gain":0,"cards_transformed":["Strike_B","Strike_B"],"player_choice":"Became Test Subject","damage_taken":0,"max_hp_gain":0,"max_hp_loss":0,"event_name":"Drug Dealer","floor":19,"gold_loss":0,"cards_obtained":["Leap","Defragment"]},{"cards_removed":["Defend_B"],"damage_healed":0,"gold_gain":0,"player_choice":"Purged","damage_taken":0,"max_hp_gain":0,"max_hp_loss":0,"event_name":"Purifier","floor":20,"gold_loss":0},{"damage_healed":0,"gold_gain":0,"player_choice":"Fight","damage_taken":0,"max_hp_gain":0,"max_hp_loss":0,"event_name":"Colosseum","floor":27,"gold_loss":0},{"damage_healed":0,"gold_gain":0,"player_choice":"Fought Nobs","damage_taken":0,"max_hp_gain":0,"max_hp_loss":0,"event_name":"Colosseum","floor":27,"gold_loss":0}],"is_beta":false,"boss_relics":[{"not_picked":["Calling Bell","Inserter"],"picked":"Orrery"}],"items_purged_floors":[],"is_endless":false,"potions_floor_spawned":[2,4,6,8,10,21,24,27],"killed_by":"Colosseum Nobs","ascension_level":0}