{"path_per_floor":["M","M","?","$","M","R","$","E","T","M","R","M","R","E","R"],"character_chosen":"IRONCLAD","items_purchased":["Shrug It Off"],"gold_per_floor":[118,128,128,53,70,70,45,78,78,93,93,105,105,134,134,134],"floor_reached":16,"campfire_rested":1,"playtime":532,"current_hp_per_floor":[80,80,68,68,74,74,74,32,32,31,31,37,61,45,45,0],"items_purged":["Strike_R"],"gold":134,"score":138,"play_id":"eceae91e-c971-4519-bf10-b5cab5f7594f","local_time":"20180515151805","is_prod":false,"is_daily":false,"chose_seed":false,"is_ascension_mode":true,"campfire_upgraded":3,"timestamp":1526411885,"path_taken":["M","M","?","$","M","R","$","E","T","M","R","?","R","E","R","BOSS"],"build_version":"2018-05-14v2","seed_source_timestamp":554639741919311,"purchased_purges":1,"victory":false,"master_deck":["Strike_R","Strike_R","Strike_R","Strike_R","Defend_R","Defend_R","Defend_R","Defend_R","Bash+1","Shrug It Off","True Grit+1","Shrug It Off","Pommel Strike","Clothesline+1","Flame Barrier+1"],"max_hp_per_floor":[80,80,80,80,80,80,80,80,80,80,80,80,80,80,80,80],"relics":["Burning Blood","Paper Frog","Oddly Smooth Stone","Dodecahedron","Gambling Chip"],"card_choices":[{"not_picked":["Iron Wave","Blood for Blood"],"picked":"Shrug It Off","floor":1},{"not_picked":["Corruption","Sword Boomerang"],"picked":"True Grit","floor":2},{"not_picked":["Clash","Armaments","Twin Strike"],"picked":"SKIP","floor":5},{"not_picked":["Hemokinesis","Anger"],"picked":"Pommel Strike","floor":8},{"not_picked":["Dual Wield","Heavy Blade"],"picked":"Clothesline","floor":10},{"not_picked":["Perfected Strike","Corruption","Infernal Blade"],"picked":"SKIP","floor":12},{"not_picked":["Perfected Strike","Corruption","Infernal Blade"],"picked":"SKIP","floor":12},{"not_picked":["Twin Strike","Clothesline"],"picked":"Flame Barrier","floor":14}],"player_experience":144404,"potions_floor_usage":[10,14],"damage_taken":[{"damage":0,"enemies":"Small Slimes","floor":1,"turns":3},{"damage":6,"enemies":"2 Louse","floor":2,"turns":2},{"damage":0,"enemies":"Cultist","floor":5,"turns":4},{"damage":48,"enemies":"Gremlin Nob","floor":8,"turns":6},{"damage":7,"enemies":"Lots of Slimes","floor":10,"turns":4},{"damage":0,"enemies":"Exordium Wildlife","floor":12,"turns":4},{"damage":22,"enemies":"Lagavulin","floor":14,"turns":6},{"damage":57,"enemies":"Slime Boss","floor":16,"turns":9}],"relics_obtained":[{"floor":8,"key":"Oddly Smooth Stone"},{"floor":9,"key":"Dodecahedron"},{"floor":14,"key":"Gambling Chip"}],"event_choices":[{"event_name":"Scrap Ooze","player_choice":"success","floor":3,"damage_taken":12}],"boss_relics":[],"potions_floor_spawned":[2,5],"seed_played":"-6928890199678873658","killed_by":"Slime Boss","ascension_level":5,"potions_obtained":[{"floor":2,"key":"LiquidBronze"},{"floor":5,"key":"Ancient Potion"}],"is_trial":false}