{"gold_per_floor":[110,122,137,151,151,151,178,194,220,233,143,143,169,169,169,272,272,289,126,139,139,150,182,182,211,211,225,225,225,225,244,244,344,344,354,454,470,21,0,59,78,110,110,126,126,126,137,155,155,155,155,155,11,39,39],"floor_reached":55,"playtime":10212,"items_purged":["Strike_B","Strike_B","Strike_B"],"score":1020,"play_id":"77625181-264b-45de-8b0e-cf7ee8744c22","local_time":"20190203123723","is_ascension_mode":true,"campfire_choices":[{"data":"Buffer","floor":6,"key":"SMITH"},{"data":"Zap","floor":12,"key":"SMITH"},{"data":"Static Discharge","floor":15,"key":"SMITH"},{"data":"Go for the Eyes","floor":24,"key":"SMITH"},{"floor":30,"key":"REST"},{"data":"Hologram","floor":32,"key":"SMITH"},{"floor":46,"key":"REST"},{"floor":49,"key":"RECALL"},{"data":"Static Discharge","floor":52,"key":"SMITH"}],"neow_cost":"NONE","seed_source_timestamp":972263294790877,"circlet_count":0,"master_deck":["Defend_B","Defend_B","Defend_B+1","Defend_B","Zap+1","Dualcast+1","Conserve Battery","Buffer+1","Cold Snap","Go for the Eyes+1","Sweeping Beam","Compile Driver","Steam","Static Discharge+1","Ball Lightning","Electrodynamics","Hologram+1","Capacitor+1","Glacier","Ball Lightning","Skim+1","Steam","Hologram+1","Buffer","Loop","Go for the Eyes","Force Field","Loop","Defragment","Consume","Stack+1","Dark Shackles","Static Discharge+1","Capacitor+1","Thunder Strike","Hologram"],"relics":["Cracked Core","Bag of Preparation","Smiling Mask","Dream Catcher","Cursed Key","Enchiridion","PreservedInsect","Bottled Tornado","Black Star","Nunchaku","Calipers","Red Mask","Cables","Tiny Chest","Omamori","Incense Burner","Pen Nib","Bronze Scales"],"potions_floor_usage":[4,16,16,33,40,42,44,50,50,55,55],"damage_taken":[{"damage":0,"enemies":"Cultist","floor":1,"turns":3},{"damage":1,"enemies":"Small Slimes","floor":2,"turns":4},{"damage":0,"enemies":"Jaw Worm","floor":3,"turns":5},{"damage":18,"enemies":"Exordium Thugs","floor":4,"turns":4},{"damage":0,"enemies":"Lagavulin","floor":7,"turns":8},{"damage":0,"enemies":"2 Fungi Beasts","floor":8,"turns":3},{"damage":0,"enemies":"Large Slime","floor":10,"turns":5},{"damage":3,"enemies":"3 Sentries","floor":13,"turns":6},{"damage":7,"enemies":"Hexaghost","floor":16,"turns":11},{"damage":0,"enemies":"Shell Parasite","floor":18,"turns":5},{"damage":0,"enemies":"Spheric Guardian","floor":20,"turns":4},{"damage":8,"enemies":"Snake Plant","floor":22,"turns":6},{"damage":7,"enemies":"Slavers","floor":23,"turns":5},{"damage":0,"enemies":"Gremlin Leader","floor":25,"turns":5},{"damage":2,"enemies":"Centurion and Healer","floor":27,"turns":3},{"damage":0,"enemies":"Sentry and Sphere","floor":31,"turns":4},{"damage":0,"enemies":"Automaton","floor":33,"turns":12},{"damage":0,"enemies":"3 Darklings","floor":35,"turns":3},{"damage":0,"enemies":"Mind Bloom Boss Battle","floor":36,"turns":6},{"damage":0,"enemies":"Orb Walker","floor":37,"turns":4},{"damage":1,"enemies":"Nemesis","floor":40,"turns":7},{"damage":14,"enemies":"Maw","floor":41,"turns":9},{"damage":40,"enemies":"Reptomancer","floor":42,"turns":7},{"damage":0,"enemies":"Jaw Worm Horde","floor":44,"turns":3},{"damage":0,"enemies":"4 Shapes","floor":47,"turns":6},{"damage":0,"enemies":"Transient","floor":48,"turns":5},{"damage":18,"enemies":"Awakened One","floor":50,"turns":14},{"damage":54,"enemies":"Shield and Spear","floor":54,"turns":5},{"damage":54,"enemies":"The Heart","floor":55,"turns":2}],"seed_played":"-7233728639062989665","potions_obtained":[{"floor":0,"key":"FocusPotion"},{"floor":0,"key":"Block Potion"},{"floor":0,"key":"SpeedPotion"},{"floor":2,"key":"Energy Potion"},{"floor":7,"key":"Strength Potion"},{"floor":16,"key":"SteroidPotion"},{"floor":18,"key":"Explosive Potion"},{"floor":25,"key":"EssenceOfSteel"},{"floor":27,"key":"FocusPotion"},{"floor":31,"key":"Swift Potion"},{"floor":33,"key":"SkillPotion"},{"floor":37,"key":"Weak Potion"},{"floor":40,"key":"Fire Potion"},{"floor":44,"key":"FocusPotion"},{"floor":48,"key":"GamblersBrew"},{"floor":54,"key":"Swift Potion"}],"is_trial":false,"path_per_floor":["M","M","M","M","?","R","E","M","T","M","$","R","E","?","R","B",null,"M","$","M","?","M","E","R","E","T","M","?","?","R","M","R","B",null,"M","?","M","$","?","E","M","E","T","M","?","R","M","M","R","B",null,"R","$","E","B"],"character_chosen":"DEFECT","items_purchased":["Static Discharge","Capacitor","Glacier","Calipers","Loop","LiquidBronze","Thunder Strike"],"campfire_rested":2,"item_purchase_floors":[11,19,19,38,38,38,53],"current_hp_per_floor":[75,74,74,56,41,41,41,41,41,41,41,41,38,38,38,31,75,75,75,75,59,51,44,44,44,44,42,28,28,52,52,52,52,80,80,80,80,80,80,79,65,25,25,25,25,49,49,49,49,31,80,80,80,26,0],"gold":39,"neow_bonus":"THREE_SMALL_POTIONS","is_prod":false,"is_daily":false,"chose_seed":false,"campfire_upgraded":6,"win_rate":0,"timestamp":1549215443,"path_taken":["M","M","?","M","?","R","E","M","T","M","$","R","E","?","R","BOSS","M","$","M","?","M","E","R","E","T","M","?","?","R","M","R","BOSS","M","?","M","$","?","E","M","E","T","M","?","R","M","M","R","BOSS","R","$","E","BOSS"],"build_version":"2019-01-23","purchased_purges":3,"victory":false,"max_hp_per_floor":[75,75,75,75,75,75,75,75,75,75,75,75,75,75,75,75,75,75,75,75,75,75,75,75,75,75,75,80,80,80,80,80,80,80,80,80,80,80,80,80,80,80,80,80,80,80,80,80,80,80,80,80,80,80,80],"card_choices":[{"not_picked":["Fusion","Undo"],"picked":"Conserve Battery","floor":1},{"not_picked":["Steam","Coolheaded"],"picked":"Buffer","floor":2},{"not_picked":["Loop","Steam"],"picked":"Cold Snap","floor":3},{"not_picked":["Hologram","Barrage"],"picked":"Go for the Eyes","floor":4},{"not_picked":["Streamline","Thunder Strike"],"picked":"Sweeping Beam","floor":7},{"not_picked":["Conserve Battery","Hologram"],"picked":"Compile Driver","floor":8},{"not_picked":["Redo","Recycle"],"picked":"Steam","floor":10},{"not_picked":["Glacier","All For One"],"picked":"Ball Lightning","floor":13},{"not_picked":["Core Surge","Creative AI"],"picked":"Electrodynamics","floor":16},{"not_picked":["Compile Driver+1","Sunder"],"picked":"Hologram","floor":18},{"not_picked":["Rebound","Coolheaded"],"picked":"Ball Lightning","floor":20},{"not_picked":["Hologram","Redo"],"picked":"Skim+1","floor":22},{"not_picked":["Meteor Strike","Ball Lightning"],"picked":"Steam","floor":23},{"not_picked":["Conserve Battery","Reprogram","Gash+1"],"picked":"SKIP","floor":25},{"not_picked":["Ball Lightning","Aggregate","Redo"],"picked":"SKIP","floor":27},{"not_picked":["Beam Cell","Steam"],"picked":"Hologram+1","floor":30},{"not_picked":["Beam Cell","Turbo","Coolheaded"],"picked":"SKIP","floor":31},{"not_picked":["Hyperbeam","Amplify"],"picked":"Buffer","floor":33},{"not_picked":["Streamline","Blizzard+1"],"picked":"Loop","floor":35},{"not_picked":["Streamline","Conserve Battery"],"picked":"Go for the Eyes","floor":36},{"not_picked":["Go for the Eyes+1","Fusion"],"picked":"Force Field","floor":37},{"not_picked":["Beam Cell","Chaos"],"picked":"Defragment","floor":40},{"not_picked":["Tempest","Steam"],"picked":"Consume","floor":41},{"not_picked":["Fusion","Sweeping Beam+1","BootSequence+1"],"picked":"SKIP","floor":42},{"not_picked":["Gash+1","Darkness+1"],"picked":"Stack+1","floor":44},{"not_picked":["Bandage Up","Chrysalis"],"picked":"Dark Shackles","floor":45},{"not_picked":["Steam+1","Rip and Tear"],"picked":"Static Discharge","floor":46},{"not_picked":["Beam Cell+1","Streamline","Blizzard+1"],"picked":"SKIP","floor":47},{"not_picked":["Undo+1","Coolheaded+1"],"picked":"Capacitor+1","floor":48},{"not_picked":["Coolheaded+1","Streamline"],"picked":"Hologram","floor":54}],"player_experience":1446667,"relics_obtained":[{"floor":7,"key":"Bag of Preparation"},{"floor":9,"key":"Smiling Mask"},{"floor":13,"key":"Dream Catcher"},{"floor":21,"key":"Enchiridion"},{"floor":23,"key":"PreservedInsect"},{"floor":25,"key":"Bottled Tornado"},{"floor":36,"key":"Nunchaku"},{"floor":40,"key":"Cables"},{"floor":40,"key":"Tiny Chest"},{"floor":42,"key":"Omamori"},{"floor":42,"key":"Incense Burner"},{"floor":54,"key":"Pen Nib"},{"floor":54,"key":"Bronze Scales"}],"event_choices":[{"damage_healed":0,"gold_gain":0,"player_choice":"Entered Light","damage_taken":15,"max_hp_gain":0,"max_hp_loss":0,"event_name":"Shining Light","floor":5,"gold_loss":0,"cards_upgraded":["Dualcast","Defend_B"]},{"cards_removed":["Strike_B"],"damage_healed":0,"gold_gain":0,"player_choice":"Purged","damage_taken":0,"max_hp_gain":0,"max_hp_loss":0,"event_name":"Purifier","floor":14,"gold_loss":0},{"damage_healed":0,"gold_gain":0,"player_choice":"Obtained Book","damage_taken":16,"max_hp_gain":0,"max_hp_loss":0,"event_name":"Cursed Tome","floor":21,"gold_loss":0},{"damage_healed":0,"gold_gain":0,"player_choice":"Shed Blood","damage_taken":19,"max_hp_gain":5,"max_hp_loss":0,"event_name":"Forgotten Altar","floor":28,"gold_loss":0},{"damage_healed":0,"gold_gain":0,"player_choice":"Upgraded","damage_taken":0,"max_hp_gain":0,"max_hp_loss":0,"event_name":"Upgrade Shrine","floor":29,"gold_loss":0,"cards_upgraded":["Capacitor"]},{"damage_healed":0,"gold_gain":0,"player_choice":"Fight","damage_taken":0,"max_hp_gain":0,"max_hp_loss":0,"event_name":"MindBloom","floor":36,"gold_loss":0},{"damage_healed":0,"gold_gain":0,"player_choice":"Paid","damage_taken":0,"relics_obtained":["Red Mask"],"max_hp_gain":0,"max_hp_loss":0,"event_name":"Tomb of Lord Red Mask","floor":39,"gold_loss":21},{"damage_healed":0,"gold_gain":0,"player_choice":"Memory 1","damage_taken":0,"max_hp_gain":0,"max_hp_loss":0,"event_name":"SensoryStone","floor":45,"gold_loss":0}],"is_beta":false,"boss_relics":[{"not_picked":["Ectoplasm","Astrolabe"],"picked":"Cursed Key"},{"not_picked":["Pandora\u0027s Box","Orrery"],"picked":"Black Star"}],"items_purged_floors":[11,19,38],"is_endless":false,"potions_floor_spawned":[2,7,8,13,16,18,25,27,31,33,37,40,44,48,54],"killed_by":"The Heart","ascension_level":4}