{"path_per_floor":["M","M","?","M","M","R","E","R","T","E","M","M","E","M","R","B",null,"M","$","M","?","?","R","M","R","T","M","M","R","M","$","R","B",null,"M","?","M","?","$","R","?","M","T","R","M","M","$","M","R","B"],"character_chosen":"IRONCLAD","items_purchased":["Shrug It Off","Paper Frog","Bag of Preparation","Finesse","Dexterity Potion"],"gold_per_floor":[214,227,187,200,219,219,254,254,278,312,325,339,365,378,378,452,452,462,10,0,0,0,0,10,10,33,33,48,48,66,66,66,139,139,158,203,222,222,44,44,44,55,82,82,96,112,63,78,78,78],"floor_reached":51,"campfire_rested":2,"playtime":2998,"item_purchase_floors":[19,19,19,39,47],"current_hp_per_floor":[70,75,75,74,68,68,43,43,43,36,28,36,14,21,58,14,60,58,58,40,40,40,40,36,36,36,44,7,44,75,75,75,19,61,36,29,75,75,75,75,75,75,82,82,82,82,82,82,82,50],"items_purged":["Strike_R"],"gold":78,"score":1156,"play_id":"2914025b-426d-4892-af59-5634611d14fe","local_time":"20180528211401","is_prod":false,"is_daily":false,"chose_seed":false,"is_ascension_mode":true,"campfire_upgraded":8,"win_rate":0,"timestamp":1527556441,"campfire_choices":[{"data":"Spot Weakness","floor":6,"key":"SMITH"},{"data":"Heavy Blade","floor":8,"key":"SMITH"},{"floor":15,"key":"REST"},{"data":"True Grit","floor":23,"key":"SMITH"},{"data":"Body Slam","floor":25,"key":"SMITH"},{"floor":29,"key":"REST"},{"data":"Flame Barrier","floor":32,"key":"SMITH"},{"data":"Shockwave","floor":40,"key":"SMITH"},{"data":"Iron Wave","floor":44,"key":"SMITH"},{"data":"Evolve","floor":49,"key":"SMITH"}],"path_taken":["M","M","?","M","M","R","E","R","T","E","?","?","E","M","R","BOSS","M","$","M","?","?","R","M","R","T","M","M","R","M","$","R","BOSS","M","?","M","?","$","R","?","M","T","R","?","M","$","?","R","BOSS"],"build_version":"2018-05-25","seed_source_timestamp":716169581754928,"purchased_purges":1,"victory":true,"master_deck":["Strike_R","Strike_R","Strike_R","Strike_R","Defend_R","Defend_R","Defend_R","Defend_R","Bash","AscendersBane","Spot Weakness+1","True Grit+1","Shrug It Off","Shockwave+1","Heavy Blade+1","Body Slam+1","Battle Trance","Barricade+1","Shrug It Off","Shrug It Off","Feel No Pain","Reaper","Flame Barrier+1","Reaper","True Grit+1","Finesse","Iron Wave+1","Doubt","Feel No Pain","Evolve+1"],"max_hp_per_floor":[75,75,75,75,75,75,75,75,75,75,75,75,75,75,75,75,75,75,75,75,75,75,75,75,75,75,75,75,75,75,75,75,75,75,75,75,75,75,75,75,75,75,82,82,82,82,82,82,82,82],"relics":["Burning Blood","Potion Belt","Blood Vial","Boot","Regal Pillow","Mark of Pain","Paper Frog","Bag of Preparation","Pen Nib","Cursed Key","Gambling Chip","Strawberry"],"card_choices":[{"not_picked":["Thunderclap","Clash"],"picked":"Spot Weakness","floor":1},{"not_picked":["Clash","Armaments"],"picked":"True Grit","floor":2},{"not_picked":["Armaments","Thunderclap"],"picked":"Shrug It Off","floor":4},{"not_picked":["Wild Strike","Ghostly Armor"],"picked":"Shockwave","floor":5},{"not_picked":["Immolate","Inflame"],"picked":"Heavy Blade","floor":7},{"not_picked":["Sentinel","Rage"],"picked":"Body Slam","floor":10},{"not_picked":["Seeing Red","Body Slam","Clash"],"picked":"SKIP","floor":11},{"not_picked":["Warcry","Havoc","Bludgeon"],"picked":"SKIP","floor":12},{"not_picked":["Searing Blow","Clothesline"],"picked":"Battle Trance","floor":13},{"not_picked":["Havoc","Clash","Wild Strike"],"picked":"SKIP","floor":14},{"not_picked":["Double Tap","Feed"],"picked":"Barricade","floor":16},{"not_picked":["Heavy Blade","Warcry"],"picked":"Shrug It Off","floor":18},{"not_picked":["Body Slam","Cleave"],"picked":"Feel No Pain","floor":20},{"not_picked":["Clash","Heavy Blade","Cleave"],"picked":"SKIP","floor":24},{"not_picked":["Flex","Perfected Strike"],"picked":"Reaper","floor":28},{"not_picked":["Headbutt","Havoc"],"picked":"Flame Barrier","floor":30},{"not_picked":["Juggernaut","Barricade"],"picked":"Reaper","floor":33},{"not_picked":["Cleave","Wild Strike","Flex"],"picked":"SKIP","floor":35},{"not_picked":["Body Slam","Double Tap"],"picked":"True Grit","floor":37},{"not_picked":["Perfected Strike","Flex"],"picked":"Iron Wave","floor":42},{"not_picked":["Ghostly Armor","Searing Blow"],"picked":"Feel No Pain","floor":45},{"not_picked":["Rampage","Clothesline+1","Bloodletting"],"picked":"SKIP","floor":46},{"not_picked":["Uppercut+1","Pommel Strike"],"picked":"Evolve","floor":48}],"player_experience":243313,"potions_floor_usage":[5,7,11,13,18,20,24,27,33,33,33,50,50],"damage_taken":[{"damage":4,"enemies":"Small Slimes","floor":1,"turns":4},{"damage":1,"enemies":"Cultist","floor":2,"turns":4},{"damage":7,"enemies":"Jaw Worm","floor":4,"turns":4},{"damage":12,"enemies":"Looter","floor":5,"turns":3},{"damage":31,"enemies":"Gremlin Nob","floor":7,"turns":5},{"damage":15,"enemies":"3 Sentries","floor":10,"turns":5},{"damage":16,"enemies":"Exordium Thugs","floor":11,"turns":4},{"damage":0,"enemies":"2 Fungi Beasts","floor":12,"turns":3},{"damage":30,"enemies":"Gremlin Nob","floor":13,"turns":5},{"damage":1,"enemies":"3 Louse","floor":14,"turns":4},{"damage":52,"enemies":"The Guardian","floor":16,"turns":11},{"damage":10,"enemies":"Spheric Guardian","floor":18,"turns":5},{"damage":26,"enemies":"2 Thieves","floor":20,"turns":4},{"damage":12,"enemies":"Centurion and Healer","floor":24,"turns":7},{"damage":0,"enemies":"Snake Plant","floor":27,"turns":2},{"damage":45,"enemies":"Sentry and Sphere","floor":28,"turns":7},{"damage":17,"enemies":"Centurion and Healer","floor":30,"turns":40},{"damage":78,"enemies":"Collector","floor":33,"turns":12},{"damage":51,"enemies":"Flame Bruiser 1 Orb","floor":35,"turns":7},{"damage":41,"enemies":"Mysterious Sphere","floor":36,"turns":9},{"damage":3,"enemies":"3 Darklings","floor":37,"turns":6},{"damage":0,"enemies":"Maw","floor":42,"turns":6},{"damage":15,"enemies":"Spire Growth","floor":45,"turns":6},{"damage":0,"enemies":"Sphere and 2 Shapes","floor":46,"turns":10},{"damage":7,"enemies":"Flame Bruiser 2 Orb","floor":48,"turns":6},{"damage":62,"enemies":"Donu and Deca","floor":50,"turns":10}],"relics_obtained":[{"floor":7,"key":"Potion Belt"},{"floor":9,"key":"Blood Vial"},{"floor":10,"key":"Boot"},{"floor":13,"key":"Regal Pillow"},{"floor":26,"key":"Pen Nib"},{"floor":36,"key":"Gambling Chip"},{"floor":43,"key":"Strawberry"}],"event_choices":[{"event_name":"The Woman in Blue","player_choice":"Bought 3 Potions","floor":3,"damage_taken":0},{"event_name":"Transmorgrifier","player_choice":"Skipped","floor":21,"damage_taken":0},{"event_name":"Upgrade Shrine","player_choice":"Upgraded","floor":22,"damage_taken":0},{"event_name":"Mysterious Sphere","player_choice":"Fight","floor":36,"damage_taken":0},{"event_name":"Accursed Blacksmith","player_choice":"Forge","floor":38,"damage_taken":0},{"event_name":"Transmorgrifier","player_choice":"Skipped","floor":41,"damage_taken":0}],"boss_relics":[{"not_picked":["Eternal Feather","Velvet Choker"],"picked":"Mark of Pain"},{"not_picked":["Runic Cube","Lizard Tail"],"picked":"Cursed Key"}],"items_purged_floors":[39],"potions_floor_spawned":[4,10,11,12,14,16,24,28,30,36,45,46,48],"seed_played":"-6043588208774834723","ascension_level":15,"potions_obtained":[{"floor":3,"key":"Ancient Potion"},{"floor":3,"key":"FearPotion"},{"floor":3,"key":"SkillPotion"},{"floor":4,"key":"FearPotion"},{"floor":10,"key":"LiquidBronze"},{"floor":11,"key":"Swift Potion"},{"floor":12,"key":"EssenceOfSteel"},{"floor":14,"key":"Fire Potion"},{"floor":16,"key":"PowerPotion"},{"floor":24,"key":"SmokeBomb"},{"floor":28,"key":"GamblersBrew"},{"floor":30,"key":"Fire Potion"},{"floor":36,"key":"Swift Potion"},{"floor":45,"key":"EssenceOfSteel"},{"floor":46,"key":"Fire Potion"},{"floor":48,"key":"Weak Potion"}],"is_trial":false}