{"gold_per_floor":[112,112,123,18,18,50,62,97,97,97,41,41,56,56,56,127,127,141,141,41,60,76,76,92,92],"floor_reached":25,"playtime":1056,"items_purged":["Strike_B","Strike_B"],"score":422,"play_id":"7e308a96-3e0f-469c-87f3-9a1d7039f902","local_time":"20190223175507","is_ascension_mode":true,"campfire_choices":[{"floor":10,"key":"REST"},{"floor":12,"key":"REST"},{"data":"Zap","floor":15,"key":"SMITH"},{"data":"Hologram","floor":23,"key":"SMITH"}],"neow_cost":"NONE","seed_source_timestamp":2707434286531151,"circlet_count":0,"master_deck":["AscendersBane","Strike_B","Strike_B","Defend_B","Defend_B","Defend_B+1","Defend_B","Zap+1","Dualcast","Multi-Cast","Defragment+1","Doom and Gloom","Leap","Echo Form","Hologram+1","Self Repair","Conserve Battery+1","Machine Learning"],"relics":["Cracked Core","PreservedInsect","Matryoshka","Pen Nib","Anchor","Vajra","War Paint","Snecko Eye"],"potions_floor_usage":[6,8,13,13,16,25],"damage_taken":[{"damage":3,"enemies":"Small Slimes","floor":1,"turns":3},{"damage":6,"enemies":"Cultist","floor":3,"turns":4},{"damage":36,"enemies":"3 Sentries","floor":6,"turns":5},{"damage":7,"enemies":"Jaw Worm","floor":7,"turns":4},{"damage":10,"enemies":"Lagavulin","floor":8,"turns":5},{"damage":19,"enemies":"Exordium Wildlife","floor":13,"turns":4},{"damage":8,"enemies":"Hexaghost","floor":16,"turns":9},{"damage":0,"enemies":"Spheric Guardian","floor":18,"turns":3},{"damage":29,"enemies":"Colosseum Slavers","floor":19,"turns":4},{"damage":6,"enemies":"2 Thieves","floor":21,"turns":4},{"damage":9,"enemies":"Snake Plant","floor":22,"turns":4},{"damage":3,"enemies":"Centurion and Healer","floor":24,"turns":6},{"damage":71,"enemies":"Cultist and Chosen","floor":25,"turns":6}],"seed_played":"-4832810183503789010","potions_obtained":[{"floor":1,"key":"Strength Potion"},{"floor":7,"key":"Fire Potion"},{"floor":8,"key":"Energy Potion"},{"floor":13,"key":"LiquidBronze"},{"floor":22,"key":"SkillPotion"},{"floor":24,"key":"SteroidPotion"}],"is_trial":false,"path_per_floor":["M","?","M","$","?","E","M","E","T","R","$","R","M","T","R","B",null,"M","?","$","M","M","R","M","M"],"character_chosen":"DEFECT","items_purchased":["Leap","AttackPotion"],"campfire_rested":2,"item_purchase_floors":[4,11],"current_hp_per_floor":[61,61,55,55,55,19,12,2,2,23,23,44,32,32,32,31,61,68,53,53,54,59,59,70,0],"gold":92,"neow_bonus":"ONE_RANDOM_RARE_CARD","is_prod":false,"is_daily":false,"chose_seed":false,"campfire_upgraded":2,"win_rate":0,"timestamp":1550912107,"path_taken":["M","?","?","$","?","E","M","E","T","R","$","R","M","?","R","BOSS","M","?","$","M","M","R","M","M"],"build_version":"2019-01-23","purchased_purges":2,"victory":false,"max_hp_per_floor":[71,71,71,71,71,71,71,71,71,71,71,71,71,71,71,71,71,71,71,71,71,71,71,71,71],"card_choices":[{"not_picked":["Beam Cell","Cold Snap"],"picked":"Defragment","floor":1},{"not_picked":["Gash","Tempest"],"picked":"Doom and Gloom","floor":3},{"not_picked":["Go for the Eyes","Leap"],"picked":"Echo Form","floor":6},{"not_picked":["Cold Snap","Conserve Battery"],"picked":"Hologram","floor":7},{"not_picked":["Go for the Eyes","Redo"],"picked":"Self Repair","floor":8},{"not_picked":["Beam Cell","Aggregate"],"picked":"Conserve Battery","floor":13},{"not_picked":["Echo Form","Thunder Strike"],"picked":"Machine Learning","floor":16},{"not_picked":["Cold Snap","Beam Cell","BootSequence"],"picked":"SKIP","floor":18},{"not_picked":["Stack","FTL","Streamline+1"],"picked":"SKIP","floor":21},{"not_picked":["Steam","Leap","Hologram"],"picked":"SKIP","floor":22},{"not_picked":["Barrage","Hello World","Sweeping Beam"],"picked":"SKIP","floor":24}],"player_experience":581642,"relics_obtained":[{"floor":6,"key":"PreservedInsect"},{"floor":8,"key":"Matryoshka"},{"floor":9,"key":"Pen Nib"},{"floor":9,"key":"Anchor"},{"floor":14,"key":"Vajra"},{"floor":14,"key":"War Paint"}],"event_choices":[{"damage_healed":0,"gold_gain":0,"player_choice":"Forge","damage_taken":0,"max_hp_gain":0,"max_hp_loss":0,"event_name":"Accursed Blacksmith","floor":2,"gold_loss":0,"cards_upgraded":["Defragment"]},{"damage_healed":0,"gold_gain":0,"player_choice":"Leave","damage_taken":0,"max_hp_gain":0,"max_hp_loss":0,"event_name":"The Cleric","floor":5,"gold_loss":0},{"damage_healed":0,"gold_gain":0,"player_choice":"Fight","damage_taken":0,"max_hp_gain":0,"max_hp_loss":0,"event_name":"Colosseum","floor":19,"gold_loss":0},{"damage_healed":0,"gold_gain":0,"player_choice":"Fled From Nobs","damage_taken":0,"max_hp_gain":0,"max_hp_loss":0,"event_name":"Colosseum","floor":19,"gold_loss":0}],"is_beta":false,"boss_relics":[{"not_picked":["Empty Cage","Pandora\u0027s Box"],"picked":"Snecko Eye"}],"items_purged_floors":[4,20],"is_endless":false,"potions_floor_spawned":[1,7,8,13,22,24],"killed_by":"Cultist and Chosen","ascension_level":20}