{"gold_per_floor":[118,134,11,111,131,131,147,222,222,248,67,92,106,120,120,221,221,234,334,349,364,364,364,390,390,390,407,421,421,438,438,438,538,538,554,554,251,251,268,300,313,313,313,333,346,346,21,41,41,41],"floor_reached":51,"playtime":4774,"items_purged":["Strike_B","Hello World+1"],"score":686,"play_id":"a48f4647-18f1-476f-95d4-0c4b5fb98c32","local_time":"20181117152612","is_ascension_mode":false,"campfire_choices":[{"data":"Defragment","floor":6,"key":"SMITH"},{"floor":15,"key":"REST"},{"data":"Defragment","floor":23,"key":"SMITH"},{"floor":25,"key":"REST"},{"data":"Capacitor","floor":29,"key":"SMITH"},{"floor":32,"key":"REST"},{"data":"Storm","floor":49,"key":"SMITH"}],"neow_cost":"NONE","seed_source_timestamp":219090548020358,"circlet_count":0,"master_deck":["Strike_B+1","Defend_B+1","Defend_B+1","Defend_B+1","Zap+1","Dualcast+1","All For One+1","Ball Lightning+1","Defragment+1","Coolheaded+1","Sunder+1","Coolheaded+1","Ball Lightning+1","Defragment+1","Hologram+1","Rainbow+1","Glacier+1","Capacitor+1","Undo+1","Cold Snap+1","Conserve Battery+1","Chill+1","Biased Cognition+1","Go for the Eyes+1","Defragment+1","Madness+1","Madness+1","Storm+1","BootSequence+1"],"relics":["FrozenCore","Mummified Hand","Singing Bowl","War Paint","Ice Cream","Mercury Hourglass","Darkstone Periapt","Ornamental Fan","Eternal Feather","Mark of the Bloom","DollysMirror","Matryoshka","Symbiotic Virus","Boot","Toxic Egg 2","Calipers"],"potions_floor_usage":[19,24,40],"damage_taken":[{"damage":1,"enemies":"Cultist","floor":1,"turns":3},{"damage":2,"enemies":"2 Louse","floor":2,"turns":2},{"damage":3,"enemies":"Jaw Worm","floor":5,"turns":3},{"damage":7,"enemies":"Large Slime","floor":7,"turns":5},{"damage":11,"enemies":"3 Sentries","floor":10,"turns":5},{"damage":13,"enemies":"Lagavulin","floor":12,"turns":6},{"damage":0,"enemies":"Looter","floor":13,"turns":2},{"damage":0,"enemies":"2 Fungi Beasts","floor":14,"turns":2},{"damage":8,"enemies":"Hexaghost","floor":16,"turns":9},{"damage":2,"enemies":"Spheric Guardian","floor":18,"turns":4},{"damage":13,"enemies":"Colosseum Slavers","floor":19,"turns":5},{"damage":13,"enemies":"Colosseum Nobs","floor":19,"turns":6},{"damage":0,"enemies":"Chosen","floor":20,"turns":5},{"damage":2,"enemies":"Sentry and Sphere","floor":21,"turns":5},{"damage":10,"enemies":"Gremlin Leader","floor":24,"turns":8},{"damage":0,"enemies":"Cultist and Chosen","floor":27,"turns":6},{"damage":8,"enemies":"Snake Plant","floor":28,"turns":5},{"damage":0,"enemies":"Snecko","floor":30,"turns":4},{"damage":16,"enemies":"Champ","floor":33,"turns":9},{"damage":0,"enemies":"3 Darklings","floor":35,"turns":5},{"damage":0,"enemies":"Orb Walker","floor":39,"turns":3},{"damage":3,"enemies":"Nemesis","floor":40,"turns":7},{"damage":0,"enemies":"4 Shapes","floor":41,"turns":4},{"damage":0,"enemies":"Spire Growth","floor":44,"turns":5},{"damage":0,"enemies":"Jaw Worm Horde","floor":45,"turns":4},{"damage":0,"enemies":"Transient","floor":48,"turns":5},{"damage":2,"enemies":"Donu and Deca","floor":50,"turns":8}],"seed_played":"-6697863123814921232","potions_obtained":[{"floor":1,"key":"AttackPotion"},{"floor":5,"key":"GamblersBrew"},{"floor":13,"key":"Explosive Potion"},{"floor":18,"key":"PowerPotion"},{"floor":21,"key":"Strength Potion"},{"floor":24,"key":"Ancient Potion"},{"floor":39,"key":"AttackPotion"},{"floor":40,"key":"PowerPotion"}],"is_trial":false,"path_per_floor":["M","M","$","?","M","R","M","?","T","E","$","E","M","M","R","B",null,"M","?","M","M","?","R","E","R","T","M","M","R","M","?","R","B",null,"M","?","$","?","M","E","M","?","T","M","M","?","$","M","R","B",null],"character_chosen":"DEFECT","items_purchased":["Coolheaded","Sunder","Defragment","Hologram","DollysMirror","Calipers","Storm"],"campfire_rested":3,"item_purchase_floors":[3,3,11,11,37,47,47],"current_hp_per_floor":[74,72,72,72,69,69,62,51,51,42,42,29,31,31,54,48,81,79,53,53,53,37,37,27,53,53,55,49,49,51,51,79,63,94,94,94,94,94,94,91,91,91,91,91,91,78,78,78,78,76],"gold":41,"neow_bonus":"ONE_RANDOM_RARE_CARD","is_prod":false,"is_daily":false,"chose_seed":false,"campfire_upgraded":4,"win_rate":0,"timestamp":1542486372,"path_taken":["M","M","?","?","?","R","M","?","T","E","$","E","M","M","R","BOSS","M","?","M","M","?","R","E","R","T","M","M","R","M","?","R","BOSS","M","?","$","?","?","E","M","?","T","M","M","?","$","M","R","BOSS"],"build_version":"2018-11-15","purchased_purges":2,"victory":true,"max_hp_per_floor":[75,75,75,75,75,75,75,75,75,77,77,77,79,79,79,81,81,81,81,81,83,88,88,88,88,88,90,92,92,94,94,94,94,94,94,94,94,94,96,98,100,100,100,102,104,104,104,104,104,104],"card_choices":[{"not_picked":["Barrage","Chill"],"picked":"Ball Lightning","floor":1},{"not_picked":["Redo","Doom and Gloom"],"picked":"Defragment","floor":2},{"not_picked":["Barrage","Stack"],"picked":"Coolheaded","floor":5},{"not_picked":["Sweeping Beam","Steam"],"picked":"Ball Lightning","floor":7},{"not_picked":["Steam","Sunder","Force Field"],"picked":"Singing Bowl","floor":10},{"not_picked":["Barrage","Gash"],"picked":"Rainbow","floor":12},{"not_picked":["Sweeping Beam","Redo","Gash"],"picked":"Singing Bowl","floor":13},{"not_picked":["Sweeping Beam","Gash"],"picked":"Glacier","floor":14},{"not_picked":["Meteor Strike","Thunder Strike","Fission"],"picked":"Singing Bowl","floor":16},{"not_picked":["Barrage","Hologram"],"picked":"Capacitor","floor":18},{"not_picked":["Hologram","Barrage+1"],"picked":"Undo+1","floor":19},{"not_picked":["Reprogram+1","Streamline"],"picked":"Cold Snap","floor":20},{"not_picked":["Skim+1","Rebound","Cold Snap"],"picked":"Singing Bowl","floor":21},{"not_picked":["Barrage","Fusion+1"],"picked":"Conserve Battery","floor":24},{"not_picked":["Steam","Compile Driver","Leap"],"picked":"Singing Bowl","floor":27},{"not_picked":["Leap+1","Stack","BootSequence"],"picked":"Singing Bowl","floor":28},{"not_picked":["Coolheaded","Genetic Algorithm","Leap+1"],"picked":"Singing Bowl","floor":30},{"not_picked":["Multi-Cast","Reboot"],"picked":"Biased Cognition","floor":33},{"not_picked":["Hologram+1","Beam Cell+1"],"picked":"Go for the Eyes","floor":35},{"not_picked":["Steam+1","Redo","Sweeping Beam"],"picked":"Singing Bowl","floor":39},{"not_picked":["Rip and Tear","Recycle+1","Ball Lightning"],"picked":"Singing Bowl","floor":40},{"not_picked":["Rebound","Ball Lightning+1","Scrape"],"picked":"Singing Bowl","floor":41},{"not_picked":["Steam+1","Sunder","Chill+1"],"picked":"Singing Bowl","floor":44},{"not_picked":["Turbo+1","Hello World","Melter+1"],"picked":"Singing Bowl","floor":45},{"not_picked":["Hello World","Compile Driver"],"picked":"BootSequence+1","floor":48}],"player_experience":1166033,"relics_obtained":[{"floor":9,"key":"Mummified Hand"},{"floor":10,"key":"Singing Bowl"},{"floor":12,"key":"War Paint"},{"floor":19,"key":"Ice Cream"},{"floor":19,"key":"Mercury Hourglass"},{"floor":24,"key":"Darkstone Periapt"},{"floor":26,"key":"Ornamental Fan"},{"floor":40,"key":"Symbiotic Virus"},{"floor":43,"key":"Boot"},{"floor":43,"key":"Toxic Egg 2"}],"event_choices":[{"damage_healed":0,"gold_gain":100,"player_choice":"Gold","damage_taken":0,"max_hp_gain":0,"max_hp_loss":0,"event_name":"Wheel of Change","floor":4,"gold_loss":0},{"damage_healed":0,"gold_gain":75,"player_choice":"Gather Gold","damage_taken":11,"max_hp_gain":0,"max_hp_loss":0,"event_name":"World of Goop","floor":8,"gold_loss":0},{"damage_healed":0,"gold_gain":0,"player_choice":"Fight","damage_taken":0,"max_hp_gain":0,"max_hp_loss":0,"event_name":"Colosseum","floor":19,"gold_loss":0},{"damage_healed":0,"gold_gain":0,"player_choice":"Fought Nobs","damage_taken":0,"max_hp_gain":0,"max_hp_loss":0,"event_name":"Colosseum","floor":19,"gold_loss":0},{"damage_healed":0,"gold_gain":0,"player_choice":"Shed Blood","damage_taken":21,"max_hp_gain":5,"max_hp_loss":0,"event_name":"Forgotten Altar","floor":22,"gold_loss":0},{"damage_healed":0,"gold_gain":0,"cards_transformed":["Strike_B","Defend_B"],"player_choice":"Became Test Subject","damage_taken":0,"max_hp_gain":0,"max_hp_loss":0,"event_name":"Drug Dealer","floor":31,"gold_loss":0,"cards_obtained":["Chill","Hello World"]},{"damage_healed":0,"gold_gain":0,"player_choice":"Upgrade","damage_taken":0,"relics_obtained":["Mark of the Bloom"],"max_hp_gain":0,"max_hp_loss":0,"event_name":"MindBloom","floor":36,"gold_loss":0,"cards_upgraded":["Strike_B","Strike_B","Defend_B","Defend_B","Defend_B","Dualcast","All For One","Ball Lightning","Sunder","Coolheaded","Ball Lightning","Hologram","Rainbow","Glacier","Cold Snap","Conserve Battery","Chill","Hello World","Biased Cognition","Go for the Eyes"]},{"damage_healed":0,"gold_gain":0,"player_choice":"Gave Potion","damage_taken":0,"relics_obtained":["Matryoshka"],"max_hp_gain":0,"max_hp_loss":0,"event_name":"WeMeetAgain","floor":38,"gold_loss":0},{"cards_removed":["Strike_B"],"damage_healed":0,"gold_gain":0,"player_choice":"Removed Attack","damage_taken":0,"max_hp_gain":0,"max_hp_loss":0,"event_name":"Falling","floor":42,"gold_loss":0},{"damage_healed":0,"gold_gain":0,"player_choice":"Embrace Madness","damage_taken":13,"max_hp_gain":0,"max_hp_loss":0,"event_name":"Winding Halls","floor":46,"gold_loss":0,"cards_obtained":["Madness","Madness"]}],"is_beta":false,"boss_relics":[{"not_picked":["Ectoplasm","Busted Crown"],"picked":"FrozenCore"},{"not_picked":["Black Star","Snecko Eye"],"picked":"Eternal Feather"}],"items_purged_floors":[11,37],"is_endless":false,"potions_floor_spawned":[1,5,13,14,18,21,24,28,30,39,40,44],"ascension_level":0}