{"gold_per_floor":[366,26,45,62,62,88,88,115,115,92,104,116],"floor_reached":12,"playtime":1138,"items_purged":["Decay"],"score":90,"play_id":"67de32b0-c20f-4f23-828a-0c61c4aab8a0","local_time":"20190129222305","is_ascension_mode":true,"campfire_choices":[{"data":"Metamorphosis","floor":7,"key":"SMITH"},{"data":"Backflip","floor":11,"key":"SMITH"}],"neow_cost":"CURSE","seed_source_timestamp":1425254176737872,"circlet_count":0,"master_deck":["Defend_G","Defend_G","Defend_G","Defend_G","Defend_G","Strike_G","Strike_G","Strike_G","Strike_G","Strike_G","Survivor","Neutralize","Well Laid Plans","Metamorphosis+1","Backflip+1","Flying Knee","Eviscerate","Reflex","Pain","Footwork","Underhanded Strike"],"relics":["Ring of the Snake","WarpedTongs","Juzu Bracelet","Letter Opener","MawBank"],"potions_floor_usage":[6],"damage_taken":[{"damage":0,"enemies":"2 Louse","floor":1,"turns":3},{"damage":1,"enemies":"Cultist","floor":3,"turns":3},{"damage":0,"enemies":"Jaw Worm","floor":4,"turns":3},{"damage":32,"enemies":"3 Sentries","floor":6,"turns":10},{"damage":34,"enemies":"Gremlin Nob","floor":8,"turns":5},{"damage":21,"enemies":"Large Slime","floor":12,"turns":4}],"seed_played":"-6557154631478065306","potions_obtained":[{"floor":3,"key":"SteroidPotion"}],"is_trial":false,"path_per_floor":["M","$","M","M","?","E","R","E","T","?","R","M"],"character_chosen":"THE_SILENT","items_purchased":["Metamorphosis","Backflip","Flying Knee"],"campfire_rested":0,"item_purchase_floors":[2,2,2],"current_hp_per_floor":[70,70,69,69,69,37,37,3,3,20,20,0],"gold":116,"neow_bonus":"TWO_FIFTY_GOLD","is_prod":false,"is_daily":false,"chose_seed":false,"campfire_upgraded":2,"win_rate":0,"timestamp":1548796985,"path_taken":["M","$","M","M","?","E","R","E","T","?","R","M"],"build_version":"2019-01-23","purchased_purges":1,"victory":false,"max_hp_per_floor":[70,70,70,70,70,70,70,70,70,70,70,70],"card_choices":[{"not_picked":["Dodge and Roll","Terror"],"picked":"Well Laid Plans","floor":1},{"not_picked":["Accuracy","Cloak And Dagger"],"picked":"Eviscerate","floor":3},{"not_picked":["Caltrops","Backflip"],"picked":"Reflex","floor":4},{"not_picked":["Predator","Sucker Punch"],"picked":"Footwork","floor":6},{"not_picked":["Infinite Blades","Sucker Punch"],"picked":"Underhanded Strike","floor":8}],"player_experience":87972,"relics_obtained":[{"floor":6,"key":"Juzu Bracelet"},{"floor":8,"key":"Letter Opener"},{"floor":9,"key":"MawBank"}],"event_choices":[{"damage_healed":0,"gold_gain":0,"player_choice":"Rummage","damage_taken":0,"relics_obtained":["WarpedTongs"],"max_hp_gain":0,"max_hp_loss":0,"event_name":"Accursed Blacksmith","floor":5,"gold_loss":0,"cards_obtained":["Pain"]},{"damage_healed":17,"gold_gain":0,"player_choice":"Healed","damage_taken":0,"max_hp_gain":0,"max_hp_loss":0,"event_name":"The Cleric","floor":10,"gold_loss":35}],"is_beta":false,"boss_relics":[],"items_purged_floors":[2],"is_endless":false,"potions_floor_spawned":[3],"killed_by":"Large Slime","ascension_level":1}