{"path_per_floor":["M","M","M","$","M","E","R","E","T","M","R","M","R","E","R","B",null,"M","?","?","M","M","R"],"character_chosen":"THE_SILENT","items_purchased":["Footwork"],"gold_per_floor":[114,129,148,70,88,114,114,148,201,219,219,232,232,295,295,391,421,438,438,438,458,475,475,475],"floor_reached":24,"campfire_rested":0,"playtime":2392,"current_hp_per_floor":[63,59,58,58,58,50,50,30,30,27,27,24,24,20,20,14,61,55,55,52,33,13,13,0],"items_purged":[],"gold":475,"score":352,"play_id":"ddaa76a4-8194-4ca1-b90a-8d888eb30951","local_time":"20180415221059","is_prod":false,"is_daily":false,"chose_seed":false,"is_ascension_mode":true,"campfire_upgraded":5,"timestamp":1523823059,"path_taken":["M","M","M","$","M","E","R","E","T","M","R","M","R","E","R","BOSS","M","?","?","M","M","R","E"],"build_version":"2018-04-12","seed_source_timestamp":309373195717735,"purchased_purges":1,"victory":false,"master_deck":["Defend_G","Defend_G","Defend_G","Defend_G","Survivor","Neutralize+1","AscendersBane","Cloak And Dagger+1","Blade Dance","Escape Plan","Footwork+1","Terror","Dagger Throw+1","Flechettes+1","Prepared","Endless Agony","Reflex","Storm of Steel+1","Dagger Throw","Backflip","Bite","Bite","Bite","Bite","Bite","Acrobatics","Adrenaline"],"max_hp_per_floor":[70,70,70,70,70,70,70,70,70,70,70,70,70,70,70,70,75,75,75,52,52,52,52,52],"relics":["Ring of the Snake","Happy Flower","Art of War","Whetstone","Tiny Chest","Tiny House"],"card_choices":[{"not_picked":["Finisher","Well Laid Plans"],"picked":"Cloak And Dagger","floor":1},{"not_picked":["Poisoned Stab","Heel Hook"],"picked":"Blade Dance","floor":2},{"not_picked":["Acrobatics","Prepared"],"picked":"Escape Plan","floor":3},{"not_picked":["Crippling Poison","Outmaneuver"],"picked":"Terror","floor":5},{"not_picked":["Caltrops","Escape Plan"],"picked":"Dagger Throw","floor":6},{"not_picked":["Wraith Form v2","Deadly Poison"],"picked":"Flechettes","floor":8},{"not_picked":["Flying Knee","Wraith Form v2"],"picked":"Prepared","floor":10},{"not_picked":["Flying Knee","Reflex"],"picked":"Endless Agony","floor":12},{"not_picked":["Backflip","Dagger Throw"],"picked":"Reflex","floor":14},{"not_picked":["Tactician","Wraith Form v2"],"picked":"Storm of Steel","floor":16},{"not_picked":["Blur","Setup"],"picked":"Dagger Throw","floor":17},{"not_picked":["Acrobatics","Slice"],"picked":"Backflip","floor":18},{"not_picked":["Outmaneuver","Masterful Stab"],"picked":"Acrobatics","floor":21},{"not_picked":["Prepared","Cloak And Dagger"],"picked":"Adrenaline","floor":22}],"player_experience":318125,"potions_floor_usage":[6,8,16,24],"damage_taken":[{"damage":0,"enemies":"2 Louse","floor":1,"turns":5},{"damage":4,"enemies":"Small Slimes","floor":2,"turns":4},{"damage":1,"enemies":"Jaw Worm","floor":3,"turns":4},{"damage":0,"enemies":"2 Fungi Beasts","floor":5,"turns":4},{"damage":23,"enemies":"3 Sentries","floor":6,"turns":10},{"damage":20,"enemies":"Lagavulin","floor":8,"turns":6},{"damage":3,"enemies":"Blue Slaver","floor":10,"turns":3},{"damage":3,"enemies":"Exordium Thugs","floor":12,"turns":5},{"damage":4,"enemies":"3 Sentries","floor":14,"turns":7},{"damage":6,"enemies":"The Guardian","floor":16,"turns":13},{"damage":6,"enemies":"3 Byrds","floor":18,"turns":6},{"damage":19,"enemies":"Spheric Guardian","floor":21,"turns":4},{"damage":26,"enemies":"3 Cultists","floor":22,"turns":6},{"damage":18,"enemies":"Book of Stabbing","floor":24,"turns":5}],"event_choices":[{"event_name":"Back to Basics","player_choice":"Elegance","floor":19,"damage_taken":0},{"event_name":"Vampires","player_choice":"Became a vampire","floor":20,"damage_taken":0}],"boss_relics":[{"not_picked":["White Beast Statue","Velvet Choker"],"picked":"Tiny House"}],"potions_floor_spawned":[2,5,8,12,14,18],"seed_played":"969301580178388525","killed_by":"Book of Stabbing","ascension_level":10,"is_trial":false}