{"path_per_floor":["M","M","?","M","?","R","E","M","T","M","?","?","R","M","R","B",null,"M","?","?","?","?","R","E","R","T","M","$","R","M","M","R","B",null,"M","?","M","M","$","R","?","E","T","M","R","M","?","E","R","B"],"character_chosen":"IRONCLAD","items_purchased":["Membership Card","Tiny Chest"],"gold_per_floor":[117,128,128,142,142,142,172,187,187,200,200,200,200,213,213,310,310,323,323,323,323,323,323,350,350,350,369,14,14,24,39,39,135,135,155,0,16,33,33,33,33,63,63,79,79,96,96,130,130,130],"floor_reached":51,"campfire_rested":0,"playtime":3671,"current_hp_per_floor":[80,77,77,77,61,61,40,52,52,51,56,56,56,62,62,55,85,85,85,59,59,43,43,51,51,51,59,59,59,59,59,59,28,59,59,59,59,48,48,48,48,27,27,38,38,42,42,48,48,34],"items_purged":["Writhe"],"gold":130,"play_id":"e38c1755-ecfb-4e35-b303-250fcd327e10","is_prod":false,"is_daily":false,"campfire_rituals":0,"campfire_upgraded":10,"is_hardmode":false,"path_taken":["M","M","?","?","?","R","E","M","T","M","?","?","R","M","R","BOSS","M","?","?","?","?","R","E","R","T","M","$","R","M","M","R","BOSS","M","?","M","?","?","R","?","E","T","M","R","M","?","E","R","BOSS"],"build_version":"2018-01-18-PROD3","purchased_purges":1,"victory":true,"master_deck":["Defend_R","Defend_R","Defend_R","Defend_R","Bash","Cleave","Clash","Bludgeon","Spot Weakness","Seeing Red","Armaments","Cleave","Offering","Bite_R","Bite_R","Bite_R","Bite_R","Bite_R","Clash","Battle Trance","Intimidate","Seeing Red","Limit Break","Second Wind","Burning Pact","Anger","Rampage"],"max_hp_per_floor":[80,80,80,80,80,80,80,80,80,80,85,85,85,85,85,85,85,85,85,59,59,59,59,59,59,59,59,59,59,59,59,59,59,59,59,59,59,59,59,59,59,59,59,59,59,59,59,59,59,59],"relics":["Black Blood","Meat on the Bone","Mummified Hand","Self Forming Clay","Omamori","Necronomicon","Blood Vial","Ginger","Membership Card","Tiny Chest","Sozu","Red Mask","Orichalcum","Toxic Egg","Whetstone"],"campfire_meditates":0,"card_choices":[{"not_picked":["Ghostly Armor","Perfected Strike"],"picked":"Cleave"},{"not_picked":["Searing Blow","Corruption"],"picked":"Clash"},{"not_picked":["Metallicize","Shrug It Off"],"picked":"Seeing Red"},{"not_picked":["Seeing Red","Clothesline"],"picked":"Armaments"},{"not_picked":["Wild Strike","Heavy Blade"],"picked":"Cleave"},{"not_picked":["Immolate","Juggernaut"],"picked":"Offering"},{"not_picked":["Havoc","Anger"],"picked":"Battle Trance"},{"not_picked":["Iron Wave","Blood for Blood"],"picked":"Intimidate"},{"not_picked":["Sword Boomerang","Hemokinesis"],"picked":"Seeing Red"},{"not_picked":["Reaper","Berserk"],"picked":"Limit Break"},{"not_picked":["Entrench","Clothesline"],"picked":"Body Slam"},{"not_picked":["Intimidate","Armaments"],"picked":"Second Wind"},{"not_picked":["Iron Wave","Second Wind"],"picked":"Burning Pact"},{"not_picked":["Twin Strike","Infernal Blade"],"picked":"Anger"},{"not_picked":["Clash","Heavy Blade"],"picked":"Rampage"}],"player_experience":262066,"potions_floor_usage":[7,24,24,33,33],"damage_taken":[{"damage":0,"enemies":"Small Slimes","floor":1,"turns":4},{"damage":9,"enemies":"Blue Slaver","floor":2,"turns":3},{"damage":6,"enemies":"Jaw Worm","floor":4,"turns":2},{"damage":27,"enemies":"3 Sentries","floor":7,"turns":5},{"damage":6,"enemies":"3 Louse","floor":8,"turns":2},{"damage":7,"enemies":"Gremlin Gang","floor":10,"turns":5},{"damage":0,"enemies":"Looter","floor":14,"turns":1},{"damage":25,"enemies":"Slime Boss","floor":16,"turns":9},{"damage":4,"enemies":"Spheric Guardian","floor":18,"turns":3},{"damage":11,"enemies":"Book of Stabbing","floor":24,"turns":2},{"damage":4,"enemies":"Shell Parasite","floor":27,"turns":1},{"damage":0,"enemies":"Chosen and Byrds","floor":30,"turns":3},{"damage":15,"enemies":"Snake Plant","floor":31,"turns":3},{"damage":67,"enemies":"Automaton","floor":33,"turns":9},{"damage":4,"enemies":"3 Darklings","floor":35,"turns":2},{"damage":0,"enemies":"Orb Walker","floor":37,"turns":1},{"damage":37,"enemies":"3 Darklings","floor":38,"turns":5},{"damage":67,"enemies":"Nemesis","floor":42,"turns":7},{"damage":29,"enemies":"Maw","floor":44,"turns":5},{"damage":28,"enemies":"Sphere and 2 Shapes","floor":46,"turns":5},{"damage":27,"enemies":"Giant Head","floor":48,"turns":6},{"damage":56,"enemies":"Awakened One","floor":50,"turns":9}],"event_choices":[{"event_name":"Match and Keep!","player_choice":"2 cards matched","floor":3,"damage_taken":0},{"event_name":"Shining Light","player_choice":"Entered Light","floor":5,"damage_taken":0},{"event_name":"Big Fish","player_choice":"Donut","floor":11,"damage_taken":0},{"event_name":"Dead Adventurer","player_choice":"Searched \u00272\u0027 times","floor":12,"damage_taken":0},{"event_name":"The Mausoleum","player_choice":"Yes","floor":19,"damage_taken":0},{"event_name":"Vampires","player_choice":"Became a vampire","floor":20,"damage_taken":0},{"event_name":"The Library","player_choice":"Read","floor":21,"damage_taken":0},{"event_name":"Cursed Tome","player_choice":"Obtained Book","floor":22,"damage_taken":0},{"event_name":"Tomb of Lord Red Mask","player_choice":"Paid","floor":36,"damage_taken":0},{"event_name":"Upgrade Shrine","player_choice":"Upgraded","floor":41,"damage_taken":0}],"boss_relics":[{"not_picked":["White Beast Statue","Orrery"],"picked":"Black Blood"},{"not_picked":["Eternal Feather","Cursed Key"],"picked":"Sozu"}],"potions_floor_spawned":[4,7,10,14,16,24,31,33,37,46,48],"seed_played":"3419435603742743293","is_trial":false}