{"gold_per_floor":[219,235,185,110,128,128,144,169,219,219,248,259,259,273,273,374,374,388,242,117,130,141,141,156,156,156,171,171,191,191],"floor_reached":30,"playtime":3303,"items_purged":["Defend_B","Dualcast","Zap"],"score":293,"play_id":"a411beb8-81d6-4f99-b1c6-96d19e70b853","local_time":"20180713224358","is_ascension_mode":true,"campfire_choices":[{"data":"Sweeping Beam","floor":6,"key":"SMITH"},{"data":"Go for the Eyes","floor":10,"key":"SMITH"},{"floor":13,"key":"REST"},{"data":"Gash","floor":15,"key":"SMITH"},{"data":"Gash","floor":23,"key":"SMITH"},{"floor":25,"key":"REST"}],"neow_cost":"NONE","seed_source_timestamp":269106912560086,"circlet_count":0,"master_deck":["Defend_B","Defend_B","Defend_B","Gash+1","Ball Lightning","Sweeping Beam+1","Go for the Eyes+1","Hyperbeam","Go for the Eyes","Machine Learning","Creative AI+1","FTL+1","Electrodynamics+1","Gash+1","Gash","Core Surge","Gash","Sweeping Beam+1","RitualDagger"],"relics":["Cracked Core","Kunai","Happy Flower","Bag of Marbles","Astrolabe","Toxic Egg 2"],"potions_floor_usage":[16],"damage_taken":[{"damage":1,"enemies":"Cultist","floor":1,"turns":4},{"damage":0,"enemies":"2 Louse","floor":2,"turns":2},{"damage":7,"enemies":"Small Slimes","floor":5,"turns":3},{"damage":16,"enemies":"Exordium Wildlife","floor":7,"turns":3},{"damage":8,"enemies":"Gremlin Nob","floor":8,"turns":3},{"damage":16,"enemies":"3 Sentries","floor":11,"turns":4},{"damage":7,"enemies":"Large Slime","floor":12,"turns":4},{"damage":1,"enemies":"Looter","floor":14,"turns":2},{"damage":30,"enemies":"Hexaghost","floor":16,"turns":7},{"damage":6,"enemies":"3 Byrds","floor":18,"turns":2},{"damage":2,"enemies":"Chosen","floor":21,"turns":3},{"damage":36,"enemies":"Snake Plant","floor":22,"turns":5},{"damage":11,"enemies":"Sentry and Sphere","floor":24,"turns":3},{"damage":0,"enemies":"3 Cultists","floor":27,"turns":2},{"damage":18,"enemies":"Centurion and Healer","floor":29,"turns":3},{"damage":18,"enemies":"Snake Plant","floor":30,"turns":1}],"seed_played":"-318840581786190473","potions_obtained":[{"floor":1,"key":"PowerPotion"},{"floor":11,"key":"Block Potion"},{"floor":12,"key":"Dexterity Potion"},{"floor":21,"key":"Energy Potion"},{"floor":27,"key":"Fire Potion"}],"is_trial":false,"path_per_floor":["M","M","?","$","M","R","M","E","T","R","E","M","R","M","R","B",null,"M","$","$","M","M","R","M","R","T","M","?","M"],"character_chosen":"DEFECT","items_purchased":["Gash"],"campfire_rested":2,"item_purchase_floors":[19],"current_hp_per_floor":[74,74,74,74,67,67,51,43,43,43,27,20,42,41,41,11,75,69,69,69,67,31,31,20,42,42,42,36,18,0],"gold":191,"neow_bonus":"HUNDRED_GOLD","is_prod":false,"is_daily":false,"chose_seed":false,"campfire_upgraded":4,"win_rate":0,"timestamp":1531547038,"path_taken":["M","M","?","$","M","R","M","E","T","R","E","M","R","M","R","BOSS","M","?","$","M","M","R","M","R","T","M","?","M","M"],"build_version":"2018-07-12","purchased_purges":3,"victory":false,"max_hp_per_floor":[75,75,75,75,75,75,75,75,75,75,75,75,75,75,75,75,75,75,75,75,75,75,75,75,75,75,75,75,75,75],"card_choices":[{"not_picked":["Blizzard","Rip and Tear"],"picked":"Gash","floor":1},{"not_picked":["Stack","Skim"],"picked":"Ball Lightning","floor":2},{"not_picked":["Chaos","Static Discharge"],"picked":"Sweeping Beam","floor":5},{"not_picked":["Compile Driver","Genetic Algorithm"],"picked":"Go for the Eyes","floor":7},{"not_picked":["Rebound","Compile Driver","Tempest"],"picked":"SKIP","floor":8},{"not_picked":["Barrage","Redo","Consume"],"picked":"SKIP","floor":11},{"not_picked":["Hologram","Redo"],"picked":"Hyperbeam","floor":12},{"not_picked":["Conserve Battery","Sweeping Beam"],"picked":"Go for the Eyes","floor":14},{"not_picked":["Seek","Electrodynamics"],"picked":"Machine Learning","floor":16},{"not_picked":["Barrage","Rebound"],"picked":"Gash","floor":18},{"not_picked":["Steam+1","Turbo","Beam Cell"],"picked":"SKIP","floor":21},{"not_picked":["Barrage+1","Beam Cell"],"picked":"Core Surge","floor":22},{"not_picked":["Steam","Compile Driver"],"picked":"Gash","floor":24},{"not_picked":["Coolheaded+1","Fusion+1"],"picked":"Sweeping Beam+1","floor":27},{"not_picked":["Coolheaded+1","White Noise+1","Leap+1"],"picked":"SKIP","floor":29}],"player_experience":38926,"relics_obtained":[{"floor":8,"key":"Kunai"},{"floor":9,"key":"Happy Flower"},{"floor":11,"key":"Bag of Marbles"},{"floor":26,"key":"Toxic Egg 2"}],"event_choices":[{"event_name":"The Cleric","player_choice":"Card Removal","floor":3,"damage_taken":0},{"event_name":"Nest","player_choice":"Joined the Cult","floor":28,"damage_taken":0}],"boss_relics":[{"not_picked":["White Beast Statue","Cursed Key"],"picked":"Astrolabe"}],"items_purged_floors":[4,19,20],"is_endless":false,"potions_floor_spawned":[1,11,12,21,27,29],"killed_by":"Snake Plant","ascension_level":2}