{"gold_per_floor":[111,128,128,148,323,349,349,362,411,431,431,495,141,151,151,247,247,266,278,278,211,211],"floor_reached":22,"playtime":1315,"items_purged":["Doubt"],"score":196,"play_id":"eac16391-8d6d-4343-a6c4-8f5fda3c89ed","local_time":"20190309124552","is_ascension_mode":false,"campfire_choices":[{"data":"Tempest","floor":7,"key":"SMITH"},{"data":"Zap","floor":11,"key":"SMITH"},{"data":"White Noise","floor":15,"key":"SMITH"}],"neow_cost":"NONE","seed_source_timestamp":569286185280231,"circlet_count":0,"master_deck":["Strike_B","Strike_B","Strike_B","Strike_B","Defend_B","Defend_B","Defend_B","Zap+1","Dualcast","Conserve Battery","Meteor Strike","Tempest+1","Amplify","Barrage","White Noise+1","Heatsinks","Fusion","Buffer","Glacier","Loop"],"relics":["Velvet Choker","Mercury Hourglass","Bag of Preparation","Tiny Chest","Lee\u0027s Waffle","Black Star"],"potions_floor_usage":[10,19,19,22],"damage_taken":[{"damage":0,"enemies":"2 Louse","floor":1,"turns":2},{"damage":0,"enemies":"Small Slimes","floor":2,"turns":3},{"damage":0,"enemies":"Jaw Worm","floor":4,"turns":4},{"damage":28,"enemies":"Gremlin Nob","floor":6,"turns":4},{"damage":3,"enemies":"Looter","floor":8,"turns":2},{"damage":0,"enemies":"Exordium Wildlife","floor":10,"turns":2},{"damage":26,"enemies":"Lagavulin","floor":12,"turns":6},{"damage":0,"enemies":"3 Louse","floor":14,"turns":1},{"damage":46,"enemies":"Slime Boss","floor":16,"turns":7},{"damage":12,"enemies":"Shell Parasite","floor":18,"turns":3},{"damage":31,"enemies":"Chosen","floor":19,"turns":8},{"damage":27,"enemies":"3 Cultists","floor":22,"turns":4}],"seed_played":"-8431378564007739953","potions_obtained":[{"floor":2,"key":"GamblersBrew"},{"floor":6,"key":"Fire Potion"},{"floor":12,"key":"FearPotion"},{"floor":14,"key":"FocusPotion"}],"is_trial":false,"path_per_floor":["M","M","?","M","?","E","R","M","T","M","R","E","$","M","R","B",null,"M","M","?","$","M"],"character_chosen":"DEFECT","items_purchased":["Lee\u0027s Waffle","Heatsinks","Loop"],"campfire_rested":0,"item_purchase_floors":[13,13,21],"current_hp_per_floor":[75,75,75,75,75,47,47,44,44,44,44,18,82,82,82,36,82,70,39,23,23,0],"gold":211,"neow_bonus":"BOSS_RELIC","is_prod":false,"is_daily":false,"chose_seed":false,"campfire_upgraded":3,"win_rate":0,"timestamp":1552128352,"path_taken":["M","M","?","M","?","E","R","M","T","M","R","E","$","M","R","BOSS","M","M","?","$","M"],"build_version":"2019-01-23","purchased_purges":1,"victory":false,"max_hp_per_floor":[75,75,75,75,75,75,75,75,75,75,75,75,82,82,82,82,82,82,82,87,87,87],"card_choices":[{"not_picked":["Stack","Rebound","Go for the Eyes"],"picked":"SKIP","floor":1},{"not_picked":["Aggregate","Redo"],"picked":"Conserve Battery","floor":2},{"not_picked":["Beam Cell","Force Field"],"picked":"Tempest","floor":4},{"not_picked":["Gash","Stack"],"picked":"Amplify","floor":6},{"not_picked":["Redo","Stack","Skim"],"picked":"SKIP","floor":8},{"not_picked":["Cold Snap","Compile Driver"],"picked":"Barrage","floor":10},{"not_picked":["Streamline","Rebound"],"picked":"White Noise","floor":12},{"not_picked":["Conserve Battery","Chaos"],"picked":"Fusion","floor":14},{"not_picked":["All For One","Rainbow"],"picked":"Buffer","floor":16},{"not_picked":["Consume","Turbo"],"picked":"Glacier","floor":18},{"not_picked":["Redo","Go for the Eyes","Hologram"],"picked":"SKIP","floor":19}],"player_experience":223405,"relics_obtained":[{"floor":6,"key":"Mercury Hourglass"},{"floor":9,"key":"Bag of Preparation"},{"floor":12,"key":"Tiny Chest"}],"event_choices":[{"damage_healed":0,"gold_gain":0,"cards_transformed":["Defend_B"],"player_choice":"Change","damage_taken":0,"max_hp_gain":0,"max_hp_loss":0,"event_name":"Living Wall","floor":3,"gold_loss":0,"cards_obtained":["Meteor Strike"]},{"damage_healed":0,"gold_gain":175,"player_choice":"AGREE","damage_taken":0,"max_hp_gain":0,"max_hp_loss":0,"event_name":"Liars Game","floor":5,"gold_loss":0,"cards_obtained":["Doubt"]},{"damage_healed":0,"gold_gain":0,"player_choice":"Shed Blood","damage_taken":21,"max_hp_gain":5,"max_hp_loss":0,"event_name":"Forgotten Altar","floor":20,"gold_loss":0}],"is_beta":false,"boss_relics":[{"not_picked":["Snecko Eye","Inserter"],"picked":"Black Star"}],"items_purged_floors":[13],"is_endless":false,"potions_floor_spawned":[2,6,12,14],"killed_by":"3 Cultists","ascension_level":0}