{"gold_per_floor":[14,29,40,14,14,14,46,62,62,74,74,74,94,121,121,225,225,237,66,66,80,5,32,48,48,74,74,149,149,249,272,272,373,373,391,391,87,112,126,126,154,154,154,171,171,197,297,329,329,329],"floor_reached":51,"playtime":3414,"items_purged":[],"score":993,"play_id":"3db5efce-5aa0-4da0-a019-ba12b4b10132","local_time":"20190302001848","is_ascension_mode":true,"campfire_choices":[{"data":"True Grit","floor":6,"key":"SMITH"},{"floor":11,"key":"REST"},{"floor":15,"key":"REST"},{"floor":25,"key":"REST"},{"floor":32,"key":"REST"},{"floor":40,"key":"REST"},{"floor":42,"key":"REST"},{"floor":45,"key":"REST"},{"floor":49,"key":"RECALL"}],"neow_cost":"NO_GOLD","seed_source_timestamp":191690523881700,"circlet_count":0,"master_deck":["Bash+1","Feed","Flame Barrier","Ghostly Armor","True Grit+1","Feed","Spot Weakness","Shrug It Off","Armaments","Seeing Red","Reaper+1","Seeing Red","Bludgeon","Armaments","Dark Embrace","Rampage","Pummel","Hemokinesis","Disarm","Secret Technique","Headbutt","Necronomicurse","Impervious","Pommel Strike+1","Sentinel+1","Blood for Blood+1","Intimidate+1"],"relics":["Burning Blood","Anchor","Singing Bowl","Orichalcum","PreservedInsect","Pandora\u0027s Box","Juzu Bracelet","Bag of Marbles","Necronomicon","Champion Belt","Sundial","Pen Nib","Fusion Hammer","Incense Burner","Whetstone","Smiling Mask","Bottled Flame","Pantograph","Unceasing Top","Bottled Tornado"],"potions_floor_usage":[7,14,16,16,23,30,41,50,50],"damage_taken":[{"damage":5,"enemies":"Small Slimes","floor":1,"turns":3},{"damage":6,"enemies":"Cultist","floor":2,"turns":4},{"damage":16,"enemies":"Jaw Worm","floor":3,"turns":6},{"damage":20,"enemies":"3 Sentries","floor":7,"turns":11},{"damage":13,"enemies":"Exordium Thugs","floor":8,"turns":8},{"damage":13,"enemies":"Large Slime","floor":10,"turns":8},{"damage":17,"enemies":"Lots of Slimes","floor":13,"turns":6},{"damage":12,"enemies":"Lagavulin","floor":14,"turns":7},{"damage":62,"enemies":"Slime Boss","floor":16,"turns":16},{"damage":24,"enemies":"Chosen","floor":18,"turns":6},{"damage":15,"enemies":"3 Byrds","floor":21,"turns":6},{"damage":20,"enemies":"Book of Stabbing","floor":23,"turns":5},{"damage":60,"enemies":"Centurion and Healer","floor":24,"turns":11},{"damage":3,"enemies":"Colosseum Slavers","floor":30,"turns":4},{"damage":18,"enemies":"Colosseum Nobs","floor":30,"turns":5},{"damage":68,"enemies":"Champ","floor":33,"turns":12},{"damage":5,"enemies":"Orb Walker","floor":35,"turns":4},{"damage":23,"enemies":"3 Darklings","floor":39,"turns":8},{"damage":64,"enemies":"Reptomancer","floor":41,"turns":6},{"damage":20,"enemies":"Spire Growth","floor":44,"turns":3},{"damage":5,"enemies":"Giant Head","floor":46,"turns":5},{"damage":5,"enemies":"Mind Bloom Boss Battle","floor":47,"turns":6},{"damage":1,"enemies":"Reptomancer","floor":48,"turns":6},{"damage":70,"enemies":"Donu and Deca","floor":50,"turns":8}],"seed_played":"5676906404949014011","potions_obtained":[{"floor":2,"key":"Dexterity Potion"},{"floor":3,"key":"Dexterity Potion"},{"floor":10,"key":"Poison Potion"},{"floor":13,"key":"Explosive Potion"},{"floor":16,"key":"Strength Potion"},{"floor":21,"key":"LiquidBronze"},{"floor":23,"key":"FairyPotion"},{"floor":36,"key":"SteroidPotion"},{"floor":36,"key":"LiquidBronze"},{"floor":44,"key":"Dexterity Potion"},{"floor":48,"key":"BloodPotion"}],"is_trial":false,"path_per_floor":["M","M","M","$","?","R","E","M","T","M","R","?","M","E","R","B",null,"M","$","?","M","?","E","M","R","T","$","?","?","?","T","R","B",null,"M","?","$","T","M","R","E","R","T","M","R","E","?","E","R","B",null],"character_chosen":"IRONCLAD","items_purchased":["Perfected Strike","Secret Technique","Incense Burner"],"campfire_rested":7,"item_purchase_floors":[4,19,37],"current_hp_per_floor":[83,83,76,76,51,51,40,39,39,35,64,64,59,56,88,32,88,82,82,82,88,88,76,31,68,68,68,56,40,67,67,106,44,111,135,135,135,135,118,136,100,138,138,124,138,140,140,142,142,92],"gold":329,"neow_bonus":"THREE_RARE_CARDS","is_prod":false,"is_daily":false,"chose_seed":false,"campfire_upgraded":1,"win_rate":0,"timestamp":1551482328,"path_taken":["M","M","M","$","?","R","E","M","T","M","R","?","M","E","R","BOSS","M","$","?","?","?","E","M","R","T","?","?","?","?","?","R","BOSS","M","?","?","?","M","R","E","R","T","M","R","E","?","E","R","BOSS"],"build_version":"2019-01-23","purchased_purges":0,"victory":true,"max_hp_per_floor":[83,83,86,86,86,86,89,95,95,98,98,98,104,107,107,107,107,112,112,112,118,118,120,125,125,125,125,125,125,133,133,133,133,133,136,136,136,136,136,136,138,138,138,138,138,140,140,142,142,142],"card_choices":[{"not_picked":["Reaper","Berserk"],"picked":"Feed","floor":0},{"not_picked":["Pommel Strike","Fire Breathing"],"picked":"Flame Barrier","floor":1},{"not_picked":["Wild Strike","Shockwave"],"picked":"Ghostly Armor","floor":2},{"not_picked":["Warcry","Wild Strike"],"picked":"True Grit","floor":3},{"not_picked":["Warcry","Cleave"],"picked":"Feed","floor":7},{"not_picked":["Thunderclap","Anger"],"picked":"Spot Weakness","floor":8},{"not_picked":["Flame Barrier","Armaments"],"picked":"Shrug It Off","floor":10},{"not_picked":["Thunderclap","Shrug It Off"],"picked":"Armaments","floor":13},{"not_picked":["Hemokinesis","Shrug It Off"],"picked":"Seeing Red","floor":14},{"not_picked":["Juggernaut","Fiend Fire"],"picked":"Reaper","floor":16},{"not_picked":["Inflame","Rupture","Anger"],"picked":"Singing Bowl","floor":18},{"not_picked":["Power Through+1","Shrug It Off"],"picked":"Headbutt","floor":21},{"not_picked":["Heavy Blade+1","Immolate","Twin Strike"],"picked":"Singing Bowl","floor":23},{"not_picked":["Body Slam+1","Shrug It Off","Headbutt"],"picked":"Singing Bowl","floor":24},{"not_picked":["Twin Strike","Havoc","Body Slam"],"picked":"Singing Bowl","floor":30},{"not_picked":["Barricade","Limit Break"],"picked":"Impervious","floor":33},{"not_picked":["Shrug It Off","Feel No Pain"],"picked":"Pommel Strike+1","floor":35},{"not_picked":["Carnage+1","Entrench"],"picked":"Sentinel+1","floor":39},{"not_picked":["Sever Soul+1","Anger","Combust"],"picked":"Singing Bowl","floor":41},{"not_picked":["True Grit","Armaments+1"],"picked":"Blood for Blood+1","floor":44},{"not_picked":["Flex+1","Power Through+1","Feed"],"picked":"Singing Bowl","floor":46},{"not_picked":["Anger+1","Blood for Blood+1"],"picked":"Intimidate+1","floor":47},{"not_picked":["Berserk","Thunderclap+1","Perfected Strike+1"],"picked":"Singing Bowl","floor":48}],"player_experience":374425,"relics_obtained":[{"floor":7,"key":"Singing Bowl"},{"floor":9,"key":"Orichalcum"},{"floor":14,"key":"PreservedInsect"},{"floor":23,"key":"Juzu Bracelet"},{"floor":26,"key":"Bag of Marbles"},{"floor":29,"key":"Necronomicon"},{"floor":30,"key":"Champion Belt"},{"floor":30,"key":"Sundial"},{"floor":31,"key":"Pen Nib"},{"floor":38,"key":"Whetstone"},{"floor":41,"key":"Smiling Mask"},{"floor":43,"key":"Bottled Flame"},{"floor":46,"key":"Pantograph"},{"floor":47,"key":"Unceasing Top"},{"floor":48,"key":"Bottled Tornado"}],"event_choices":[{"damage_healed":0,"gold_gain":0,"player_choice":"Success","damage_taken":25,"relics_obtained":["Anchor"],"max_hp_gain":0,"max_hp_loss":0,"event_name":"Scrap Ooze","floor":5,"gold_loss":0},{"damage_healed":0,"gold_gain":0,"player_choice":"Ignored","damage_taken":0,"max_hp_gain":0,"max_hp_loss":0,"event_name":"Liars Game","floor":12,"gold_loss":0},{"cards_removed":["Bludgeon"],"damage_healed":0,"gold_gain":0,"player_choice":"Purged","damage_taken":0,"max_hp_gain":0,"max_hp_loss":0,"event_name":"Purifier","floor":20,"gold_loss":0},{"cards_removed":["Perfected Strike"],"damage_healed":0,"gold_gain":0,"player_choice":"Gave Gold","damage_taken":0,"max_hp_gain":0,"max_hp_loss":0,"event_name":"Beggar","floor":22,"gold_loss":75},{"damage_healed":0,"gold_gain":75,"player_choice":"Touch","damage_taken":12,"max_hp_gain":0,"max_hp_loss":0,"event_name":"FaceTrader","floor":28,"gold_loss":0},{"damage_healed":0,"gold_gain":0,"player_choice":"Obtained Book","damage_taken":16,"max_hp_gain":0,"max_hp_loss":0,"event_name":"Cursed Tome","floor":29,"gold_loss":0},{"damage_healed":0,"gold_gain":0,"player_choice":"Fight","damage_taken":0,"max_hp_gain":0,"max_hp_loss":0,"event_name":"Colosseum","floor":30,"gold_loss":0},{"damage_healed":0,"gold_gain":0,"player_choice":"Fought Nobs","damage_taken":0,"max_hp_gain":0,"max_hp_loss":0,"event_name":"Colosseum","floor":30,"gold_loss":0},{"damage_healed":0,"gold_gain":0,"player_choice":"Got Potions","damage_taken":0,"max_hp_gain":0,"max_hp_loss":0,"event_name":"Lab","floor":36,"gold_loss":0},{"damage_healed":0,"gold_gain":0,"player_choice":"Fight","damage_taken":0,"max_hp_gain":0,"max_hp_loss":0,"event_name":"MindBloom","floor":47,"gold_loss":0}],"is_beta":false,"boss_relics":[{"not_picked":["Tiny House","White Beast Statue"],"picked":"Pandora\u0027s Box"},{"not_picked":["Calling Bell","Velvet Choker"],"picked":"Fusion Hammer"}],"items_purged_floors":[],"is_endless":false,"potions_floor_spawned":[2,3,10,13,16,21,23,39,44,47,48],"ascension_level":5}