{"gold_per_floor":[209,227,238,257,277,305,305,337,385,397,397,397,397,407,407,507,507,527,74,174,174,114,114,114,114],"floor_reached":25,"playtime":1613,"items_purged":["Strike_R"],"score":302,"play_id":"bf70a0e7-79af-41e2-bfb3-b90d5f7d4717","local_time":"20181124222625","is_ascension_mode":true,"campfire_choices":[{"floor":7,"key":"RECALL"},{"floor":11,"key":"REST"},{"data":"Spot Weakness","floor":13,"key":"SMITH"},{"floor":15,"key":"REST"},{"floor":23,"key":"REST"}],"neow_cost":"NONE","seed_source_timestamp":946210317332261,"circlet_count":0,"master_deck":["Strike_R","Defend_R","Defend_R","Defend_R","Defend_R","Bash","Shockwave","Pommel Strike","Clothesline","Iron Wave","Feed","Spot Weakness+1","Whirlwind","Pommel Strike","Impervious","Spot Weakness+1","Dual Wield+1","Flame Barrier+1","Metallicize","Uppercut","Armaments","Flame Barrier"],"relics":["Burning Blood","Champion Belt","Omamori","Bronze Scales","Paper Frog","Astrolabe","Kunai","Magic Flower","Sundial","MutagenicStrength"],"potions_floor_usage":[8,8,8,20,20,22,22,25],"damage_taken":[{"damage":6,"enemies":"Cultist","floor":1,"turns":3},{"damage":14,"enemies":"Jaw Worm","floor":2,"turns":3},{"damage":12,"enemies":"Small Slimes","floor":3,"turns":4},{"damage":7,"enemies":"3 Louse","floor":4,"turns":3},{"damage":7,"enemies":"Blue Slaver","floor":5,"turns":5},{"damage":25,"enemies":"Gremlin Nob","floor":6,"turns":5},{"damage":32,"enemies":"Lagavulin","floor":8,"turns":8},{"damage":15,"enemies":"Exordium Wildlife","floor":10,"turns":6},{"damage":11,"enemies":"2 Fungi Beasts","floor":14,"turns":3},{"damage":33,"enemies":"Hexaghost","floor":16,"turns":9},{"damage":34,"enemies":"Spheric Guardian","floor":18,"turns":6},{"damage":20,"enemies":"Colosseum Slavers","floor":20,"turns":6},{"damage":33,"enemies":"Colosseum Nobs","floor":20,"turns":4},{"damage":22,"enemies":"2 Thieves","floor":22,"turns":3},{"damage":54,"enemies":"Slavers","floor":25,"turns":3}],"seed_played":"206554430295050539","potions_obtained":[{"floor":3,"key":"SpeedPotion"},{"floor":4,"key":"SkillPotion"},{"floor":6,"key":"Fruit Juice"},{"floor":16,"key":"SteroidPotion"},{"floor":18,"key":"LiquidBronze"},{"floor":21,"key":"BloodPotion"},{"floor":21,"key":"SmokeBomb"},{"floor":21,"key":"GamblersBrew"}],"is_trial":false,"path_per_floor":["M","M","M","M","M","E","R","E","T","M","R","?","R","M","R","B",null,"M","$","?","?","M","R","?","E"],"character_chosen":"IRONCLAD","items_purchased":["Uppercut","Armaments","Kunai"],"campfire_rested":3,"item_purchase_floors":[19,19,19],"current_hp_per_floor":[72,64,58,57,56,37,37,19,19,13,40,33,33,31,59,32,79,51,51,13,13,14,43,43,0],"gold":114,"neow_bonus":"HUNDRED_GOLD","is_prod":false,"is_daily":false,"chose_seed":false,"campfire_upgraded":1,"win_rate":0,"timestamp":1543119985,"path_taken":["M","?","M","M","M","E","R","E","T","M","R","?","R","M","R","BOSS","M","$","?","?","?","R","?","E"],"build_version":"2018-11-15","purchased_purges":1,"victory":false,"max_hp_per_floor":[80,80,80,80,80,80,80,88,88,91,91,91,91,94,94,94,94,94,94,97,97,97,97,97,100],"card_choices":[{"not_picked":["Sword Boomerang","Corruption","Headbutt"],"picked":"SKIP","floor":1},{"not_picked":["Armaments","Cleave"],"picked":"Shockwave","floor":2},{"not_picked":["Corruption","Heavy Blade"],"picked":"Pommel Strike","floor":3},{"not_picked":["Fire Breathing","Sword Boomerang"],"picked":"Clothesline","floor":4},{"not_picked":["Heavy Blade","Combust"],"picked":"Iron Wave","floor":5},{"not_picked":["Rampage","Flex"],"picked":"Feed","floor":6},{"not_picked":["Blood for Blood","Heavy Blade"],"picked":"Spot Weakness","floor":8},{"not_picked":["Body Slam","Warcry"],"picked":"Whirlwind","floor":10},{"not_picked":["Heavy Blade","Dark Embrace"],"picked":"Pommel Strike","floor":14},{"not_picked":["Feed","Barricade"],"picked":"Impervious","floor":16},{"not_picked":["Twin Strike","True Grit+1"],"picked":"Metallicize","floor":18},{"not_picked":["Blood for Blood+1","Infernal Blade"],"picked":"Flame Barrier","floor":20}],"player_experience":225488,"relics_obtained":[{"floor":6,"key":"Champion Belt"},{"floor":8,"key":"Omamori"},{"floor":9,"key":"Bronze Scales"},{"floor":20,"key":"Magic Flower"},{"floor":20,"key":"Sundial"}],"event_choices":[{"damage_healed":0,"gold_gain":0,"player_choice":"Success","damage_taken":7,"relics_obtained":["Paper Frog"],"max_hp_gain":0,"max_hp_loss":0,"event_name":"Scrap Ooze","floor":12,"gold_loss":0},{"damage_healed":0,"gold_gain":0,"player_choice":"Fight","damage_taken":0,"max_hp_gain":0,"max_hp_loss":0,"event_name":"Colosseum","floor":20,"gold_loss":0},{"damage_healed":0,"gold_gain":0,"player_choice":"Fought Nobs","damage_taken":0,"max_hp_gain":0,"max_hp_loss":0,"event_name":"Colosseum","floor":20,"gold_loss":0},{"damage_healed":0,"gold_gain":0,"player_choice":"Got Potions","damage_taken":0,"max_hp_gain":0,"max_hp_loss":0,"event_name":"Lab","floor":21,"gold_loss":0},{"damage_healed":0,"gold_gain":0,"player_choice":"Inject Mutagens","damage_taken":0,"relics_obtained":["MutagenicStrength"],"max_hp_gain":0,"max_hp_loss":0,"event_name":"Drug Dealer","floor":24,"gold_loss":0}],"is_beta":false,"boss_relics":[{"not_picked":["Empty Cage","Tiny House"],"picked":"Astrolabe"}],"items_purged_floors":[19],"is_endless":false,"potions_floor_spawned":[3,4,6,16,18,22],"killed_by":"Slavers","ascension_level":6}