{"path_per_floor":["M","M","?","?","$","R","?","R","T","E","M","$","M","M","R","B",null,"M","?","$","?","M","R","E","?","T","E","M","$","M","$","R","B",null,"M","T","?","M","M","E","?","T","T","R","M","E","M","M","R","B"],"character_chosen":"THE_SILENT","items_purchased":["Omamori","Juzu Bracelet"],"gold_per_floor":[112,125,125,125,50,50,50,50,122,157,169,169,185,205,205,305,305,320,320,173,173,193,193,220,145,145,172,185,185,203,49,49,148,148,165,165,165,179,193,248,248,275,275,275,294,323,334,348,348,348],"floor_reached":51,"campfire_rested":1,"playtime":7357,"current_hp_per_floor":[66,59,59,45,45,45,45,45,45,13,13,13,12,12,33,29,70,70,49,49,40,54,54,54,54,54,68,68,68,68,68,68,68,68,68,68,68,67,68,68,58,58,58,58,68,61,68,68,68,68],"items_purged":["Regret"],"gold":348,"play_id":"80e0c77c-b6dd-4df4-a0e3-d6d34db9b67a","is_prod":false,"is_daily":false,"campfire_rituals":0,"campfire_upgraded":6,"is_hardmode":false,"path_taken":["M","M","?","?","$","R","?","R","T","E","M","$","?","?","R","BOSS","M","?","?","?","?","R","E","?","T","E","M","?","M","$","R","BOSS","M","?","?","M","M","E","?","?","T","R","M","E","M","M","R","BOSS"],"build_version":"2018-01-11-PROD2","purchased_purges":1,"victory":true,"master_deck":["Defend_G","Defend_G","Defend_G","Defend_G","Defend_G","Survivor","Neutralize","Acrobatics","Adrenaline","Adrenaline","Footwork","Phantasmal Killer","Noxious Fumes","Escape Plan","After Image","Backflip","Bite_G","Bite_G","Bite_G","Bite_G","Escape Plan","Blur","Footwork","Backflip","Burst","Sucker Punch","Infinite Blades","Blade Dance","Outmaneuver","Madness","Madness","Tools of the Trade","Noxious Fumes","Backflip"],"max_hp_per_floor":[70,70,70,70,70,70,70,70,70,70,70,70,70,70,70,70,70,70,49,49,54,54,54,54,54,54,68,68,68,68,68,68,68,68,68,68,68,68,68,68,68,68,68,68,68,68,68,68,68,68],"relics":["Ring of the Snake","Dream Catcher","Happy Flower","Pantograph","Paper Crane","Black Star","Omamori","Letter Opener","Kunai","Calipers","Sundial","Mango","Juzu Bracelet","Cursed Key","Frozen Eye","Tiny Chest","Anchor","Whetstone","Vajra","Bag of Preparation"],"campfire_meditates":0,"card_choices":[{"not_picked":["Dodge and Roll","Dagger Throw"],"picked":"Acrobatics"},{"not_picked":["Bane","Backstab"],"picked":"Adrenaline"},{"not_picked":["Outmaneuver","PiercingWail"],"picked":"Adrenaline"},{"not_picked":["Dodge and Roll","PiercingWail"],"picked":"Footwork"},{"not_picked":["Riddle With Holes","Deadly Poison"],"picked":"Phantasmal Killer"},{"not_picked":["Well Laid Plans","All Out Attack"],"picked":"Noxious Fumes"},{"not_picked":["Cloak And Dagger","Dodge and Roll"],"picked":"Escape Plan"},{"not_picked":["Phantasmal Killer","Night Terror"],"picked":"After Image"},{"not_picked":["Deflect","Acrobatics"],"picked":"Backflip"},{"not_picked":["Bane","Dagger Spray"],"picked":"Escape Plan"},{"not_picked":["Prepared","PiercingWail"],"picked":"Blur"},{"not_picked":["Dagger Spray","Prepared"],"picked":"Footwork"},{"not_picked":["Deadly Poison","Outmaneuver"],"picked":"Backflip"},{"not_picked":["Corpse Explosion","Wraith Form"],"picked":"Burst"},{"not_picked":["Catalyst","Dagger Spray"],"picked":"Sucker Punch"},{"not_picked":["Dodge and Roll","Bane"],"picked":"Infinite Blades"},{"not_picked":["Dodge and Roll","Dagger Throw"],"picked":"Blade Dance"},{"not_picked":["Underhanded Strike","Acrobatics"],"picked":"Outmaneuver"},{"not_picked":["Cloak And Dagger","PiercingWail"],"picked":"Tools of the Trade"},{"not_picked":["Deadly Poison","Acrobatics"],"picked":"Noxious Fumes"},{"not_picked":["Slice","Backstab"],"picked":"Backflip"}],"player_experience":191813,"potions_floor_usage":[10,18,18,46,50,50],"damage_taken":[{"damage":4,"enemies":"Jaw Worm","floor":1,"turns":7},{"damage":7,"enemies":"2 Louse","floor":2,"turns":6},{"damage":47,"enemies":"Gremlin Nob","floor":10,"turns":6},{"damage":0,"enemies":"Blue Slaver","floor":11,"turns":5},{"damage":1,"enemies":"2 Fungi Beasts","floor":13,"turns":6},{"damage":0,"enemies":"Looter","floor":14,"turns":3},{"damage":29,"enemies":"Hexaghost","floor":16,"turns":14},{"damage":0,"enemies":"2 Thieves","floor":18,"turns":5},{"damage":5,"enemies":"Spheric Guardian","floor":22,"turns":8},{"damage":0,"enemies":"Book of Stabbing","floor":24,"turns":12},{"damage":4,"enemies":"Slavers","floor":27,"turns":7},{"damage":0,"enemies":"Chosen and Byrds","floor":28,"turns":8},{"damage":0,"enemies":"Sentry and Sphere","floor":30,"turns":8},{"damage":0,"enemies":"Champ","floor":33,"turns":25},{"damage":1,"enemies":"3 Shapes","floor":35,"turns":6},{"damage":5,"enemies":"Orb Walker","floor":38,"turns":4},{"damage":0,"enemies":"3 Darklings","floor":39,"turns":8},{"damage":0,"enemies":"Giant Head","floor":40,"turns":11},{"damage":0,"enemies":"Maw","floor":45,"turns":10},{"damage":11,"enemies":"2 Orb Walkers","floor":46,"turns":7},{"damage":0,"enemies":"Sphere and 2 Shapes","floor":47,"turns":6},{"damage":0,"enemies":"4 Shapes","floor":48,"turns":5},{"damage":0,"enemies":"Time Eater","floor":50,"turns":14}],"event_choices":[{"event_name":"Big Fish","player_choice":"Box","floor":3,"damage_taken":0},{"event_name":"Shining Light","player_choice":"Entered Light","floor":4,"damage_taken":0},{"event_name":"Purifier","player_choice":"One Purge","floor":7,"damage_taken":0},{"event_name":"Vampires","player_choice":"Became a vampire","floor":19,"damage_taken":0},{"event_name":"Forgotten Altar","player_choice":"Shed Blood","floor":21,"damage_taken":0},{"event_name":"Beggar","player_choice":"Gave Gold","floor":25,"damage_taken":0},{"event_name":"Mysterious Sphere","player_choice":"Ignore","floor":37,"damage_taken":0},{"event_name":"Winding Halls","player_choice":"Embrace Madness","floor":41,"damage_taken":0}],"boss_relics":[{"not_picked":["Velvet Choker","Question Card"],"picked":"Black Star"},{"not_picked":["Philosopher\u0027s Stone","Lizard Tail"],"picked":"Cursed Key"}],"potions_floor_spawned":[2,10,11,14,22,27,28,33,38,39,46,48],"seed_played":"-6084790203314347939","is_trial":false}