{"gold_per_floor":[114,114,17,83,46,46,71,82,130,130,161,161,161,173,173,250,250,264,264,275,24,24,74,106,106,106,116,116,135,135,149,149,224,224,243,243,243,253,269,269,47,75,75,92,92,103,120,9,9,9,9],"floor_reached":51,"playtime":3746,"items_purged":["Strike_G"],"score":1356,"play_id":"1a24d9b4-11db-4158-959a-eb9e68b1682e","local_time":"20190307193815","is_ascension_mode":true,"campfire_choices":[{"data":"Neutralize","floor":6.0,"key":"SMITH"},{"data":"Escape Plan","floor":13.0,"key":"SMITH"},{"data":"Backflip","floor":15.0,"key":"SMITH"},{"floor":25.0,"key":"REST"},{"floor":28.0,"key":"REST"},{"floor":30.0,"key":"REST"},{"floor":32,"key":"REST"},{"floor":40,"key":"REST"},{"floor":45,"key":"REST"},{"floor":49,"key":"REST"}],"neow_cost":"NONE","seed_source_timestamp":50033378070018,"circlet_count":0,"master_deck":["AscendersBane","Defend_G","Defend_G","Defend_G+1","Defend_G","Defend_G+1","Strike_G","Strike_G","Strike_G","Strike_G","Survivor","Neutralize+1","Poisoned Stab","Backstab","Escape Plan+1","Terror","Noxious Fumes+1","Backflip+1","Cloak And Dagger","After Image","Sucker Punch+1","Well Laid Plans","PiercingWail+1","Sucker Punch","Night Terror+1","Terror+1","Malaise+1","Dark Shackles+1","Bandage Up+1","Cloak And Dagger+1","Dagger Spray+1","A Thousand Cuts"],"special_seed":0,"relics":["Ring of the Snake","NeowsBlessing","Potion Belt","PreservedInsect","Pear","Black Star","Snake Skull","Omamori","Toxic Egg 2","Paper Crane","Busted Crown","WarpedTongs","Bronze Scales","Happy Flower","Letter Opener"],"potions_floor_usage":[33,33,39,42,47,47,50,50,51],"damage_taken":[{"damage":0.0,"enemies":"2 Louse","floor":1.0,"turns":1.0},{"damage":0.0,"enemies":"3 Sentries","floor":7.0,"turns":1.0},{"damage":0.0,"enemies":"Jaw Worm","floor":8.0,"turns":1.0},{"damage":17.0,"enemies":"Gremlin Nob","floor":11.0,"turns":4.0},{"damage":0.0,"enemies":"Small Slimes","floor":14.0,"turns":3.0},{"damage":20.0,"enemies":"The Guardian","floor":16.0,"turns":11.0},{"damage":6.0,"enemies":"Chosen","floor":18.0,"turns":8.0},{"damage":6.0,"enemies":"Spheric Guardian","floor":20.0,"turns":5.0},{"damage":10.0,"enemies":"Colosseum Slavers","floor":22.0,"turns":3.0},{"damage":29.0,"enemies":"Slavers","floor":24.0,"turns":7.0},{"damage":2.0,"enemies":"Centurion and Healer","floor":27.0,"turns":7.0},{"damage":41.0,"enemies":"3 Cultists","floor":29.0,"turns":6.0},{"damage":7,"enemies":"Chosen and Byrds","floor":31,"turns":9},{"damage":43,"enemies":"Champ","floor":33,"turns":21},{"damage":24,"enemies":"3 Darklings","floor":35,"turns":10},{"damage":0,"enemies":"3 Shapes","floor":38,"turns":7},{"damage":17,"enemies":"Jaw Worm Horde","floor":39,"turns":5},{"damage":2,"enemies":"Nemesis","floor":42,"turns":11},{"damage":0,"enemies":"Maw","floor":44,"turns":8},{"damage":4,"enemies":"Writhing Mass","floor":46,"turns":11},{"damage":42,"enemies":"Transient","floor":47,"turns":6},{"damage":27,"enemies":"Awakened One","floor":50,"turns":23},{"damage":71,"enemies":"Donu and Deca","floor":51,"turns":9}],"seed_played":"2269971743790063760","potions_obtained":[{"floor":7.0,"key":"Swift Potion"},{"floor":8.0,"key":"Swift Potion"},{"floor":14.0,"key":"SkillPotion"},{"floor":18.0,"key":"AttackPotion"},{"floor":24.0,"key":"Swift Potion"},{"floor":27.0,"key":"PowerPotion"},{"floor":38,"key":"GamblersBrew"},{"floor":39,"key":"GhostInAJar"},{"floor":42,"key":"Weak Potion"},{"floor":44,"key":"SkillPotion"},{"floor":46,"key":"SpeedPotion"}],"is_trial":false,"path_per_floor":["M","?","$","?","$","R","E","M","T","?","E","?","R","M","R","B",null,"M","?","M","$","?","?","E","R","T","M","R","M","R","M","R","B",null,"M","?","?","M","M","R","$","E","T","M","R","M","M","$","R","B","B"],"character_chosen":"THE_SILENT","items_purchased":["Backstab","Block Potion","Escape Plan","Snake Skull","Well Laid Plans","SpeedPotion","Bandage Up+1","SteroidPotion","AttackPotion"],"campfire_rested":7,"item_purchase_floors":[3,3,5,21,21,41,41,48,48],"current_hp_per_floor":[59,39,39,39,39,39,39,39,39,39,32,32,32,32,32,12,60,54,54,48,48,38,38,9,31,31,29,51,10,32,25,47,4,58,34,34,34,34,17,39,39,43,43,49,71,73,55,55,76,55,0],"gold":9,"neow_bonus":"THREE_ENEMY_KILL","is_prod":false,"is_daily":false,"chose_seed":false,"campfire_upgraded":3,"win_rate":0,"timestamp":1551955095,"path_taken":["M","?","$","?","?","R","E","M","T","?","E","?","R","?","R","BOSS","M","?","M","$","?","?","E","R","T","M","R","M","R","M","R","BOSS","M","?","?","M","?","R","$","E","T","?","R","M","M","?","R","BOSS","BOSS"],"build_version":"2019-01-23","purchased_purges":1,"victory":false,"max_hp_per_floor":[66,66,66,66,66,66,66,66,66,66,76,76,76,76,76,76,76,76,76,76,76,76,76,76,76,76,76,76,76,76,76,76,76,76,76,76,76,76,76,76,76,76,76,76,76,76,76,76,76,76,76],"card_choices":[{"not_picked":["Blade Dance","Footwork"],"picked":"Poisoned Stab","floor":1.0},{"not_picked":["Dodge and Roll","Outmaneuver"],"picked":"Terror","floor":7.0},{"not_picked":["Infinite Blades","Blade Dance"],"picked":"Noxious Fumes","floor":8.0},{"not_picked":["A Thousand Cuts","Acrobatics"],"picked":"Backflip","floor":11.0},{"not_picked":["Underhanded Strike","Backflip"],"picked":"Cloak And Dagger","floor":14.0},{"not_picked":["Unload","Corpse Explosion"],"picked":"After Image","floor":16.0},{"not_picked":["Bouncing Flask","Quick Slash"],"picked":"Sucker Punch+1","floor":18.0},{"not_picked":["Underhanded Strike","Outmaneuver","Bane"],"picked":"SKIP","floor":20.0},{"not_picked":["Escape Plan+1","Dodge and Roll"],"picked":"PiercingWail+1","floor":24.0},{"not_picked":["Dodge and Roll+1","Dagger Throw"],"picked":"Sucker Punch","floor":27.0},{"not_picked":["Backflip+1","Acrobatics+1"],"picked":"Night Terror+1","floor":29.0},{"not_picked":["Acrobatics+1","Masterful Stab"],"picked":"Terror+1","floor":31},{"not_picked":["Doppelganger+1","After Image"],"picked":"Malaise+1","floor":33},{"not_picked":["Slice"],"picked":"SKIP","floor":35},{"not_picked":[],"picked":"Dark Shackles+1","floor":36},{"not_picked":["Bane"],"picked":"SKIP","floor":38},{"not_picked":["Dagger Throw"],"picked":"SKIP","floor":39},{"not_picked":[],"picked":"Cloak And Dagger+1","floor":42},{"not_picked":[],"picked":"Dagger Spray+1","floor":44},{"not_picked":["Sucker Punch"],"picked":"SKIP","floor":46},{"not_picked":["Sucker Punch"],"picked":"SKIP","floor":46},{"not_picked":[],"picked":"A Thousand Cuts","floor":47}],"player_experience":640639,"relics_obtained":[{"floor":7.0,"key":"Potion Belt"},{"floor":9.0,"key":"PreservedInsect"},{"floor":11.0,"key":"Pear"},{"floor":24.0,"key":"Omamori"},{"floor":24.0,"key":"Toxic Egg 2"},{"floor":26.0,"key":"Paper Crane"},{"floor":42,"key":"Bronze Scales"},{"floor":42,"key":"Happy Flower"},{"floor":43,"key":"Letter Opener"}],"event_choices":[{"damage_healed":0.0,"max_hp_gain":0.0,"max_hp_loss":0.0,"gold_gain":0.0,"event_name":"Shining Light","player_choice":"Entered Light","floor":2.0,"gold_loss":0.0,"damage_taken":20.0,"cards_upgraded":["Defend_G","Defend_G"]},{"damage_healed":0.0,"max_hp_gain":0.0,"max_hp_loss":0.0,"gold_gain":66.0,"event_name":"Golden Wing","player_choice":"Gained Gold","floor":4.0,"gold_loss":0.0,"damage_taken":0.0},{"damage_healed":0.0,"max_hp_gain":0.0,"max_hp_loss":0.0,"gold_gain":0.0,"event_name":"Liars Game","player_choice":"Ignored","floor":10.0,"gold_loss":0.0,"damage_taken":0.0},{"damage_healed":0.0,"max_hp_gain":0.0,"max_hp_loss":0.0,"gold_gain":0.0,"event_name":"Living Wall","player_choice":"Grow","floor":12.0,"gold_loss":0.0,"damage_taken":0.0,"cards_upgraded":["Noxious Fumes"]},{"damage_healed":0.0,"max_hp_gain":0.0,"max_hp_loss":0.0,"gold_gain":0.0,"event_name":"Cursed Tome","player_choice":"Ignored","floor":19.0,"gold_loss":0.0,"damage_taken":0.0},{"damage_healed":0.0,"max_hp_gain":0.0,"max_hp_loss":0.0,"gold_gain":0.0,"event_name":"Colosseum","player_choice":"Fight","floor":22.0,"gold_loss":0.0,"damage_taken":0.0},{"damage_healed":0.0,"max_hp_gain":0.0,"max_hp_loss":0.0,"gold_gain":0.0,"event_name":"Colosseum","player_choice":"Fled From Nobs","floor":22.0,"gold_loss":0.0,"damage_taken":0.0},{"damage_healed":0.0,"max_hp_gain":0.0,"max_hp_loss":0.0,"gold_gain":50.0,"event_name":"Nest","player_choice":"Stole From Cult","floor":23.0,"gold_loss":0.0,"damage_taken":0.0},{"damage_healed":0,"gold_gain":0,"player_choice":"Memory 1","damage_taken":0,"max_hp_gain":0,"max_hp_loss":0,"event_name":"SensoryStone","floor":36,"gold_loss":0},{"damage_healed":0,"gold_gain":0,"player_choice":"Rummage","damage_taken":0,"relics_obtained":["WarpedTongs"],"max_hp_gain":0,"max_hp_loss":0,"event_name":"Accursed Blacksmith","floor":37,"gold_loss":0,"cards_obtained":["Pain"]}],"is_beta":false,"boss_relics":[{"not_picked":["Fusion Hammer","Lizard Tail"],"picked":"Black Star"},{"not_picked":["Philosopher\u0027s Stone","Astrolabe"],"picked":"Busted Crown"}],"items_purged_floors":[41],"is_endless":false,"potions_floor_spawned":[7,8,14,18,24,27,38,39,42,44,46],"killed_by":"Donu and Deca","ascension_level":20}