{"gold_per_floor":[117,192,192,205,205,205,240,240,267,301,313,345,345,52,52,154,154,168,168,185,185,197,197,210,210,210,241,241,266,288,331,343,459,471,500,512,538,563,593,605,302,302,382,382,392,417,84,117,117,117],"floor_reached":50,"playtime":3436,"items_purged":["Normality"],"score":836,"play_id":"37ffe1a5-a12a-4c5a-9de5-8ce8fd0d904e","local_time":"20180804012707","is_ascension_mode":true,"campfire_choices":[{"floor":6,"key":"REST"},{"data":"Bash","floor":8,"key":"SMITH"},{"data":"Blood for Blood","floor":13,"key":"SMITH"},{"data":"Metallicize","floor":15,"key":"SMITH"},{"data":"Immolate","floor":23,"key":"SMITH"},{"data":"Bite","floor":25,"key":"SMITH"},{"data":"Bite","floor":28,"key":"SMITH"},{"data":"Feed","floor":32,"key":"SMITH"},{"data":"Barricade","floor":40,"key":"SMITH"},{"data":"Bite","floor":42,"key":"SMITH"},{"data":"Bite","floor":44,"key":"SMITH"},{"floor":49,"key":"REST"}],"neow_cost":"NONE","seed_source_timestamp":382253218858430,"circlet_count":0,"master_deck":["Defend_R+1","Defend_R","Defend_R","Defend_R+1","Bash+1","Rupture+1","Combust+1","Metallicize+1","Flex+1","Blood for Blood+1","Immolate+1","Shrug It Off+1","Bite+1","Bite+1","Bite+1","Bite+1","Bite+1","Decay","Shockwave+1","Entrench+1","Feed+1","Offering+1","Ghostly Armor+1","Barricade+1","Trip+1","Limit Break+1","Rupture+1","Fire Breathing+1","Master of Strategy+1","Battle Trance+1"],"relics":["Black Blood","Toxic Egg 2","Anchor","Torii","War Paint","Mango","Cursed Key","Pen Nib","Dead Branch","MawBank","Bronze Scales","Strawberry","Tiny Chest","Mummified Hand","Whetstone"],"potions_floor_usage":[10,22,24,27,35,35,45,46,48],"damage_taken":[{"damage":3,"enemies":"2 Louse","floor":1,"turns":3},{"damage":7,"enemies":"Jaw Worm","floor":4,"turns":4},{"damage":20,"enemies":"3 Sentries","floor":7,"turns":5},{"damage":12,"enemies":"Lagavulin","floor":10,"turns":6},{"damage":2,"enemies":"Cultist","floor":11,"turns":3},{"damage":20,"enemies":"3 Sentries","floor":12,"turns":5},{"damage":4,"enemies":"Slime Boss","floor":16,"turns":6},{"damage":1,"enemies":"Chosen","floor":18,"turns":3},{"damage":8,"enemies":"Spheric Guardian","floor":20,"turns":3},{"damage":3,"enemies":"Centurion and Healer","floor":22,"turns":4},{"damage":12,"enemies":"Snecko","floor":24,"turns":4},{"damage":29,"enemies":"Gremlin Leader","floor":27,"turns":7},{"damage":19,"enemies":"Book of Stabbing","floor":29,"turns":5},{"damage":2,"enemies":"Chosen and Byrds","floor":30,"turns":4},{"damage":3,"enemies":"Gremlin Leader","floor":31,"turns":5},{"damage":52,"enemies":"Collector","floor":33,"turns":8},{"damage":0,"enemies":"Flame Bruiser 1 Orb","floor":35,"turns":3},{"damage":7,"enemies":"Orb Walker","floor":37,"turns":2},{"damage":0,"enemies":"3 Darklings","floor":38,"turns":2},{"damage":11,"enemies":"Transient","floor":39,"turns":5},{"damage":19,"enemies":"Sphere and 2 Shapes","floor":45,"turns":3},{"damage":50,"enemies":"2 Orb Walkers","floor":46,"turns":5},{"damage":19,"enemies":"Nemesis","floor":48,"turns":3},{"damage":146,"enemies":"Awakened One","floor":50,"turns":8}],"seed_played":"-3041108232577611150","potions_obtained":[{"floor":1,"key":"BloodPotion"},{"floor":4,"key":"Block Potion"},{"floor":11,"key":"Block Potion"},{"floor":18,"key":"Fire Potion"},{"floor":22,"key":"SteroidPotion"},{"floor":29,"key":"SteroidPotion"},{"floor":33,"key":"SkillPotion"},{"floor":35,"key":"Ancient Potion"},{"floor":45,"key":"SteroidPotion"},{"floor":46,"key":"FairyPotion"}],"is_trial":false,"path_per_floor":["M","?","?","M","?","R","E","R","T","E","M","E","R","$","R","B",null,"M","?","M","?","M","R","M","R","T","E","R","E","M","E","R","B",null,"M","?","M","M","M","R","$","R","T","R","M","E","$","E","R"],"character_chosen":"IRONCLAD","items_purchased":["Mango","Strawberry","Limit Break+1","FairyPotion","Master of Strategy+1","Battle Trance+1"],"campfire_rested":2,"item_purchase_floors":[14,41,41,41,47,47],"current_hp_per_floor":[88,77,77,76,58,84,70,70,70,64,68,54,54,68,68,70,102,102,102,100,71,71,71,71,71,71,59,59,57,71,71,71,41,75,75,75,79,79,79,79,86,86,86,86,77,53,53,49,74,0],"gold":117,"neow_bonus":"TEN_PERCENT_HP_BONUS","is_prod":false,"is_daily":false,"chose_seed":false,"campfire_upgraded":10,"win_rate":0,"timestamp":1533335227,"path_taken":["M","?","?","M","?","R","E","R","T","E","?","E","R","?","R","BOSS","M","?","M","?","M","R","M","R","T","E","R","E","M","E","R","BOSS","M","?","M","?","M","R","$","R","T","R","M","E","$","E","R","BOSS"],"build_version":"2018-08-02","purchased_purges":1,"victory":false,"max_hp_per_floor":[88,88,88,88,88,88,88,88,88,88,88,88,88,102,102,102,102,102,102,102,71,71,71,71,71,71,71,71,71,71,71,71,75,75,75,75,79,79,79,79,86,86,86,86,86,86,86,86,86,90],"card_choices":[{"not_picked":["Hemokinesis","Wild Strike"],"picked":"Rupture","floor":1},{"not_picked":["Iron Wave","Power Through"],"picked":"Combust","floor":4},{"not_picked":["Warcry","Uppercut","Clothesline"],"picked":"SKIP","floor":7},{"not_picked":["Cleave","Feel No Pain"],"picked":"Metallicize","floor":10},{"not_picked":["Feel No Pain","Headbutt"],"picked":"Flex+1","floor":11},{"not_picked":["Dual Wield+1","Anger"],"picked":"Blood for Blood","floor":12},{"not_picked":["Impervious+1","Feed"],"picked":"Immolate","floor":16},{"not_picked":["Warcry+1","Cleave","Clothesline"],"picked":"SKIP","floor":18},{"not_picked":["Sword Boomerang","Fire Breathing"],"picked":"Shrug It Off+1","floor":20},{"not_picked":["Cleave","Shrug It Off+1","Rampage"],"picked":"SKIP","floor":22},{"not_picked":["Dual Wield+1","Carnage","Uppercut"],"picked":"SKIP","floor":24},{"not_picked":["Havoc+1","Wild Strike"],"picked":"Shockwave+1","floor":27},{"not_picked":["Perfected Strike+1","Pommel Strike"],"picked":"Entrench+1","floor":29},{"not_picked":["Clash","Intimidate+1","Entrench+1"],"picked":"SKIP","floor":30},{"not_picked":["Flame Barrier+1","Dropkick+1"],"picked":"Feed","floor":31},{"not_picked":["Demon Form","Dark Embrace"],"picked":"Offering+1","floor":33},{"not_picked":["Thunderclap","Twin Strike"],"picked":"Ghostly Armor+1","floor":35},{"not_picked":["Combust","True Grit+1","Thunderclap+1"],"picked":"SKIP","floor":37},{"not_picked":["Anger+1","Body Slam+1","True Grit+1"],"picked":"SKIP","floor":38},{"not_picked":["Sentinel+1","Cleave+1","Shockwave+1"],"picked":"SKIP","floor":39},{"not_picked":["Shrug It Off+1","Iron Wave+1"],"picked":"Rupture+1","floor":45},{"not_picked":["Thunderclap","Second Wind+1"],"picked":"Fire Breathing+1","floor":46},{"not_picked":["Armaments+1","Anger+1","Entrench+1"],"picked":"SKIP","floor":48}],"player_experience":171500,"relics_obtained":[{"floor":7,"key":"Toxic Egg 2"},{"floor":9,"key":"Anchor"},{"floor":10,"key":"Torii"},{"floor":12,"key":"War Paint"},{"floor":26,"key":"Pen Nib"},{"floor":27,"key":"Dead Branch"},{"floor":29,"key":"MawBank"},{"floor":31,"key":"Bronze Scales"},{"floor":43,"key":"Tiny Chest"},{"floor":46,"key":"Mummified Hand"},{"floor":48,"key":"Whetstone"}],"event_choices":[{"event_name":"World of Goop","player_choice":"Gather Gold","floor":2,"damage_taken":0},{"event_name":"Liars Game","player_choice":"disagreed","floor":3,"damage_taken":0},{"event_name":"Shining Light","player_choice":"Entered Light","floor":5,"damage_taken":0},{"event_name":"The Woman in Blue","player_choice":"Bought 0 Potions","floor":19,"damage_taken":0},{"event_name":"Vampires","player_choice":"Became a vampire","floor":21,"damage_taken":0},{"event_name":"Match and Keep!","player_choice":"2 cards matched","floor":36,"damage_taken":0}],"is_beta":false,"boss_relics":[{"not_picked":["Tiny House","Busted Crown"],"picked":"Cursed Key"},{"not_picked":["Astrolabe","Eternal Feather"],"picked":"Black Blood"}],"items_purged_floors":[47],"is_endless":false,"potions_floor_spawned":[1,4,11,18,22,29,33,35,45,46],"killed_by":"Awakened One","ascension_level":4}