{"gold_per_floor":[117,135,155,169,180,205,205,218,292,310,337,363,392,422,434,543,555,578,590,230,247,267,267,282,282,354,4,4,4],"floor_reached":29,"playtime":4070,"items_purged":["Writhe"],"score":268,"play_id":"dd396f09-b27c-4edc-8f26-c123653e8c58","local_time":"20190127222223","is_ascension_mode":false,"campfire_choices":[{"data":"Outmaneuver","floor":7.0,"key":"SMITH"},{"floor":15.0,"key":"REST"},{"floor":23,"key":"REST"},{"data":"Metamorphosis","floor":25,"key":"SMITH"}],"neow_cost":"NONE","seed_source_timestamp":0,"circlet_count":0,"master_deck":["Defend_G","Defend_G","Defend_G","Defend_G","Defend_G","Strike_G","Strike_G","Strike_G","Strike_G","Strike_G","Survivor","Neutralize","Leg Sweep","Outmaneuver+1","Well Laid Plans","Deflect","Finisher","Flying Knee","Choke","Flechettes","Footwork","Slice","Underhanded Strike","Wraith Form v2","Acrobatics","Glass Knife","Tactician","Noxious Fumes","Metamorphosis+1","Slice","Poisoned Stab+1","Predator","Deflect","Heel Hook","Doubt","Escape Plan+1","Poisoned Stab"],"special_seed":0,"relics":["Ring of the Snake","Dream Catcher","Gremlin Horn","Sundial","MawBank","Cursed Key","Tingsha","Toxic Egg 2","Bottled Tornado"],"potions_floor_usage":[24,29],"damage_taken":[{"damage":0.0,"enemies":"Small Slimes","floor":1.0,"turns":4.0},{"damage":0.0,"enemies":"Jaw Worm","floor":2.0,"turns":8.0},{"damage":7.0,"enemies":"2 Louse","floor":3.0,"turns":4.0},{"damage":9.0,"enemies":"Exordium Thugs","floor":4.0,"turns":10.0},{"damage":0.0,"enemies":"3 Louse","floor":5.0,"turns":4.0},{"damage":14.0,"enemies":"Gremlin Nob","floor":6.0,"turns":5.0},{"damage":6.0,"enemies":"2 Fungi Beasts","floor":8.0,"turns":6.0},{"damage":0.0,"enemies":"Lots of Slimes","floor":10.0,"turns":3.0},{"damage":17.0,"enemies":"Lagavulin","floor":11.0,"turns":8.0},{"damage":3.0,"enemies":"Looter","floor":12.0,"turns":4.0},{"damage":0.0,"enemies":"Gremlin Gang","floor":13.0,"turns":5.0},{"damage":0.0,"enemies":"Blue Slaver","floor":14.0,"turns":4.0},{"damage":31.0,"enemies":"Slime Boss","floor":16.0,"turns":15.0},{"damage":2.0,"enemies":"Shell Parasite","floor":18.0,"turns":7.0},{"damage":12.0,"enemies":"Chosen","floor":21.0,"turns":6.0},{"damage":30,"enemies":"Snecko","floor":22,"turns":5},{"damage":3,"enemies":"Chosen and Byrds","floor":24,"turns":6},{"damage":54,"enemies":"Slavers","floor":29,"turns":4}],"seed_played":"-6133521546815225657","potions_obtained":[{"floor":1.0,"key":"SkillPotion"},{"floor":2.0,"key":"Explosive Potion"},{"floor":5.0,"key":"AttackPotion"},{"floor":6.0,"key":"Weak Potion"},{"floor":11.0,"key":"Dexterity Potion"},{"floor":13.0,"key":"Block Potion"},{"floor":14.0,"key":"AttackPotion"},{"floor":18.0,"key":"Fire Potion"},{"floor":22,"key":"Explosive Potion"}],"is_trial":false,"path_per_floor":["M","M","M","M","M","E","R","M","T","M","E","M","M","M","R","B",null,"M","?","$","M","M","R","M","R","T","$","?","E"],"character_chosen":"THE_SILENT","items_purchased":["Noxious Fumes","Metamorphosis","Slice","Escape Plan+1","Bottled Tornado","Poisoned Stab"],"campfire_rested":2,"item_purchase_floors":[20,20,20,27,27,27],"current_hp_per_floor":[70,70,63,54,54,40,40,34,34,34,17,14,14,14,35,4,70,68,68,68,56,26,47,44,44,44,44,44,0],"gold":4,"neow_bonus":"RANDOM_COMMON_RELIC","is_prod":false,"is_daily":false,"chose_seed":false,"campfire_upgraded":2,"win_rate":0,"timestamp":1548624143,"path_taken":["M","M","M","M","M","E","R","M","T","M","E","M","M","M","R","BOSS","M","?","$","M","M","R","M","R","T","$","?","E"],"build_version":"2019-01-23","purchased_purges":1,"victory":false,"max_hp_per_floor":[70,70,70,70,70,70,70,70,70,70,70,70,70,70,70,70,70,70,70,70,70,70,70,70,70,70,70,70,70],"card_choices":[{"not_picked":["Crippling Poison","Underhanded Strike"],"picked":"Leg Sweep","floor":1.0},{"not_picked":["Caltrops","Deadly Poison"],"picked":"Outmaneuver","floor":2.0},{"not_picked":["Outmaneuver","Dodge and Roll"],"picked":"Well Laid Plans","floor":3.0},{"not_picked":["Crippling Poison","Leg Sweep"],"picked":"Deflect","floor":4.0},{"not_picked":["Tactician","Catalyst"],"picked":"Finisher","floor":5.0},{"not_picked":["Crippling Poison","Escape Plan"],"picked":"Flying Knee","floor":6.0},{"not_picked":["Poisoned Stab","Masterful Stab"],"picked":"Choke","floor":8.0},{"not_picked":["Deadly Poison","Well Laid Plans"],"picked":"Flechettes","floor":10.0},{"not_picked":["Caltrops","Expertise"],"picked":"Footwork","floor":11.0},{"not_picked":["Crippling Poison","Sucker Punch"],"picked":"Slice","floor":12.0},{"not_picked":["Sucker Punch","Poisoned Stab"],"picked":"Underhanded Strike","floor":13.0},{"not_picked":["Deadly Poison","Flechettes"],"picked":"Wraith Form v2","floor":14.0},{"not_picked":["Prepared","Quick Slash"],"picked":"Acrobatics","floor":15.0},{"not_picked":["Malaise","Night Terror"],"picked":"Glass Knife","floor":16.0},{"not_picked":["Dagger Spray+1","Flying Knee"],"picked":"Tactician","floor":18.0},{"not_picked":["Distraction","Deadly Poison"],"picked":"Poisoned Stab+1","floor":21},{"not_picked":["Sucker Punch","Prepared"],"picked":"Predator","floor":22},{"not_picked":["Sucker Punch","Outmaneuver"],"picked":"Deflect","floor":23},{"not_picked":["Backflip","Underhanded Strike"],"picked":"Heel Hook","floor":24}],"player_experience":40427,"relics_obtained":[{"floor":6.0,"key":"Gremlin Horn"},{"floor":9.0,"key":"Sundial"},{"floor":11.0,"key":"MawBank"},{"floor":26,"key":"Toxic Egg 2"}],"event_choices":[{"damage_healed":0.0,"max_hp_gain":0.0,"max_hp_loss":0.0,"gold_gain":0.0,"event_name":"The Mausoleum","player_choice":"Opened","floor":19.0,"gold_loss":0.0,"damage_taken":0.0,"relics_obtained":["Tingsha"],"cards_obtained":["Writhe"]}],"is_beta":false,"boss_relics":[{"not_picked":["Sozu","Snecko Eye"],"picked":"Cursed Key"}],"items_purged_floors":[20],"is_endless":false,"potions_floor_spawned":[1,2,5,6,11,13,14,18,22],"killed_by":"Slavers","ascension_level":0}