{"gold_per_floor":[119,138,148,160,175,175,206,219,273,120,120,150,150,170,170,266,266,284,284,304,318,336,336,369,369,447,460,486,514,534,553,553,553],"floor_reached":33,"playtime":2424,"items_purged":["Strike_R"],"score":348,"play_id":"a7d378e8-d366-4c69-b68d-3154b8c6158b","local_time":"20181030204056","is_ascension_mode":true,"campfire_choices":[{"floor":6,"key":"REST"},{"floor":11,"key":"REST"},{"floor":13,"key":"REST"},{"data":"Spot Weakness","floor":15,"key":"SMITH"},{"floor":23,"key":"REST"},{"floor":25,"key":"REST"},{"floor":32,"key":"REST"}],"neow_cost":"NONE","seed_source_timestamp":979592988316072,"circlet_count":0,"master_deck":["Strike_R","Strike_R","Strike_R","Strike_R","Defend_R","Defend_R","Defend_R","Defend_R","Bash","Pommel Strike","Armaments","Burning Pact","Second Wind","Immolate","Pommel Strike","Iron Wave","Spot Weakness+1","True Grit","Shrug It Off","Inflame","Clothesline","Disarm","Impervious","Heavy Blade","Uppercut","Spot Weakness","Battle Trance+1"],"relics":["Orrery","Regal Pillow","Centennial Puzzle","Matryoshka","Fusion Hammer","Bottled Tornado","Bronze Scales","Sundial","Mummified Hand","Red Mask"],"potions_floor_usage":[7,7,7,24,24,24,30,33,33,33],"damage_taken":[{"damage":19,"enemies":"Small Slimes","floor":1,"turns":5},{"damage":11,"enemies":"Cultist","floor":2,"turns":4},{"damage":7,"enemies":"Jaw Worm","floor":3,"turns":3},{"damage":6,"enemies":"3 Louse","floor":4,"turns":2},{"damage":9,"enemies":"Red Slaver","floor":5,"turns":4},{"damage":28,"enemies":"Lagavulin","floor":7,"turns":9},{"damage":20,"enemies":"Gremlin Gang","floor":8,"turns":4},{"damage":32,"enemies":"Gremlin Nob","floor":12,"turns":4},{"damage":0,"enemies":"2 Fungi Beasts","floor":14,"turns":3},{"damage":59,"enemies":"Hexaghost","floor":16,"turns":15},{"damage":2,"enemies":"Chosen","floor":18,"turns":5},{"damage":19,"enemies":"Spheric Guardian","floor":20,"turns":4},{"damage":19,"enemies":"Snake Plant","floor":21,"turns":6},{"damage":28,"enemies":"Shelled Parasite and Fungi","floor":22,"turns":6},{"damage":25,"enemies":"Slavers","floor":24,"turns":5},{"damage":13,"enemies":"Cultist and Chosen","floor":27,"turns":6},{"damage":34,"enemies":"Book of Stabbing","floor":28,"turns":5},{"damage":11,"enemies":"Masked Bandits","floor":29,"turns":3},{"damage":1,"enemies":"Centurion and Healer","floor":30,"turns":4},{"damage":0,"enemies":"Snake Plant","floor":31,"turns":3},{"damage":54,"enemies":"Collector","floor":33,"turns":7}],"seed_played":"-4907646414747713064","potions_obtained":[{"floor":3,"key":"SkillPotion"},{"floor":4,"key":"Regen Potion"},{"floor":5,"key":"Dexterity Potion"},{"floor":12,"key":"Swift Potion"},{"floor":16,"key":"Dexterity Potion"},{"floor":20,"key":"Poison Potion"},{"floor":22,"key":"AttackPotion"},{"floor":29,"key":"EntropicBrew"}],"is_trial":false,"path_per_floor":["M","M","M","M","M","R","E","M","T","$","R","E","R","M","R","B",null,"M","?","M","M","M","R","E","R","T","M","E","?","M","M","R"],"character_chosen":"IRONCLAD","items_purchased":["Inflame"],"campfire_rested":6,"item_purchase_floors":[10],"current_hp_per_floor":[61,50,43,37,28,52,38,18,18,18,57,25,64,64,64,5,80,78,80,61,42,14,53,28,67,67,54,20,9,8,8,47,0],"gold":553,"neow_bonus":"BOSS_RELIC","is_prod":false,"is_daily":false,"chose_seed":false,"campfire_upgraded":1,"win_rate":0,"timestamp":1540950056,"path_taken":["M","M","M","M","M","R","E","M","T","$","R","E","R","M","R","BOSS","M","?","M","M","M","R","E","R","T","M","E","?","M","M","R","BOSS"],"build_version":"2018-10-25v2","purchased_purges":1,"victory":false,"max_hp_per_floor":[80,80,80,80,80,80,80,80,80,80,80,80,80,80,80,80,80,80,80,80,80,80,80,80,80,80,80,80,80,80,80,80,80],"card_choices":[{"not_picked":["Pummel","Body Slam"],"picked":"Pommel Strike","floor":0},{"not_picked":["Perfected Strike","Rupture"],"picked":"Armaments","floor":0},{"not_picked":["Armaments","Twin Strike"],"picked":"Havoc","floor":0},{"not_picked":["Body Slam","Evolve"],"picked":"Burning Pact","floor":0},{"not_picked":["Havoc","Warcry"],"picked":"Second Wind","floor":0},{"not_picked":["Iron Wave","Rage"],"picked":"Immolate","floor":1},{"not_picked":["Havoc","Warcry","Wild Strike"],"picked":"SKIP","floor":2},{"not_picked":["True Grit","Heavy Blade"],"picked":"Pommel Strike","floor":3},{"not_picked":["Feel No Pain","Cleave"],"picked":"Iron Wave","floor":4},{"not_picked":["Pommel Strike","Twin Strike"],"picked":"Spot Weakness","floor":5},{"not_picked":["Clash","Flex"],"picked":"True Grit","floor":7},{"not_picked":["Flex","Dual Wield"],"picked":"Shrug It Off","floor":8},{"not_picked":["Corruption","Sentinel"],"picked":"Clothesline","floor":12},{"not_picked":["Feel No Pain","Cleave"],"picked":"Disarm","floor":14},{"not_picked":["Barricade","Exhume"],"picked":"Impervious","floor":16},{"not_picked":["Clothesline","Shrug It Off"],"picked":"Heavy Blade","floor":18},{"not_picked":["Dropkick","Perfected Strike+1"],"picked":"Uppercut","floor":20},{"not_picked":["Wild Strike","Anger","Rage"],"picked":"SKIP","floor":21},{"not_picked":["Carnage","Havoc"],"picked":"Spot Weakness","floor":22},{"not_picked":["Headbutt","Perfected Strike","Cleave"],"picked":"SKIP","floor":24},{"not_picked":["Cleave","Intimidate","Body Slam"],"picked":"SKIP","floor":27},{"not_picked":["Sever Soul","Warcry","Whirlwind"],"picked":"SKIP","floor":28},{"not_picked":["Bludgeon","Burning Pact"],"picked":"Battle Trance+1","floor":30},{"not_picked":["Twin Strike","Thunderclap","Evolve"],"picked":"SKIP","floor":31}],"player_experience":143760,"relics_obtained":[{"floor":7,"key":"Regal Pillow"},{"floor":9,"key":"Centennial Puzzle"},{"floor":12,"key":"Matryoshka"},{"floor":24,"key":"Bottled Tornado"},{"floor":26,"key":"Bronze Scales"},{"floor":26,"key":"Sundial"},{"floor":28,"key":"Mummified Hand"},{"floor":29,"key":"Red Mask"}],"event_choices":[{"cards_removed":["Havoc"],"damage_healed":5,"gold_gain":0,"player_choice":"Offered Common","damage_taken":0,"max_hp_gain":0,"max_hp_loss":0,"event_name":"Bonfire Elementals","floor":19,"gold_loss":0},{"cards_removed":["Havoc"],"damage_healed":5,"gold_gain":0,"player_choice":"Offered Special","damage_taken":0,"max_hp_gain":0,"max_hp_loss":0,"event_name":"Bonfire Elementals","floor":19,"gold_loss":0},{"damage_healed":0,"gold_gain":0,"player_choice":"Fought Bandits","damage_taken":0,"max_hp_gain":0,"max_hp_loss":0,"event_name":"Masked Bandits","floor":29,"gold_loss":0}],"is_beta":false,"boss_relics":[{"not_picked":["Eternal Feather","Philosopher\u0027s Stone"],"picked":"Fusion Hammer"}],"items_purged_floors":[10],"is_endless":false,"potions_floor_spawned":[3,4,5,12,16,20,22,29,31],"killed_by":"Collector","ascension_level":3}