{"path_per_floor":["M","M","M","M","?","R","E","$","T","E","$","R","M","M","R","B",null,"M","M","?","$","?","R","M","M","T","R","$","?","R","M","R","B",null,"M","?","?","M","M","R","$","R","T","R","M","M","M","$","R","B"],"character_chosen":"IRONCLAD","items_purchased":["Corruption","Perfected Strike","Shrug It Off","Shrug It Off","Impervious","Perfected Strike"],"gold_per_floor":[115,131,151,165,165,165,194,118,118,147,73,73,86,100,100,201,201,219,237,237,112,112,112,122,133,160,160,4,4,4,19,19,123,123,142,142,142,162,182,182,182,182,182,182,199,199,209,159,159,159],"floor_reached":51,"campfire_rested":0,"playtime":2128,"current_hp_per_floor":[76,80,80,74,71,71,51,51,51,39,39,39,57,63,63,48,72,75,80,80,80,80,80,80,80,80,80,80,65,65,71,71,78,83,85,74,74,77,78,78,78,78,78,78,84,85,70,70,70,76],"items_purged":["Defend_R"],"gold":159,"score":897,"play_id":"a60fffd0-5c78-4e97-9542-05cf281cfcaf","local_time":"20180518155036","is_prod":false,"is_daily":false,"chose_seed":false,"is_ascension_mode":true,"campfire_upgraded":11,"timestamp":1526673036,"campfire_choices":[{"data":"Thunderclap","floor":6,"key":"SMITH"},{"data":"Perfected Strike","floor":12,"key":"SMITH"},{"data":"Perfected Strike","floor":15,"key":"SMITH"},{"data":"Perfected Strike","floor":23,"key":"SMITH"},{"data":"Shrug It Off","floor":27,"key":"SMITH"},{"data":"Shrug It Off","floor":30,"key":"SMITH"},{"data":"Shrug It Off","floor":32,"key":"SMITH"},{"data":"Madness","floor":40,"key":"SMITH"},{"data":"Demon Form","floor":42,"key":"SMITH"},{"data":"Bash","floor":44,"key":"SMITH"},{"data":"Impervious","floor":49,"key":"SMITH"}],"path_taken":["M","M","M","M","?","R","E","?","T","E","$","R","M","M","R","BOSS","M","M","?","$","?","R","M","M","T","R","$","?","R","M","R","BOSS","M","?","?","?","M","R","?","R","T","R","?","M","M","$","R","BOSS"],"build_version":"2018-05-17","seed_source_timestamp":814177633847848,"purchased_purges":5,"victory":true,"master_deck":["Strike_R+1","Strike_R+1","Strike_R+1","Strike_R+1","Strike_R+1","Defend_R+1","Defend_R+1","Defend_R+1","Bash+1","Wild Strike","Cleave","Thunderclap+1","Shrug It Off+1","Perfected Strike+1","Corruption","Wild Strike","Perfected Strike+1","Shrug It Off+1","Brutality","Perfected Strike+1","Demon Form+1","Shrug It Off+1","Headbutt","True Grit+1","Impervious+1","Dark Embrace","Rage+1","Madness","Madness+1","Purity","Dual Wield+1","Perfected Strike"],"max_hp_per_floor":[80,80,80,80,80,80,80,80,80,80,80,80,80,80,80,80,80,80,80,80,80,80,80,80,80,80,80,80,85,85,85,85,85,85,85,85,85,85,85,85,85,85,85,85,85,85,85,85,85,85],"relics":["Burning Blood","Lantern","Dead Branch","Meat on the Bone","Paper Frog","Matryoshka","Snecko Eye","Pantograph","Happy Flower","Cursed Key"],"card_choices":[{"not_picked":["Twin Strike","Flex"],"picked":"Wild Strike","floor":1},{"not_picked":["Pommel Strike","Combust"],"picked":"Cleave","floor":2},{"not_picked":["Armaments","Warcry"],"picked":"Thunderclap","floor":3},{"not_picked":["Sword Boomerang","Pummel"],"picked":"Shrug It Off","floor":4},{"not_picked":["Dropkick","Inflame"],"picked":"Perfected Strike","floor":7},{"not_picked":["Infernal Blade","Rupture"],"picked":"Wild Strike","floor":10},{"not_picked":["Bloodletting","Dual Wield"],"picked":"Brutality","floor":13},{"not_picked":["Pommel Strike","Cleave"],"picked":"Perfected Strike","floor":14},{"not_picked":["Berserk","Exhume"],"picked":"Demon Form","floor":16},{"not_picked":["Body Slam","True Grit","Anger"],"picked":"SKIP","floor":18},{"not_picked":["Havoc","Clash","Uppercut"],"picked":"SKIP","floor":19},{"not_picked":["True Grit","Dropkick"],"picked":"Headbutt","floor":24},{"not_picked":["Combust","Heavy Blade"],"picked":"True Grit+1","floor":25},{"not_picked":["Havoc","Clash","Fire Breathing+1"],"picked":"SKIP","floor":31},{"not_picked":["Limit Break","Fiend Fire"],"picked":"Dark Embrace","floor":33},{"not_picked":["Spot Weakness","Cleave"],"picked":"Rage+1","floor":35},{"not_picked":["Dark Shackles","Dramatic Entrance"],"picked":"Purity","floor":37},{"not_picked":["Armaments","Twin Strike+1"],"picked":"Dual Wield+1","floor":38},{"not_picked":["Spot Weakness","Clash","Pommel Strike+1"],"picked":"SKIP","floor":39},{"not_picked":["Fire Breathing+1","Flex","Cleave"],"picked":"SKIP","floor":45},{"not_picked":["Heavy Blade+1","Pummel","Armaments+1"],"picked":"SKIP","floor":47}],"player_experience":186547,"potions_floor_usage":[10,16,33,33,46,50,50,50],"damage_taken":[{"damage":2,"enemies":"Jaw Worm","floor":1,"turns":3},{"damage":0,"enemies":"2 Louse","floor":2,"turns":2},{"damage":0,"enemies":"Cultist","floor":3,"turns":2},{"damage":12,"enemies":"Exordium Thugs","floor":4,"turns":3},{"damage":26,"enemies":"Gremlin Nob","floor":7,"turns":4},{"damage":30,"enemies":"Lagavulin","floor":10,"turns":4},{"damage":0,"enemies":"Looter","floor":13,"turns":2},{"damage":0,"enemies":"3 Louse","floor":14,"turns":3},{"damage":33,"enemies":"Hexaghost","floor":16,"turns":6},{"damage":3,"enemies":"2 Thieves","floor":18,"turns":2},{"damage":0,"enemies":"3 Byrds","floor":19,"turns":4},{"damage":0,"enemies":"Snecko","floor":24,"turns":1},{"damage":0,"enemies":"Centurion and Healer","floor":25,"turns":3},{"damage":0,"enemies":"Slaver and Parasite","floor":31,"turns":2},{"damage":13,"enemies":"Automaton","floor":33,"turns":7},{"damage":0,"enemies":"3 Shapes","floor":35,"turns":4},{"damage":3,"enemies":"Flame Bruiser 1 Orb","floor":38,"turns":3},{"damage":5,"enemies":"3 Darklings","floor":39,"turns":3},{"damage":0,"enemies":"Spire Growth","floor":45,"turns":2},{"damage":0,"enemies":"4 Shapes","floor":46,"turns":1},{"damage":21,"enemies":"Maw","floor":47,"turns":6},{"damage":23,"enemies":"Time Eater","floor":50,"turns":5}],"relics_obtained":[{"floor":7,"key":"Meat on the Bone"},{"floor":9,"key":"Paper Frog"},{"floor":10,"key":"Matryoshka"},{"floor":26,"key":"Pantograph"},{"floor":26,"key":"Happy Flower"}],"event_choices":[{"event_name":"Scrap Ooze","player_choice":"success","floor":5,"damage_taken":3},{"event_name":"The Mausoleum","player_choice":"No","floor":20,"damage_taken":0},{"event_name":"Back to Basics","player_choice":"Simplicity","floor":22,"damage_taken":0},{"event_name":"Forgotten Altar","player_choice":"Shed Blood","floor":29,"damage_taken":0},{"event_name":"Winding Halls","player_choice":"Embrace Madness","floor":36,"damage_taken":0},{"event_name":"SensoryStone","player_choice":"Memory 1","floor":37,"damage_taken":0}],"boss_relics":[{"not_picked":["Black Blood","Calling Bell"],"picked":"Snecko Eye"},{"not_picked":["Velvet Choker","Eternal Feather"],"picked":"Cursed Key"}],"potions_floor_spawned":[1,7,10,16,19,33,45,47],"seed_played":"8613945921107872105","ascension_level":7,"potions_obtained":[{"floor":1,"key":"BloodPotion"},{"floor":7,"key":"Energy Potion"},{"floor":10,"key":"EssenceOfSteel"},{"floor":16,"key":"LiquidBronze"},{"floor":19,"key":"EssenceOfSteel"},{"floor":33,"key":"SmokeBomb"},{"floor":45,"key":"EssenceOfSteel"},{"floor":47,"key":"Strength Potion"}],"is_trial":false}