{"path_per_floor":["M","M","M","M","M","E","M","E","T","R","$","M","?","M","R","B",null,"M","?","?","M","M","R","M","R","T","R","M","R","M","?","R","B",null,"M","?","M","M","$","R","?","R","T","M","M","M","?","M","R","B"],"character_chosen":"THE_SILENT","items_purchased":["Footwork","Regen Potion"],"gold_per_floor":[112,125,135,150,160,189,203,229,229,229,21,39,0,10,10,108,108,108,108,108,48,48,48,48,48,48,48,48,48,48,48,48,48,48,48,0,0,0,0,0,0,0,0,0,0,0,0,0,0,0],"floor_reached":51,"campfire_rested":2,"playtime":6378,"current_hp_per_floor":[59,59,59,58,58,48,48,38,38,38,38,38,38,38,59,61,68,66,50,50,56,56,56,56,56,56,56,56,56,56,56,56,54,66,66,66,65,63,63,63,63,63,63,60,49,49,49,49,70,57],"items_purged":["Strike_G"],"gold":0,"score":835,"play_id":"7e3247d5-65bc-4ad4-8822-4d68668f6bf8","local_time":"20180504112258","is_prod":false,"is_daily":false,"chose_seed":false,"is_ascension_mode":true,"campfire_upgraded":8,"timestamp":1525447378,"path_taken":["M","M","?","M","M","E","M","E","T","R","$","M","?","M","R","BOSS","M","?","?","?","M","R","M","R","T","R","M","R","M","?","R","BOSS","M","?","M","M","$","R","?","R","T","M","M","?","?","M","R","BOSS"],"build_version":"2018-05-03","seed_source_timestamp":213824490432581,"purchased_purges":2,"victory":true,"master_deck":["Defend_G","Defend_G","Defend_G","Defend_G","Defend_G","Survivor","Neutralize+1","Acrobatics+1","Malaise+1","Acrobatics+1","Dagger Spray+1","Infinite Blades","Die Die Die","Outmaneuver","Predator+1","Bullet Time+1","Well Laid Plans+1","Footwork+1","Underhanded Strike+1","Infinite Blades","Glass Knife+1","Backflip+1","Crippling Poison","Acrobatics+1","Dash+1","Burst+1","Night Terror","Escape Plan+1","Footwork+1","Footwork"],"max_hp_per_floor":[70,70,70,70,70,70,70,70,70,70,70,70,70,70,70,70,70,70,70,70,70,70,70,70,70,70,70,70,70,70,70,70,70,70,70,70,70,70,70,70,70,70,70,70,70,70,70,70,70,70],"relics":["Astrolabe","Bottled Tornado","Ancient Tea Set","Paper Crane","Ectoplasm","Enchiridion","Regal Pillow","Philosopher\u0027s Stone","Red Mask","Whetstone"],"card_choices":[{"not_picked":["Flying Knee","Deadly Poison"],"picked":"Dagger Spray","floor":2},{"not_picked":["Dagger Spray","Bane"],"picked":"Infinite Blades","floor":3},{"not_picked":["Deflect","Malaise"],"picked":"Die Die Die","floor":4},{"not_picked":["Dodge and Roll","Poisoned Stab"],"picked":"Outmaneuver","floor":5},{"not_picked":["Blade Dance","Flying Knee"],"picked":"Predator","floor":6},{"not_picked":["Acrobatics","Flying Knee"],"picked":"Bullet Time","floor":7},{"not_picked":["Crippling Poison","PiercingWail"],"picked":"Well Laid Plans","floor":8},{"not_picked":["Backstab","Infinite Blades"],"picked":"Underhanded Strike","floor":12},{"not_picked":["Dagger Throw","Choke"],"picked":"Infinite Blades","floor":14},{"not_picked":["Tactician","Die Die Die"],"picked":"Glass Knife","floor":16},{"not_picked":["Slice","Outmaneuver"],"picked":"Backflip","floor":18},{"not_picked":["Acrobatics","Infinite Blades"],"picked":"Crippling Poison","floor":21},{"not_picked":["Outmaneuver","Dagger Throw"],"picked":"Acrobatics","floor":22},{"not_picked":["Malaise","Quick Slash"],"picked":"Dash","floor":28},{"not_picked":["Grand Finale","Tools of the Trade"],"picked":"Night Terror","floor":33},{"not_picked":["Endless Agony","Cloak And Dagger"],"picked":"Escape Plan","floor":35},{"not_picked":["Quick Slash","Cloak And Dagger"],"picked":"Footwork","floor":37},{"not_picked":["Backstab","Dagger Spray"],"picked":"Footwork","floor":46}],"player_experience":440253,"potions_floor_usage":[6,7,8,16,21,22,38,50,50,50],"damage_taken":[{"damage":4,"enemies":"Cultist","floor":1,"turns":7},{"damage":0,"enemies":"2 Louse","floor":2,"turns":3},{"damage":0,"enemies":"Small Slimes","floor":3,"turns":4},{"damage":1,"enemies":"Red Slaver","floor":4,"turns":7},{"damage":0,"enemies":"2 Fungi Beasts","floor":5,"turns":2},{"damage":10,"enemies":"3 Sentries","floor":6,"turns":5},{"damage":0,"enemies":"Blue Slaver","floor":7,"turns":4},{"damage":10,"enemies":"Lagavulin","floor":8,"turns":10},{"damage":0,"enemies":"3 Louse","floor":12,"turns":2},{"damage":0,"enemies":"2 Fungi Beasts","floor":14,"turns":3},{"damage":13,"enemies":"Hexaghost","floor":16,"turns":11},{"damage":2,"enemies":"3 Byrds","floor":18,"turns":4},{"damage":3,"enemies":"2 Thieves","floor":21,"turns":4},{"damage":0,"enemies":"Snecko","floor":22,"turns":5},{"damage":0,"enemies":"3 Cultists","floor":24,"turns":3},{"damage":0,"enemies":"Centurion and Healer","floor":28,"turns":4},{"damage":0,"enemies":"Snecko","floor":30,"turns":3},{"damage":2,"enemies":"Champ","floor":33,"turns":12},{"damage":0,"enemies":"3 Shapes","floor":35,"turns":3},{"damage":1,"enemies":"Orb Walker","floor":37,"turns":3},{"damage":2,"enemies":"Maw","floor":38,"turns":7},{"damage":3,"enemies":"Sphere and 2 Shapes","floor":44,"turns":3},{"damage":11,"enemies":"4 Shapes","floor":45,"turns":5},{"damage":0,"enemies":"3 Darklings","floor":46,"turns":4},{"damage":0,"enemies":"Maw","floor":48,"turns":7},{"damage":13,"enemies":"Awakened One","floor":50,"turns":14}],"event_choices":[{"event_name":"World of Goop","player_choice":"Left","floor":13,"damage_taken":0},{"event_name":"Cursed Tome","player_choice":"Obtained Book","floor":19,"damage_taken":0},{"event_name":"Ghosts","player_choice":"Ignored","floor":20,"damage_taken":0},{"event_name":"The Library","player_choice":"Read","floor":31,"damage_taken":0},{"event_name":"Tomb of Lord Red Mask","player_choice":"Paid","floor":36,"damage_taken":0},{"event_name":"Purifier","player_choice":"One Purge","floor":41,"damage_taken":0},{"event_name":"Mysterious Sphere","player_choice":"Ignore","floor":47,"damage_taken":0}],"boss_relics":[{"not_picked":["Tiny House","White Beast Statue"],"picked":"Ectoplasm"},{"not_picked":["Calling Bell","Black Star"],"picked":"Philosopher\u0027s Stone"}],"potions_floor_spawned":[3,6,7,8,14,18,21,22,24,35,46],"seed_played":"1342237855874573248","ascension_level":6,"is_trial":false}