{"gold_per_floor":[114,134,144,154,154,183,36,71,71,71,71,89,89,107,107,210,210,200,218,29,29,45,45,75,75,149,149,167,192,101,121,121,220,220,234,6,6,19,35,62,62,89,101,133,163,175,217,244,256,268],"floor_reached":51,"playtime":6985,"items_purged":["Strike_G"],"score":744,"play_id":"e81f27db-cb89-4ed6-91ea-867c008eb599","local_time":"20190226021048","is_ascension_mode":true,"campfire_choices":[{"data":"Noxious Fumes","floor":10,"key":"SMITH"},{"data":"Skewer","floor":13,"key":"SMITH"},{"data":"Leg Sweep","floor":15,"key":"SMITH"},{"data":"Accuracy","floor":23,"key":"SMITH"},{"data":"Cloak And Dagger","floor":27,"key":"SMITH"},{"data":"Malaise","floor":32,"key":"SMITH"},{"floor":41,"key":"REST"},{"floor":49,"key":"REST"}],"neow_cost":"NONE","seed_source_timestamp":54539954531199,"circlet_count":0,"master_deck":["Defend_G","Defend_G","Defend_G","Defend_G","Defend_G","Strike_G","Strike_G+1","Strike_G","Strike_G","Survivor","Neutralize+1","Skewer+1","Blade Dance","Tools of the Trade","Blade Dance","Noxious Fumes+1","Dagger Spray","Cloak And Dagger+1","Leg Sweep+1","Envenom","Accuracy+1","Noxious Fumes","Cloak And Dagger+1","Malaise+1","Footwork+1","PiercingWail","Bullet Time","Dodge and Roll+1","Backflip+1","A Thousand Cuts+1","Dash+1","Catalyst"],"relics":["Ring of the Snake","Ancient Tea Set","PreservedInsect","Whetstone","Blood Vial","Snecko Eye","Oddly Smooth Stone","Gremlin Horn","Meat on the Bone","Frozen Egg 2","Fusion Hammer","Lantern","Darkstone Periapt","MawBank","Bottled Tornado","Ice Cream"],"potions_floor_usage":[12,12,50,50,50],"damage_taken":[{"damage":0,"enemies":"2 Louse","floor":1,"turns":4},{"damage":1,"enemies":"Jaw Worm","floor":2,"turns":3},{"damage":2,"enemies":"Small Slimes","floor":3,"turns":4},{"damage":4,"enemies":"Looter","floor":4,"turns":3},{"damage":37,"enemies":"3 Sentries","floor":6,"turns":11},{"damage":13,"enemies":"Lagavulin","floor":8,"turns":6},{"damage":0,"enemies":"2 Fungi Beasts","floor":12,"turns":2},{"damage":0,"enemies":"3 Louse","floor":14,"turns":4},{"damage":12,"enemies":"The Guardian","floor":16,"turns":13},{"damage":3,"enemies":"2 Thieves","floor":18,"turns":4},{"damage":8,"enemies":"Chosen","floor":19,"turns":6},{"damage":13,"enemies":"Centurion and Healer","floor":22,"turns":10},{"damage":32,"enemies":"Slavers","floor":24,"turns":5},{"damage":3,"enemies":"Snake Plant","floor":28,"turns":4},{"damage":8,"enemies":"Book of Stabbing","floor":29,"turns":4},{"damage":0,"enemies":"Snecko","floor":31,"turns":4},{"damage":44,"enemies":"Automaton","floor":33,"turns":10},{"damage":2,"enemies":"3 Shapes","floor":35,"turns":6},{"damage":0,"enemies":"3 Darklings","floor":38,"turns":5},{"damage":10,"enemies":"Sphere and 2 Shapes","floor":39,"turns":6},{"damage":7,"enemies":"Giant Head","floor":40,"turns":10},{"damage":1,"enemies":"Jaw Worm Horde","floor":44,"turns":4},{"damage":0,"enemies":"3 Darklings","floor":45,"turns":5},{"damage":21,"enemies":"Nemesis","floor":47,"turns":7},{"damage":0,"enemies":"Writhing Mass","floor":48,"turns":5},{"damage":4,"enemies":"Donu and Deca","floor":50,"turns":7}],"seed_played":"-4074707316257131808","potions_obtained":[{"floor":1,"key":"EntropicBrew"},{"floor":12,"key":"Ancient Potion"},{"floor":14,"key":"Ancient Potion"},{"floor":19,"key":"Strength Potion"},{"floor":39,"key":"SpeedPotion"}],"is_trial":false,"path_per_floor":["M","M","M","M","?","E","$","E","T","R","?","M","R","M","R","B",null,"M","M","$","?","M","R","E","?","T","R","M","E","$","M","R","B",null,"M","$","?","M","M","E","R","T","T","M","M","?","E","M","R","B",null],"character_chosen":"THE_SILENT","items_purchased":["Noxious Fumes","Oddly Smooth Stone","Noxious Fumes","Footwork+1","PiercingWail","Lantern","LiquidBronze"],"campfire_rested":2,"item_purchase_floors":[7,20,20,30,30,36,36],"current_hp_per_floor":[70,69,67,63,68,31,31,18,18,18,18,20,20,22,22,12,75,72,66,66,66,55,55,25,25,25,25,36,42,42,44,44,14,75,73,73,73,75,65,60,75,75,75,74,75,75,54,56,75,71],"gold":280,"neow_bonus":"RANDOM_COMMON_RELIC","is_prod":false,"is_daily":false,"chose_seed":false,"campfire_upgraded":6,"win_rate":0,"timestamp":1551139848,"path_taken":["M","M","M","M","?","E","$","E","T","R","?","M","R","M","R","BOSS","M","M","$","?","M","R","E","?","T","R","M","E","$","M","R","BOSS","M","$","?","M","M","E","R","?","T","M","M","?","E","M","R","BOSS"],"build_version":"2019-01-23","purchased_purges":1,"victory":true,"max_hp_per_floor":[70,70,70,70,75,75,75,75,75,75,75,75,75,75,75,75,75,75,75,75,75,75,75,75,75,75,75,75,75,75,75,75,75,75,75,75,75,75,75,75,75,75,75,75,75,75,75,75,75,75],"card_choices":[{"not_picked":["Predator","Deadly Poison"],"picked":"Skewer","floor":1},{"not_picked":["Deflect","Acrobatics"],"picked":"Blade Dance","floor":2},{"not_picked":["Eviscerate","Tactician","Quick Slash"],"picked":"SKIP","floor":3},{"not_picked":["Terror","Deflect"],"picked":"Tools of the Trade","floor":4},{"not_picked":["Slice","Deadly Poison"],"picked":"Blade Dance","floor":6},{"not_picked":["Expertise","Slice"],"picked":"Dagger Spray","floor":8},{"not_picked":["Deflect","Caltrops"],"picked":"Cloak And Dagger","floor":12},{"not_picked":["Bane","Finisher"],"picked":"Leg Sweep","floor":14},{"not_picked":["Burst","Night Terror"],"picked":"Envenom","floor":16},{"not_picked":["Expertise","Deflect","Poisoned Stab"],"picked":"SKIP","floor":18},{"not_picked":["Deflect+1","Finisher"],"picked":"Accuracy","floor":19},{"not_picked":["Heel Hook+1","Slice+1","Bane"],"picked":"SKIP","floor":22},{"not_picked":["Deadly Poison","Tactician+1","Flying Knee+1"],"picked":"SKIP","floor":24},{"not_picked":["Underhanded Strike","Slice"],"picked":"Cloak And Dagger+1","floor":28},{"not_picked":["Outmaneuver","Caltrops"],"picked":"Malaise","floor":29},{"not_picked":["Noxious Fumes+1","Riddle With Holes","Dagger Spray"],"picked":"SKIP","floor":31},{"not_picked":["After Image+1","Phantasmal Killer"],"picked":"Bullet Time","floor":33},{"not_picked":["Endless Agony","Predator","Flying Knee+1"],"picked":"SKIP","floor":35},{"not_picked":["Endless Agony","Predator","Flying Knee+1"],"picked":"SKIP","floor":35},{"not_picked":["Acrobatics+1","Predator"],"picked":"Dodge and Roll+1","floor":38},{"not_picked":["Eviscerate","Tactician"],"picked":"Backflip+1","floor":39},{"not_picked":["Dagger Throw","Cloak And Dagger"],"picked":"A Thousand Cuts+1","floor":40},{"not_picked":["Flying Knee","Noxious Fumes+1"],"picked":"Dash+1","floor":44},{"not_picked":["Blade Dance+1","Sucker Punch","Riddle With Holes"],"picked":"SKIP","floor":45},{"not_picked":["Acrobatics","Underhanded Strike"],"picked":"Catalyst","floor":47},{"not_picked":["Concentrate","Dagger Throw+1","Outmaneuver"],"picked":"SKIP","floor":48}],"player_experience":534834,"relics_obtained":[{"floor":6,"key":"PreservedInsect"},{"floor":8,"key":"Whetstone"},{"floor":9,"key":"Blood Vial"},{"floor":24,"key":"Gremlin Horn"},{"floor":26,"key":"Meat on the Bone"},{"floor":29,"key":"Frozen Egg 2"},{"floor":40,"key":"Darkstone Periapt"},{"floor":42,"key":"MawBank"},{"floor":43,"key":"Bottled Tornado"},{"floor":47,"key":"Ice Cream"}],"event_choices":[{"damage_healed":0,"gold_gain":0,"player_choice":"Donut","damage_taken":0,"max_hp_gain":5,"max_hp_loss":0,"event_name":"Big Fish","floor":5,"gold_loss":0},{"damage_healed":0,"gold_gain":0,"player_choice":"Searched \u00270\u0027 times","damage_taken":0,"max_hp_gain":0,"max_hp_loss":0,"event_name":"Dead Adventurer","floor":11,"gold_loss":0},{"damage_healed":0,"gold_gain":0,"player_choice":"Ignored","damage_taken":0,"max_hp_gain":0,"max_hp_loss":0,"event_name":"Ghosts","floor":21,"gold_loss":0},{"damage_healed":0,"gold_gain":0,"player_choice":"Ignored","damage_taken":0,"max_hp_gain":0,"max_hp_loss":0,"event_name":"Cursed Tome","floor":25,"gold_loss":0},{"damage_healed":0,"gold_gain":0,"player_choice":"Memory 1","damage_taken":0,"max_hp_gain":0,"max_hp_loss":0,"event_name":"SensoryStone","floor":37,"gold_loss":0},{"damage_healed":0,"gold_gain":0,"player_choice":"Ignored","damage_taken":0,"max_hp_gain":0,"max_hp_loss":0,"event_name":"Mysterious Sphere","floor":46,"gold_loss":0}],"is_beta":false,"boss_relics":[{"not_picked":["Ring of the Serpent","Runic Pyramid"],"picked":"Snecko Eye"},{"not_picked":["Eternal Feather","Runic Dome"],"picked":"Fusion Hammer"}],"items_purged_floors":[7],"is_endless":false,"potions_floor_spawned":[1,12,14,19,22,24,31,38,39,45,48],"ascension_level":1}