{"gold_per_floor":[110,60,60,60,78,111,111,36,113,148,167,201,216,230,230,333,333,352,352,362,13,13],"floor_reached":22,"playtime":1966,"items_purged":["Strike_B","Defend_B"],"score":204,"play_id":"bf50d563-ad63-42e4-afbc-f1aca0356c94","local_time":"20180723124127","is_ascension_mode":false,"campfire_choices":[{"floor":7,"key":"REST"},{"floor":15,"key":"REST"}],"neow_cost":"NONE","seed_source_timestamp":924499566642889,"circlet_count":0,"master_deck":["Strike_B","Defend_B","Defend_B","Zap","Dualcast","Creative AI","Glacier","Hologram","Ball Lightning","Seek","Loop","Self Repair","Chaos","Seek","Capacitor","Storm"],"relics":["Cracked Core","Blue Candle","Darkstone Periapt","Ornamental Fan","Orichalcum","Dodecahedron","Philosopher\u0027s Stone","Mummified Hand"],"potions_floor_usage":[12,13,14],"damage_taken":[{"damage":40,"enemies":"Cultist","floor":1,"turns":8},{"damage":1,"enemies":"Small Slimes","floor":5,"turns":23},{"damage":19,"enemies":"3 Sentries","floor":6,"turns":4},{"damage":30,"enemies":"Gremlin Nob","floor":10,"turns":4},{"damage":0,"enemies":"Jaw Worm","floor":11,"turns":3},{"damage":1,"enemies":"3 Sentries","floor":12,"turns":10},{"damage":8,"enemies":"Lots of Slimes","floor":13,"turns":6},{"damage":0,"enemies":"Large Slime","floor":14,"turns":8},{"damage":29,"enemies":"Slime Boss","floor":16,"turns":11},{"damage":34,"enemies":"Spheric Guardian","floor":18,"turns":8},{"damage":24,"enemies":"Shell Parasite","floor":20,"turns":7},{"damage":32,"enemies":"3 Cultists","floor":22,"turns":4}],"seed_played":"600891370282712894","potions_obtained":[{"floor":6,"key":"SmokeBomb"},{"floor":10,"key":"Swift Potion"},{"floor":11,"key":"Regen Potion"},{"floor":13,"key":"Explosive Potion"},{"floor":18,"key":"Strength Potion"},{"floor":20,"key":"Dexterity Potion"}],"is_trial":false,"path_per_floor":["M","?","?","?","M","E","R","$","T","E","M","E","M","M","R","B",null,"M","?","M","$"],"character_chosen":"DEFECT","items_purchased":["Mummified Hand"],"campfire_rested":2,"item_purchase_floors":[21],"current_hp_per_floor":[35,35,35,32,31,12,34,34,34,4,4,15,7,14,36,7,75,48,48,31,31,0],"gold":13,"neow_bonus":"ONE_RANDOM_RARE_CARD","is_prod":false,"is_daily":false,"chose_seed":false,"campfire_upgraded":0,"win_rate":0,"timestamp":1532338887,"path_taken":["M","?","?","?","M","E","R","?","T","E","M","E","M","M","R","BOSS","M","?","?","$","M"],"build_version":"2018-07-19v2","purchased_purges":2,"victory":false,"max_hp_per_floor":[75,75,75,75,75,75,75,75,75,75,75,75,75,75,75,75,75,75,75,75,75,75],"card_choices":[{"not_picked":["Compile Driver","Blizzard"],"picked":"Glacier","floor":1},{"not_picked":["Redo","Coolheaded"],"picked":"Hologram","floor":5},{"not_picked":["Aggregate","Rebound"],"picked":"Ball Lightning","floor":6},{"not_picked":["Redo","Cold Snap"],"picked":"Seek","floor":10},{"not_picked":["Gash","Stack","Cold Snap"],"picked":"SKIP","floor":11},{"not_picked":["Sweeping Beam","Coolheaded"],"picked":"Loop","floor":12},{"not_picked":["Go for the Eyes","Hologram"],"picked":"Self Repair","floor":13},{"not_picked":["Turbo","Barrage"],"picked":"Chaos","floor":14},{"not_picked":["Reboot","Biased Cognition"],"picked":"Seek","floor":16},{"not_picked":["Rebound","Aggregate+1"],"picked":"Capacitor","floor":18},{"not_picked":["Turbo","Scrape+1"],"picked":"Storm","floor":20}],"player_experience":126983,"relics_obtained":[{"floor":6,"key":"Darkstone Periapt"},{"floor":9,"key":"Ornamental Fan"},{"floor":10,"key":"Orichalcum"},{"floor":12,"key":"Dodecahedron"}],"event_choices":[{"event_name":"The Cleric","player_choice":"Card Removal","floor":2,"damage_taken":0},{"event_name":"Bonfire Elementals","player_choice":"BASIC","floor":3,"damage_taken":0},{"event_name":"Scrap Ooze","player_choice":"success","floor":4,"damage_taken":3},{"event_name":"Back to Basics","player_choice":"Elegance","floor":19,"damage_taken":0}],"is_beta":false,"boss_relics":[{"not_picked":["White Beast Statue","Snecko Eye"],"picked":"Philosopher\u0027s Stone"}],"items_purged_floors":[8,21],"is_endless":false,"potions_floor_spawned":[6,10,11,13,18,20],"killed_by":"3 Cultists","ascension_level":0}