{"gold_per_floor":[117,117,192,8,28,58,72,72,72,72,86,86],"floor_reached":12,"playtime":267,"items_purged":[],"score":201,"play_id":"6da62f19-4682-417f-8ce6-534f635394cb","local_time":"20190304104236","is_ascension_mode":true,"campfire_choices":[{"data":"Footwork","floor":10,"key":"SMITH"}],"neow_cost":"NONE","seed_source_timestamp":450801078628298,"circlet_count":0,"master_deck":["AscendersBane","Defend_G","Defend_G","Defend_G","Defend_G","Strike_G","Strike_G","Strike_G","Strike_G","Strike_G","Survivor","Neutralize","Cloak And Dagger","Poisoned Stab","Footwork+1","Calculated Gamble","Underhanded Strike"],"relics":["Ring of the Snake","NeowsBlessing","Omamori","Dream Catcher","Mummified Hand","Pantograph"],"potions_floor_usage":[12],"damage_taken":[{"damage":0,"enemies":"Cultist","floor":1,"turns":1},{"damage":0,"enemies":"Jaw Worm","floor":5,"turns":1},{"damage":0,"enemies":"Gremlin Nob","floor":6,"turns":1},{"damage":0,"enemies":"2 Louse","floor":7,"turns":3},{"damage":2,"enemies":"Looter","floor":11,"turns":4},{"damage":46,"enemies":"Lagavulin","floor":12,"turns":9}],"seed_played":"-2616350028909317979","potions_obtained":[{"floor":5,"key":"Swift Potion"},{"floor":11,"key":"SneckoOil"}],"is_trial":false,"path_per_floor":["M","?","?","$","M","E","M","?","T","R","M","E"],"character_chosen":"THE_SILENT","items_purchased":["Omamori","Poisoned Stab"],"campfire_rested":0,"item_purchase_floors":[4,4],"current_hp_per_floor":[59,52,41,41,41,41,41,36,36,36,34,0],"gold":86,"neow_bonus":"THREE_ENEMY_KILL","is_prod":false,"is_daily":false,"chose_seed":false,"campfire_upgraded":1,"win_rate":0,"timestamp":1551663756,"path_taken":["M","?","?","$","M","E","M","?","T","R","M","E"],"build_version":"2019-01-23","purchased_purges":0,"victory":false,"max_hp_per_floor":[66,66,66,66,66,66,66,66,66,66,66,66],"card_choices":[{"not_picked":["Sucker Punch","Outmaneuver"],"picked":"Cloak And Dagger","floor":1},{"not_picked":["Slice","Backflip"],"picked":"Footwork","floor":5},{"not_picked":["Dodge and Roll","Choke"],"picked":"Calculated Gamble","floor":6},{"not_picked":["Finisher","Flying Knee","Accuracy"],"picked":"SKIP","floor":7},{"not_picked":["Slice","Blade Dance"],"picked":"Underhanded Strike","floor":11}],"player_experience":620667,"relics_obtained":[{"floor":6,"key":"Dream Catcher"},{"floor":9,"key":"Pantograph"}],"event_choices":[{"cards_removed":["Defend_G"],"damage_healed":0,"gold_gain":0,"player_choice":"Card Removal","damage_taken":7,"max_hp_gain":0,"max_hp_loss":0,"event_name":"Golden Wing","floor":2,"gold_loss":0},{"damage_healed":0,"gold_gain":75,"player_choice":"Gather Gold","damage_taken":11,"max_hp_gain":0,"max_hp_loss":0,"event_name":"World of Goop","floor":3,"gold_loss":0},{"damage_healed":0,"gold_gain":0,"player_choice":"Success","damage_taken":5,"relics_obtained":["Mummified Hand"],"max_hp_gain":0,"max_hp_loss":0,"event_name":"Scrap Ooze","floor":8,"gold_loss":0}],"is_beta":false,"boss_relics":[],"items_purged_floors":[],"is_endless":false,"potions_floor_spawned":[5,11],"killed_by":"Lagavulin","ascension_level":19}