{"gold_per_floor":[109,61,26,41,59,59,92,112,112,123,123,123,25,40,40,115,115,131,158,168,168,181,181,198,198,198,210,23,23,23,23,23,94,94,110,210,225,102,102,102,102,102,180,180,197,209,12,234,234,234],"floor_reached":51,"playtime":2677,"items_purged":["Strike_R","Strike_R"],"score":1175,"play_id":"8514f815-dd6f-4b34-8b01-afb2b2810574","local_time":"20190301210925","is_ascension_mode":true,"campfire_choices":[{"data":"Cleave","floor":6,"key":"SMITH"},{"data":"Cleave","floor":11,"key":"SMITH"},{"data":"Bludgeon","floor":15,"key":"SMITH"},{"data":"Bash","floor":23,"key":"SMITH"},{"data":"Shrug It Off","floor":25,"key":"SMITH"},{"data":"Shrug It Off","floor":29,"key":"SMITH"},{"data":"Thunderclap","floor":32,"key":"SMITH"},{"data":"Barricade","floor":40,"key":"SMITH"},{"data":"Defend_R","floor":49,"key":"SMITH"}],"neow_cost":"NONE","seed_source_timestamp":774002643857918,"circlet_count":0,"master_deck":["AscendersBane","Defend_R","Defend_R","Defend_R","Defend_R+1","Bash+1","Shrug It Off+1","Thunderclap+1","Cleave+1","Feed","Shrug It Off+1","True Grit+1","Bludgeon+1","Double Tap+1","Shockwave+1","Second Wind+1","Flame Barrier+1","Shockwave+1","Warcry+1","Burning Pact+1","Disarm+1","PanicButton+1","Barricade+1","True Grit+1","Warcry+1","Madness+1","Madness+1"],"relics":["Coffee Dripper","Regal Pillow","Toxic Egg 2","WingedGreaves","Astrolabe","Red Mask","Ginger","Bottled Flame","Philosopher\u0027s Stone","Bottled Tornado","Anchor"],"potions_floor_usage":[7,16,16,19,22,33,37,44,45,50,50],"damage_taken":[{"damage":2,"enemies":"Jaw Worm","floor":1,"turns":3},{"damage":0,"enemies":"Small Slimes","floor":4,"turns":2},{"damage":0,"enemies":"Cultist","floor":5,"turns":3},{"damage":26,"enemies":"Gremlin Nob","floor":7,"turns":4},{"damage":14,"enemies":"Exordium Thugs","floor":8,"turns":5},{"damage":1,"enemies":"Looter","floor":10,"turns":3},{"damage":0,"enemies":"Exordium Wildlife","floor":14,"turns":3},{"damage":0,"enemies":"Slime Boss","floor":16,"turns":6},{"damage":0,"enemies":"Spheric Guardian","floor":18,"turns":1},{"damage":4,"enemies":"Masked Bandits","floor":19,"turns":4},{"damage":1,"enemies":"3 Byrds","floor":20,"turns":5},{"damage":8,"enemies":"Shelled Parasite and Fungi","floor":22,"turns":4},{"damage":2,"enemies":"3 Cultists","floor":24,"turns":4},{"damage":16,"enemies":"Centurion and Healer","floor":27,"turns":5},{"damage":23,"enemies":"Automaton","floor":33,"turns":10},{"damage":1,"enemies":"3 Shapes","floor":35,"turns":6},{"damage":0,"enemies":"Mind Bloom Boss Battle","floor":36,"turns":11},{"damage":0,"enemies":"Orb Walker","floor":37,"turns":3},{"damage":0,"enemies":"Transient","floor":44,"turns":2},{"damage":12,"enemies":"Jaw Worm Horde","floor":45,"turns":6},{"damage":7,"enemies":"Sphere and 2 Shapes","floor":46,"turns":7},{"damage":41,"enemies":"Donu and Deca","floor":50,"turns":18}],"seed_played":"-135923959179572292","potions_obtained":[{"floor":4,"key":"GamblersBrew"},{"floor":10,"key":"Swift Potion"},{"floor":14,"key":"Poison Potion"},{"floor":16,"key":"Swift Potion"},{"floor":20,"key":"Strength Potion"},{"floor":24,"key":"Dexterity Potion"},{"floor":33,"key":"Block Potion"},{"floor":37,"key":"GamblersBrew"},{"floor":45,"key":"Ancient Potion"}],"is_trial":false,"path_per_floor":["M","$","?","M","M","R","E","M","T","M","R","?","$","M","R","B",null,"M","?","M","?","M","R","M","R","T","M","$","R","T","?","R","B",null,"M","?","M","$","?","R","$","?","T","M","M","M","$","?","R","B",null],"character_chosen":"IRONCLAD","items_purchased":["Shrug It Off","True Grit+1","PanicButton+1","Warcry+1","SmokeBomb","Anchor","Block Potion"],"campfire_rested":0,"item_purchase_floors":[2,13,28,38,38,47,47],"current_hp_per_floor":[66,66,75,75,75,75,49,38,38,40,40,40,40,43,43,43,74,74,70,72,72,67,67,68,68,68,55,55,55,55,55,55,32,80,79,82,85,85,72,72,72,72,72,72,63,59,59,59,59,18],"gold":234,"neow_bonus":"BOSS_RELIC","is_prod":false,"is_daily":false,"chose_seed":false,"campfire_upgraded":9,"win_rate":0,"timestamp":1551492565,"path_taken":["M","$","?","M","M","R","E","M","T","M","R","?","?","?","R","BOSS","M","?","M","?","?","R","M","R","T","M","$","R","?","?","R","BOSS","M","?","M","$","?","R","$","?","T","M","M","M","$","?","R","BOSS"],"build_version":"2019-01-23","purchased_purges":2,"victory":true,"max_hp_per_floor":[75,75,75,75,75,75,75,78,78,81,81,81,81,84,84,84,84,84,84,87,87,90,90,93,93,93,96,96,96,96,96,96,96,96,96,99,102,102,102,102,102,102,102,102,105,108,108,108,108,108],"card_choices":[{"not_picked":["Clash","Thunderclap"],"picked":"Cleave","floor":1},{"not_picked":["Entrench","Dual Wield"],"picked":"Thunderclap","floor":4},{"not_picked":["Rampage","Hemokinesis"],"picked":"Cleave","floor":5},{"not_picked":["Flame Barrier","Uppercut"],"picked":"Feed","floor":7},{"not_picked":["Infernal Blade","Heavy Blade"],"picked":"Shrug It Off","floor":8},{"not_picked":["Thunderclap","Blood for Blood","Heavy Blade"],"picked":"SKIP","floor":10},{"not_picked":["Shrug It Off+1","Reckless Charge"],"picked":"Bludgeon","floor":14},{"not_picked":["Feed","Limit Break+1"],"picked":"Double Tap+1","floor":16},{"not_picked":["Armaments+1","Body Slam+1"],"picked":"Shockwave+1","floor":18},{"not_picked":["Whirlwind","Shockwave+1"],"picked":"Warcry+1","floor":20},{"not_picked":["Sword Boomerang","Wild Strike"],"picked":"Burning Pact+1","floor":22},{"not_picked":["Carnage","Thunderclap"],"picked":"Disarm+1","floor":24},{"not_picked":["Whirlwind","Metallicize","Cleave"],"picked":"SKIP","floor":27},{"not_picked":["Berserk","Double Tap+1"],"picked":"Barricade","floor":33},{"not_picked":["Sword Boomerang+1","Headbutt","Metallicize"],"picked":"SKIP","floor":35},{"not_picked":["Seeing Red+1","Anger+1"],"picked":"True Grit+1","floor":36},{"not_picked":["Havoc+1","Intimidate+1","Twin Strike"],"picked":"SKIP","floor":37},{"not_picked":["Second Wind+1","Pommel Strike","Twin Strike"],"picked":"SKIP","floor":45},{"not_picked":["Bloodletting+1","Clash","Body Slam"],"picked":"SKIP","floor":46}],"player_experience":760497,"relics_obtained":[{"floor":7,"key":"Regal Pillow"},{"floor":9,"key":"Toxic Egg 2"},{"floor":19,"key":"Red Mask"},{"floor":26,"key":"Ginger"},{"floor":30,"key":"Bottled Flame"},{"floor":43,"key":"Bottled Tornado"}],"event_choices":[{"damage_healed":18,"gold_gain":0,"player_choice":"Healed","damage_taken":0,"max_hp_gain":0,"max_hp_loss":0,"event_name":"The Cleric","floor":3,"gold_loss":35},{"damage_healed":0,"gold_gain":0,"player_choice":"Searched \u00271\u0027 times","damage_taken":0,"relics_obtained":["WingedGreaves"],"max_hp_gain":0,"max_hp_loss":0,"event_name":"Dead Adventurer","floor":12,"gold_loss":0},{"damage_healed":0,"gold_gain":0,"player_choice":"Fought Bandits","damage_taken":0,"max_hp_gain":0,"max_hp_loss":0,"event_name":"Masked Bandits","floor":19,"gold_loss":0},{"damage_healed":0,"gold_gain":0,"player_choice":"Ignored","damage_taken":0,"max_hp_gain":0,"max_hp_loss":0,"event_name":"N\u0027loth","floor":21,"gold_loss":0},{"damage_healed":0,"gold_gain":0,"player_choice":"Ignored","damage_taken":0,"max_hp_gain":0,"max_hp_loss":0,"event_name":"Vampires","floor":31,"gold_loss":0},{"damage_healed":0,"gold_gain":0,"player_choice":"Fight","damage_taken":0,"max_hp_gain":0,"max_hp_loss":0,"event_name":"MindBloom","floor":36,"gold_loss":0},{"damage_healed":0,"gold_gain":0,"player_choice":"Embrace Madness","damage_taken":13,"max_hp_gain":0,"max_hp_loss":0,"event_name":"Winding Halls","floor":39,"gold_loss":0,"cards_obtained":["Madness","Madness"]},{"cards_removed":["Cleave"],"damage_healed":0,"gold_gain":0,"player_choice":"Removed Attack","damage_taken":0,"max_hp_gain":0,"max_hp_loss":0,"event_name":"Falling","floor":42,"gold_loss":0},{"damage_healed":0,"gold_gain":222,"player_choice":"Wore Mask","damage_taken":0,"max_hp_gain":0,"max_hp_loss":0,"event_name":"Tomb of Lord Red Mask","floor":48,"gold_loss":0}],"is_beta":false,"boss_relics":[{"not_picked":["Runic Dome","Black Star"],"picked":"Astrolabe"},{"not_picked":["Fusion Hammer","Snecko Eye"],"picked":"Philosopher\u0027s Stone"}],"items_purged_floors":[13,28],"is_endless":false,"potions_floor_spawned":[4,10,14,16,20,24,33,37,44,45],"ascension_level":14}