{"path_per_floor":["M","?","M","M","M","E","M","R","T","?","?","E","M","?","R","B",null,"M","?","M","M","M","E","R","?","T","R","?","M","E","M","R"],"character_chosen":"THE_SILENT","items_purchased":[],"gold_per_floor":[118,118,138,156,168,196,166,166,166,166,195,234,249,249,249,368,368,387,287,300,316,330,366,366,291,291,291,291,306,347,367,367,367],"floor_reached":33,"campfire_rested":3,"playtime":4248,"current_hp_per_floor":[70,70,70,70,70,46,46,46,46,46,36,24,24,24,45,28,70,68,68,56,45,38,20,51,51,51,61,61,44,15,8,41,0],"items_purged":[],"gold":367,"score":297,"play_id":"b4e66431-4e89-481c-b1e7-40a1545af205","local_time":"20180407113217","is_prod":false,"is_daily":false,"is_ascension_mode":false,"campfire_upgraded":2,"timestamp":1523093537,"path_taken":["M","?","M","M","M","E","M","R","T","?","?","E","?","?","R","BOSS","M","?","M","M","M","E","R","?","T","R","?","M","E","M","R","BOSS"],"build_version":"2018-04-05v2","purchased_purges":0,"victory":false,"master_deck":["Defend_G+1","Defend_G+1","Defend_G+1","Defend_G+1","Defend_G+1","Strike_G+1","Strike_G+1","Strike_G+1","Strike_G+1","Strike_G+1","Survivor","Neutralize+1","Calculated Gamble+1","Endless Agony","Footwork","Backflip","Crippling Poison+1","PiercingWail","Escape Plan","Blade Dance","Flying Knee","Adrenaline+1","Dagger Throw","J.A.X.","Poisoned Stab","Noxious Fumes","Prepared+1","Poisoned Stab+1","Underhanded Strike+1","Backflip+1","Slice+1"],"max_hp_per_floor":[70,70,70,70,70,70,70,70,70,70,70,70,70,70,70,70,70,70,70,70,70,70,70,70,70,70,70,70,70,70,70,70,70],"relics":["Ring of the Snake","Snake Skull","Gambling Chip","Golden Idol","Odd Mushroom","Happy Flower","Eternal Feather","Ice Cream","Dream Catcher","Bottled Flame"],"card_choices":[{"not_picked":["Skewer","Deflect"],"picked":"Calculated Gamble","floor":1},{"not_picked":["Leg Sweep","Dodge and Roll"],"picked":"Endless Agony","floor":3},{"not_picked":["Slice","Backstab"],"picked":"Footwork","floor":4},{"not_picked":["Expertise","Slice"],"picked":"Backflip","floor":5},{"not_picked":["Venomology","Caltrops"],"picked":"Crippling Poison","floor":6},{"not_picked":["Endless Agony","Deflect"],"picked":"PiercingWail","floor":7},{"not_picked":["Dodge and Roll","Acrobatics"],"picked":"Escape Plan","floor":11},{"not_picked":["Malaise","All Out Attack"],"picked":"Blade Dance","floor":12},{"not_picked":["Underhanded Strike","Acrobatics"],"picked":"Flying Knee","floor":13},{"not_picked":["After Image","Bullet Time"],"picked":"Adrenaline","floor":16},{"not_picked":["Calculated Gamble","Dash"],"picked":"Dagger Throw","floor":18},{"not_picked":["Infinite Blades","Dagger Throw"],"picked":"Poisoned Stab","floor":20},{"not_picked":["Catalyst","Malaise"],"picked":"Noxious Fumes","floor":21},{"not_picked":["Dodge and Roll","Bouncing Flask"],"picked":"Prepared","floor":22},{"not_picked":["Calculated Gamble","Doppelganger"],"picked":"Poisoned Stab","floor":23},{"not_picked":["PiercingWail","Prepared"],"picked":"Underhanded Strike","floor":29},{"not_picked":["Bane","Blade Dance"],"picked":"Backflip","floor":30},{"not_picked":["Dagger Throw","Quick Slash"],"picked":"Slice","floor":32}],"player_experience":47382,"potions_floor_usage":[6,11,12,12,18,23,29,30,33],"damage_taken":[{"damage":0,"enemies":"Jaw Worm","floor":1,"turns":6},{"damage":0,"enemies":"Cultist","floor":3,"turns":4},{"damage":0,"enemies":"2 Louse","floor":4,"turns":3},{"damage":0,"enemies":"Large Slime","floor":5,"turns":6},{"damage":24,"enemies":"3 Sentries","floor":6,"turns":11},{"damage":0,"enemies":"Looter","floor":7,"turns":4},{"damage":10,"enemies":"The Mushroom Lair","floor":11,"turns":7},{"damage":12,"enemies":"Gremlin Nob","floor":12,"turns":5},{"damage":0,"enemies":"3 Louse","floor":13,"turns":3},{"damage":17,"enemies":"The Guardian","floor":16,"turns":14},{"damage":2,"enemies":"2 Thieves","floor":18,"turns":5},{"damage":12,"enemies":"Shell Parasite","floor":20,"turns":6},{"damage":11,"enemies":"Snake Plant","floor":21,"turns":5},{"damage":7,"enemies":"Centurion and Healer","floor":22,"turns":6},{"damage":18,"enemies":"Gremlin Leader","floor":23,"turns":6},{"damage":17,"enemies":"Slaver and Parasite","floor":29,"turns":6},{"damage":29,"enemies":"Slavers","floor":30,"turns":7},{"damage":7,"enemies":"Cultist and Chosen","floor":31,"turns":6},{"damage":52,"enemies":"Automaton","floor":33,"turns":6}],"event_choices":[{"event_name":"Upgrade Shrine","player_choice":"Upgraded","floor":2,"damage_taken":0},{"event_name":"Golden Idol","player_choice":"Take Wound","floor":10,"damage_taken":0},{"event_name":"Mushrooms","player_choice":"Fought Mushrooms","floor":11,"damage_taken":0},{"event_name":"Accursed Blacksmith","player_choice":"Forge","floor":14,"damage_taken":0},{"event_name":"Drug Dealer","player_choice":"Got JAXXED","floor":19,"damage_taken":0},{"event_name":"Beggar","player_choice":"Gave Gold","floor":25,"damage_taken":0},{"event_name":"Back to Basics","player_choice":"Simplicity","floor":28,"damage_taken":0}],"boss_relics":[{"not_picked":["Runic Dome","Philosopher\u0027s Stone"],"picked":"Eternal Feather"}],"potions_floor_spawned":[1,3,5,11,13,20,23,29,30],"seed_played":"-6418184075614763053","killed_by":"Automaton","ascension_level":0,"is_trial":false}