{"gold_per_floor":[111,130,146,158,4,4,34,34,57,57,90,265,279,295,295,295],"floor_reached":16,"playtime":645,"items_purged":[],"score":162,"play_id":"118fdc58-0240-4df8-b79b-2ad118a7ff3b","local_time":"20181004213023","is_ascension_mode":true,"campfire_choices":[{"floor":6,"key":"REST"},{"data":"Hologram","floor":8,"key":"SMITH"},{"floor":10,"key":"REST"},{"data":"Zap","floor":15,"key":"SMITH"}],"neow_cost":"PERCENT_DAMAGE","seed_source_timestamp":4345359361216,"circlet_count":0,"master_deck":["Strike_B","Strike_B","Strike_B","Strike_B","Defend_B","Defend_B","Defend_B","Defend_B+1","Zap+1","Dualcast+1","White Noise","Hologram+1","Beam Cell","Leap","All For One","Redo","Double Energy","Doubt","FTL","Redo"],"relics":["Cracked Core","Calipers","War Paint","Art of War","Boot"],"potions_floor_usage":[7,7,16,16],"damage_taken":[{"damage":12,"enemies":"Small Slimes","floor":1,"turns":4},{"damage":8,"enemies":"Jaw Worm","floor":2,"turns":4},{"damage":0,"enemies":"2 Louse","floor":3,"turns":1},{"damage":7,"enemies":"Looter","floor":4,"turns":3},{"damage":37,"enemies":"3 Sentries","floor":7,"turns":9},{"damage":5,"enemies":"Lagavulin","floor":11,"turns":6},{"damage":8,"enemies":"Blue Slaver","floor":13,"turns":2},{"damage":0,"enemies":"Exordium Thugs","floor":14,"turns":3},{"damage":33,"enemies":"The Guardian","floor":16,"turns":7}],"seed_played":"-7432292110105825473","potions_obtained":[{"floor":1,"key":"Ancient Potion"},{"floor":2,"key":"FearPotion"},{"floor":4,"key":"Swift Potion"},{"floor":7,"key":"LiquidBronze"},{"floor":13,"key":"PowerPotion"}],"is_trial":false,"path_per_floor":["M","M","M","M","$","R","E","R","T","R","E","?","M","M","R"],"character_chosen":"DEFECT","items_purchased":["All For One","Regen Potion"],"campfire_rested":2,"item_purchase_floors":[5,5],"current_hp_per_floor":[38,30,30,23,23,45,23,23,23,45,40,40,32,32,32,0],"gold":295,"neow_bonus":"ONE_RARE_RELIC","is_prod":false,"is_daily":false,"chose_seed":false,"campfire_upgraded":2,"win_rate":0,"timestamp":1538703023,"path_taken":["M","M","M","M","$","R","E","R","T","R","E","?","M","M","R","BOSS"],"build_version":"2018-10-04","purchased_purges":0,"victory":false,"max_hp_per_floor":[75,75,75,75,75,75,75,75,75,75,75,75,75,75,75,75],"card_choices":[{"not_picked":["Rebound","Gash"],"picked":"White Noise","floor":1},{"not_picked":["Cold Snap","Leap"],"picked":"Hologram","floor":2},{"not_picked":["Streamline","Cold Snap"],"picked":"Beam Cell","floor":3},{"not_picked":["Gash","Beam Cell"],"picked":"Leap","floor":4},{"not_picked":["Leap","Thunder Strike"],"picked":"Redo","floor":7},{"not_picked":["Streamline","Hello World"],"picked":"Double Energy","floor":11},{"not_picked":["Sunder","Hologram"],"picked":"FTL","floor":13},{"not_picked":["Hologram","Rebound"],"picked":"Redo","floor":14}],"player_experience":649051,"relics_obtained":[{"floor":7,"key":"War Paint"},{"floor":9,"key":"Art of War"},{"floor":11,"key":"Boot"}],"event_choices":[{"event_name":"Liars Game","player_choice":"agreed","floor":12,"damage_taken":0}],"is_beta":false,"boss_relics":[],"items_purged_floors":[],"is_endless":false,"potions_floor_spawned":[1,2,4,7,13],"killed_by":"The Guardian","ascension_level":9}