{"path_per_floor":["M","M","M","M","M","R","E","R","T","$","M","M","E","M","R","B"],"character_chosen":"THE_SILENT","items_purchased":["Pen Nib"],"gold_per_floor":[113,132,150,165,182,182,215,215,241,85,97,112,137,155,155,258,258],"floor_reached":17,"campfire_rested":1,"playtime":966,"current_hp_per_floor":[63,63,63,59,58,58,29,50,50,50,50,44,24,18,18,6,70],"items_purged":[],"gold":258,"score":171,"play_id":"9dafd092-befe-4ede-89b6-28fbd40b9cc2","local_time":"20180418215147","is_prod":false,"is_daily":false,"chose_seed":false,"is_ascension_mode":false,"campfire_upgraded":2,"timestamp":1524081107,"path_taken":["M","M","M","M","M","R","E","R","T","$","M","M","E","M","R","BOSS"],"build_version":"2018-04-12","seed_source_timestamp":99412919396817,"purchased_purges":0,"victory":false,"master_deck":["Defend_G","Defend_G","Defend_G","Defend_G","Defend_G","Strike_G","Strike_G","Strike_G","Strike_G","Strike_G","Survivor","Neutralize","Sucker Punch+1","Quick Slash","Footwork","PiercingWail","Dagger Throw","Envenom+1","Quick Slash","Finisher","Tools of the Trade","Footwork","Noxious Fumes","Endless Agony","Dodge and Roll"],"max_hp_per_floor":[70,70,70,70,70,70,70,70,70,70,70,70,70,70,70,70,70],"relics":["Ring of the Snake","Bottled Flame","Ancient Tea Set","Pen Nib","Smiling Mask","Orrery"],"card_choices":[{"not_picked":["Dodge and Roll","Deadly Poison"],"picked":"Sucker Punch","floor":1},{"not_picked":["Acrobatics","Flying Knee"],"picked":"Quick Slash","floor":3},{"not_picked":["Dagger Throw","Sucker Punch"],"picked":"Footwork","floor":4},{"not_picked":["Poisoned Stab","Flechettes"],"picked":"PiercingWail","floor":5},{"not_picked":["Catalyst","Sucker Punch"],"picked":"Dagger Throw","floor":7},{"not_picked":["Distraction","Flying Knee"],"picked":"Envenom","floor":11},{"not_picked":["PiercingWail","Phantasmal Killer"],"picked":"Quick Slash","floor":13},{"not_picked":["Dagger Throw","Dodge and Roll"],"picked":"Finisher","floor":14},{"not_picked":["Storm of Steel","Unload"],"picked":"Tools of the Trade","floor":16},{"not_picked":["Outmaneuver","Heel Hook"],"picked":"Footwork","floor":17},{"not_picked":["Cloak And Dagger","Leg Sweep"],"picked":"Noxious Fumes","floor":17},{"not_picked":["Poisoned Stab","Accuracy"],"picked":"Endless Agony","floor":17},{"not_picked":["Setup","Underhanded Strike"],"picked":"Dodge and Roll","floor":17}],"player_experience":355633,"potions_floor_usage":[7,16,16,16],"damage_taken":[{"damage":7,"enemies":"Small Slimes","floor":1,"turns":5},{"damage":0,"enemies":"2 Louse","floor":2,"turns":3},{"damage":0,"enemies":"Cultist","floor":3,"turns":4},{"damage":4,"enemies":"Blue Slaver","floor":4,"turns":5},{"damage":1,"enemies":"3 Louse","floor":5,"turns":4},{"damage":29,"enemies":"Lagavulin","floor":7,"turns":12},{"damage":0,"enemies":"Looter","floor":11,"turns":3},{"damage":6,"enemies":"Exordium Wildlife","floor":12,"turns":5},{"damage":20,"enemies":"Gremlin Nob","floor":13,"turns":5},{"damage":6,"enemies":"2 Fungi Beasts","floor":14,"turns":4},{"damage":12,"enemies":"The Guardian","floor":16,"turns":12}],"event_choices":[],"boss_relics":[{"not_picked":["White Beast Statue","Runic Dome"],"picked":"Orrery"}],"potions_floor_spawned":[2,4,7,12,16],"seed_played":"-6503225752701895637","ascension_level":0,"is_trial":false}