{"path_per_floor":["M","?","M","$","M","R","M","M","T","R","M","R","?","?","R","B",null,"M","M","?","?"],"character_chosen":"THE_SILENT","items_purchased":["Infinite Blades"],"gold_per_floor":[111,111,127,48,61,61,78,88,88,88,100,100,100,78,78,173,173,193,212,212,127,127],"floor_reached":22,"campfire_rested":1,"playtime":1616,"current_hp_per_floor":[68,68,68,68,68,68,59,48,48,48,43,43,29,29,50,47,70,59,59,59,59,0],"items_purged":[],"gold":127,"score":211,"play_id":"f68654cd-731f-4097-bbfc-3daa8c189953","local_time":"20180410004930","is_prod":false,"is_daily":false,"is_ascension_mode":true,"campfire_upgraded":3,"timestamp":1523314170,"path_taken":["M","?","M","$","?","R","M","M","T","R","M","R","?","?","R","BOSS","M","M","?","?","M"],"build_version":"2018-04-05v2","purchased_purges":0,"victory":false,"master_deck":["Defend_G","Defend_G+1","Defend_G","Defend_G","Defend_G","Strike_G","Strike_G","Strike_G","Strike_G+1","Survivor","Neutralize+1","Footwork+1","Dagger Throw","Infinite Blades","Blade Dance","Backflip","Choke+1","Cloak And Dagger","After Image","Dagger Throw","Outmaneuver"],"max_hp_per_floor":[70,70,70,70,70,70,70,70,70,70,70,70,70,70,70,70,70,70,70,70,70,70],"relics":["Philosopher\u0027s Stone","Sundial","White Beast Statue","The Courier"],"card_choices":[{"not_picked":["Finisher","Outmaneuver"],"picked":"Footwork","floor":1},{"not_picked":["Noxious Fumes","All Out Attack"],"picked":"Dagger Throw","floor":3},{"not_picked":["Deflect","Escape Plan"],"picked":"Blade Dance","floor":5},{"not_picked":["Calculated Gamble","Underhanded Strike"],"picked":"Backflip","floor":7},{"not_picked":["PiercingWail","Masterful Stab"],"picked":"Choke","floor":8},{"not_picked":["Sucker Punch","Dash"],"picked":"Cloak And Dagger","floor":11},{"not_picked":["Envenom","Die Die Die"],"picked":"After Image","floor":16},{"not_picked":["Prepared","Bane"],"picked":"Dagger Throw","floor":18},{"not_picked":["Acrobatics","Underhanded Strike"],"picked":"Outmaneuver","floor":19}],"player_experience":166348,"potions_floor_usage":[16,16,16,22],"damage_taken":[{"damage":2,"enemies":"Small Slimes","floor":1,"turns":4},{"damage":0,"enemies":"2 Louse","floor":3,"turns":3},{"damage":0,"enemies":"Cultist","floor":5,"turns":4},{"damage":9,"enemies":"3 Louse","floor":7,"turns":3},{"damage":11,"enemies":"Exordium Thugs","floor":8,"turns":5},{"damage":5,"enemies":"Large Slime","floor":11,"turns":4},{"damage":18,"enemies":"Slime Boss","floor":16,"turns":9},{"damage":11,"enemies":"Spheric Guardian","floor":18,"turns":6},{"damage":0,"enemies":"Shell Parasite","floor":19,"turns":6},{"damage":76,"enemies":"Cultist and Chosen","floor":22,"turns":5}],"event_choices":[{"event_name":"Living Wall","player_choice":"Forget","floor":2,"damage_taken":0},{"event_name":"Shining Light","player_choice":"Entered Light","floor":13,"damage_taken":0},{"event_name":"World of Goop","player_choice":"Left","floor":14,"damage_taken":0},{"event_name":"Drug Dealer","player_choice":"Ignored","floor":20,"damage_taken":0},{"event_name":"Addict","player_choice":"Obtained Relic","floor":21,"damage_taken":0}],"boss_relics":[{"not_picked":["Lizard Tail","Snecko Eye"],"picked":"White Beast Statue"}],"potions_floor_spawned":[1,8,11,18,19],"seed_played":"5604921988995659131","killed_by":"Cultist and Chosen","ascension_level":4,"is_trial":false}