{"path_per_floor":["M","?","M","M","M","R","E","R","T","E","M","R","M","M","R","B",null,"M","M","?","M","$","R","?","M","T","R","M","E","$","M","R","B",null,"M","?","M","?","M","R","?","R","T","R","M","$","E","?","R","B"],"character_chosen":"THE_SILENT","items_purchased":["Well Laid Plans","Secret Technique","Paper Crane","Regen Potion","Noxious Fumes","Dexterity Potion"],"gold_per_floor":[18,18,32,45,62,62,97,97,397,426,437,437,450,463,463,565,565,582,598,598,609,286,286,336,353,433,433,452,479,81,96,96,200,200,217,217,232,282,295,295,295,295,295,295,313,59,87,87,87,87],"floor_reached":51,"campfire_rested":0,"playtime":7415,"current_hp_per_floor":[70,70,70,70,68,68,57,57,57,24,24,24,24,24,24,8,70,69,60,60,60,60,60,60,37,37,37,26,6,6,21,21,7,70,70,70,70,70,70,70,70,70,70,70,64,64,64,64,64,70],"items_purged":["Strike_G","Strike_G","Doppelganger"],"gold":87,"play_id":"5bcaa837-1858-4d35-bbc8-fc0661c2902f","is_prod":false,"is_daily":false,"is_ascension_mode":true,"campfire_upgraded":11,"path_taken":["M","?","M","M","M","R","E","R","T","E","?","R","M","M","R","BOSS","M","?","?","M","$","R","?","M","T","R","M","E","$","M","R","BOSS","M","?","M","?","M","R","?","R","T","R","M","$","E","?","R","BOSS"],"build_version":"2018-01-25-PROD3","purchased_purges":3,"victory":true,"master_deck":["Defend_G","Defend_G","Defend_G+1","Defend_G","Defend_G","Survivor+1","Neutralize+1","Backflip","Venomology","Quick Slash+1","Backflip","Acrobatics+1","Flying Knee+1","Cloak And Dagger+1","Glass Knife+1","PiercingWail+1","Well Laid Plans+1","Secret Technique+1","Dagger Throw+1","Outmaneuver","Dash+1","Bullet Time+1","Leg Sweep+1","Escape Plan","Underhanded Strike+1","Noxious Fumes+1","Dagger Throw+1","Deflect"],"max_hp_per_floor":[70,70,70,70,70,70,70,70,70,70,70,70,70,70,70,70,70,70,70,70,70,70,70,70,70,70,70,70,70,70,70,70,70,70,70,70,70,70,70,70,70,70,70,70,70,70,70,70,70,70],"relics":["Ring of the Snake","War Paint","Molten Egg","White Beast Statue","Nloth\u0027s Gift","Pantograph","Thread and Needle","Paper Crane","Philosopher\u0027s Stone","Gambling Chip","Shuriken","Ninja Scroll"],"card_choices":[{"not_picked":["Heel Hook","Sucker Punch"],"picked":"Backflip"},{"not_picked":["Acrobatics","Underhanded Strike"],"picked":"Venomology"},{"not_picked":["Riddle With Holes","Prepared"],"picked":"Quick Slash"},{"not_picked":["Deflect","Escape Plan"],"picked":"Backflip"},{"not_picked":["Prepared","Quick Slash"],"picked":"Acrobatics"},{"not_picked":["Grand Finale","Backstab"],"picked":"Flying Knee"},{"not_picked":["Dagger Spray","Acrobatics"],"picked":"Cloak And Dagger"},{"not_picked":["Doppelganger","Night Terror"],"picked":"Glass Knife"},{"not_picked":["Dagger Throw","Eviscerate"],"picked":"PiercingWail"},{"not_picked":["Bane","Dagger Spray"],"picked":"Dagger Throw"},{"not_picked":["Quick Slash","Dagger Throw"],"picked":"Doppelganger"},{"not_picked":["Backflip","Wraith Form"],"picked":"Outmaneuver"},{"not_picked":["Dagger Throw","Cloak And Dagger"],"picked":"Dash"},{"not_picked":["Venomology","Storm of Steel"],"picked":"Bullet Time"},{"not_picked":["Backflip","Quick Slash"],"picked":"Leg Sweep"},{"not_picked":["Wraith Form","Slice"],"picked":"Escape Plan"},{"not_picked":["Slice","Poisoned Stab"],"picked":"Underhanded Strike"},{"not_picked":["Bullet Time","Backflip"],"picked":"Dagger Throw"}],"player_experience":291041,"potions_floor_usage":[5,5,7,13,14,16,16,16,16,21,25,25,28,28,28,29,29,31,31,33,35,35,37,37,37,37,38,38,39,39,45,47,50,50,50,50],"damage_taken":[{"damage":0,"enemies":"2 Louse","floor":1,"turns":4},{"damage":0,"enemies":"Blue Slaver","floor":3,"turns":6},{"damage":0,"enemies":"Small Slimes","floor":4,"turns":5},{"damage":2,"enemies":"Exordium Thugs","floor":5,"turns":5},{"damage":25,"enemies":"Lagavulin","floor":7,"turns":13},{"damage":33,"enemies":"3 Sentries","floor":10,"turns":9},{"damage":0,"enemies":"3 Louse","floor":11,"turns":3},{"damage":0,"enemies":"Gremlin Gang","floor":13,"turns":3},{"damage":0,"enemies":"Looter","floor":14,"turns":3},{"damage":16,"enemies":"Hexaghost","floor":16,"turns":14},{"damage":1,"enemies":"3 Byrds","floor":18,"turns":9},{"damage":9,"enemies":"Shell Parasite","floor":19,"turns":8},{"damage":0,"enemies":"Centurion and Healer","floor":21,"turns":6},{"damage":23,"enemies":"Sentry and Sphere","floor":25,"turns":6},{"damage":11,"enemies":"3 Cultists","floor":28,"turns":7},{"damage":20,"enemies":"Gremlin Leader","floor":29,"turns":8},{"damage":0,"enemies":"Snecko","floor":31,"turns":7},{"damage":39,"enemies":"Automaton","floor":33,"turns":17},{"damage":0,"enemies":"Orb Walker","floor":35,"turns":4},{"damage":0,"enemies":"3 Darklings","floor":37,"turns":8},{"damage":0,"enemies":"Mysterious Sphere","floor":38,"turns":11},{"damage":0,"enemies":"4 Shapes","floor":39,"turns":15},{"damage":12,"enemies":"Sphere and 2 Shapes","floor":45,"turns":7},{"damage":0,"enemies":"2 Orb Walkers","floor":47,"turns":7},{"damage":0,"enemies":"Awakened One","floor":50,"turns":16}],"event_choices":[{"event_name":"Match and Keep!","player_choice":"0 cards matched","floor":2,"damage_taken":0},{"event_name":"N\u0027loth","player_choice":"Traded a Old Coin","floor":20,"damage_taken":0},{"event_name":"The Joust","player_choice":"Bet on Murderer","floor":24,"damage_taken":0},{"event_name":"Tomb of Lord Red Mask","player_choice":"Ignored","floor":36,"damage_taken":0},{"event_name":"Mysterious Sphere","player_choice":"Fight","floor":38,"damage_taken":0},{"event_name":"Match and Keep!","player_choice":"1 cards matched","floor":48,"damage_taken":0}],"boss_relics":[{"not_picked":["Pandora\u0027s Box","The Specimen"],"picked":"White Beast Statue"},{"not_picked":["Runic Pyramid","Velvet Choker"],"picked":"Philosopher\u0027s Stone"}],"potions_floor_spawned":[1,5,10,13,18,19,21,25,28,29,31,33,35,37,38,39,45,47],"seed_played":"3958160114544833543","ascension_level":2,"is_trial":false}