{"path_per_floor":["M","M","M","M","M","?","E","R","T","M","E","M","M","M","R","B",null,"M","M","?","M","M"],"character_chosen":"DEFECT","items_purchased":[],"gold_per_floor":[16,30,40,53,63,63,92,92,140,159,189,209,221,239,239,338,338,353,364,364,374,384,384],"floor_reached":23,"campfire_rested":2,"playtime":2599,"item_purchase_floors":[],"current_hp_per_floor":[75,75,75,60,54,54,31,55,55,47,24,18,18,7,31,12,82,78,53,53,31,23,0],"items_purged":[],"gold":384,"score":211,"play_id":"bb5edf8e-ef40-45c7-a720-086e209157da","local_time":"20180605134416","is_prod":false,"is_daily":false,"chose_seed":false,"is_ascension_mode":false,"campfire_upgraded":0,"win_rate":0.0,"timestamp":1528220656,"campfire_choices":[{"floor":8,"key":"REST"},{"floor":15,"key":"REST"}],"path_taken":["M","M","M","M","M","?","E","R","T","M","E","M","M","?","R","BOSS","M","M","?","M","M","E"],"build_version":"2018-05-31","seed_source_timestamp":45156497198897,"purchased_purges":0,"victory":false,"master_deck":["Strike_B+1","Defend_B","Defend_B","Defend_B","Defend_B","Zap","Dualcast","Rip and Tear+1","Skim","Steam","Capacitor","Beam Cell","Hologram","Thunder Strike","Machine Learning","Heatsinks","Chill","Storm","Amplify","Capacitor","Buffer","Rebound","Reinforced Body","Go for the Eyes","Ball Lightning"],"max_hp_per_floor":[75,75,75,75,75,75,82,82,82,82,82,82,82,82,82,82,82,82,82,82,82,82,82],"relics":["Cracked Core","Strawberry","Whetstone","Question Card","Cursed Key"],"card_choices":[{"not_picked":["Go for the Eyes","Hologram"],"picked":"Steam","floor":1},{"not_picked":["Aggregate","Buffer"],"picked":"Capacitor","floor":2},{"not_picked":["Coolheaded","Steam"],"picked":"Beam Cell","floor":3},{"not_picked":["Beam Cell","Rebound"],"picked":"Hologram","floor":4},{"not_picked":["Force Field","Sweeping Beam"],"picked":"Thunder Strike","floor":5},{"not_picked":["Cold Snap","Beam Cell"],"picked":"Machine Learning","floor":7},{"not_picked":["Doom and Gloom","Sweeping Beam"],"picked":"Heatsinks","floor":10},{"not_picked":["Conserve Battery","Lockon"],"picked":"Chill","floor":11},{"not_picked":["Go for the Eyes","Hello World","Conserve Battery"],"picked":"Storm","floor":12},{"not_picked":["Self Repair","Reinforced Body","Hologram"],"picked":"Amplify","floor":13},{"not_picked":["Compile Driver","Rebound","Barrage"],"picked":"Capacitor","floor":14},{"not_picked":["Thunder Strike","Amplify","All For One"],"picked":"Buffer","floor":16},{"not_picked":["Cold Snap+1","Glacier","Gash"],"picked":"Rebound","floor":18},{"not_picked":["Conserve Battery+1","Scrape","Steam Power"],"picked":"Reinforced Body","floor":19},{"not_picked":["Reinforced Body","Barrage","Consume"],"picked":"Go for the Eyes","floor":21},{"not_picked":["Steam","Barrage","Conserve Battery+1"],"picked":"Ball Lightning","floor":22}],"player_experience":636720,"potions_floor_usage":[16,16,16,18,23],"damage_taken":[{"damage":0,"enemies":"Small Slimes","floor":1,"turns":2},{"damage":0,"enemies":"2 Louse","floor":2,"turns":2},{"damage":0,"enemies":"Cultist","floor":3,"turns":3},{"damage":15,"enemies":"3 Louse","floor":4,"turns":4},{"damage":6,"enemies":"Large Slime","floor":5,"turns":5},{"damage":30,"enemies":"Gremlin Nob","floor":7,"turns":4},{"damage":8,"enemies":"2 Fungi Beasts","floor":10,"turns":3},{"damage":23,"enemies":"3 Sentries","floor":11,"turns":7},{"damage":6,"enemies":"Exordium Thugs","floor":12,"turns":4},{"damage":0,"enemies":"Large Slime","floor":13,"turns":4},{"damage":11,"enemies":"Exordium Wildlife","floor":14,"turns":3},{"damage":34,"enemies":"The Guardian","floor":16,"turns":9},{"damage":4,"enemies":"Shell Parasite","floor":18,"turns":5},{"damage":25,"enemies":"Chosen","floor":19,"turns":5},{"damage":22,"enemies":"Snecko","floor":21,"turns":5},{"damage":8,"enemies":"Centurion and Healer","floor":22,"turns":10},{"damage":23,"enemies":"Book of Stabbing","floor":23,"turns":5}],"relics_obtained":[{"floor":7,"key":"Strawberry"},{"floor":9,"key":"Whetstone"},{"floor":11,"key":"Question Card"}],"event_choices":[{"event_name":"Living Wall","player_choice":"Forget","floor":6,"damage_taken":0},{"event_name":"Ghosts","player_choice":"Ignored","floor":20,"damage_taken":0}],"boss_relics":[{"not_picked":["Eternal Feather","White Beast Statue"],"picked":"Cursed Key"}],"items_purged_floors":[],"potions_floor_spawned":[5,7,10,13,14,16,19,21],"seed_played":"2168523448712913811","killed_by":"Book of Stabbing","ascension_level":0,"potions_obtained":[{"floor":5,"key":"Poison Potion"},{"floor":7,"key":"FearPotion"},{"floor":10,"key":"AttackPotion"},{"floor":13,"key":"Regen Potion"},{"floor":14,"key":"EssenceOfSteel"},{"floor":16,"key":"Energy Potion"},{"floor":19,"key":"FocusPotion"},{"floor":21,"key":"GamblersBrew"}],"is_trial":false}