{"gold_per_floor":[115,127,302,315,265,275,275,8,8,8,67,87,103,103,103,103],"floor_reached":16,"playtime":731,"items_purged":["Defend_B"],"score":92,"play_id":"900c6162-4a8c-41ad-a00f-247fe7ee17ef","local_time":"20180716233932","is_ascension_mode":false,"campfire_choices":[{"data":"Loop","floor":10,"key":"SMITH"},{"floor":15,"key":"REST"}],"neow_cost":"","seed_source_timestamp":360408260941271,"circlet_count":0,"master_deck":["Strike_B","Strike_B","Strike_B","Strike_B","Defend_B","Defend_B","Zap","Dualcast","Loop+1","Capacitor","Leap","Melter","Magnetism","Go for the Eyes","Genetic Algorithm+1"],"relics":["Cracked Core","Toxic Egg 2","Happy Flower","Gremlin Horn"],"potions_floor_usage":[16,16,16],"damage_taken":[{"damage":1,"enemies":"Cultist","floor":1,"turns":3},{"damage":5,"enemies":"Small Slimes","floor":2,"turns":5},{"damage":9,"enemies":"2 Louse","floor":4,"turns":3},{"damage":4,"enemies":"Blue Slaver","floor":6,"turns":4},{"damage":24,"enemies":"Lagavulin Event","floor":11,"turns":5},{"damage":4,"enemies":"2 Fungi Beasts","floor":12,"turns":2},{"damage":0,"enemies":"Large Slime","floor":13,"turns":4},{"damage":49,"enemies":"Slime Boss","floor":16,"turns":10}],"seed_played":"7813115051002786382","potions_obtained":[{"floor":4,"key":"SpeedPotion"},{"floor":11,"key":"Swift Potion"},{"floor":12,"key":"Swift Potion"}],"is_trial":false,"path_per_floor":["M","M","?","M","?","M","T","$","T","R","?","M","M","?","R"],"character_chosen":"DEFECT","items_purchased":["Magnetism"],"campfire_rested":1,"item_purchase_floors":[8],"current_hp_per_floor":[74,69,69,60,60,56,56,56,56,56,32,28,28,21,43,0],"gold":103,"neow_bonus":"","is_prod":false,"is_daily":false,"chose_seed":false,"campfire_upgraded":1,"win_rate":0,"timestamp":1531773572,"path_taken":["M","M","?","M","?","M","?","$","T","R","?","?","M","?","R","BOSS"],"build_version":"2018-07-12","purchased_purges":1,"victory":false,"max_hp_per_floor":[75,75,75,75,75,75,75,75,75,75,75,75,75,75,75,75],"card_choices":[{"not_picked":["Coolheaded","Capacitor"],"picked":"Loop","floor":1},{"not_picked":["Beam Cell","Leap"],"picked":"Capacitor","floor":2},{"not_picked":["Redo","Beam Cell"],"picked":"Leap","floor":4},{"not_picked":["Hologram","Recycle"],"picked":"Melter","floor":6},{"not_picked":["Gash","Force Field+1"],"picked":"Go for the Eyes","floor":12},{"not_picked":["Hologram+1","Scrape"],"picked":"Genetic Algorithm+1","floor":13}],"player_experience":112000,"relics_obtained":[{"floor":7,"key":"Toxic Egg 2"},{"floor":9,"key":"Happy Flower"},{"floor":11,"key":"Gremlin Horn"}],"event_choices":[{"event_name":"Liars Game","player_choice":"agreed","floor":3,"damage_taken":0},{"event_name":"The Cleric","player_choice":"Card Removal","floor":5,"damage_taken":0},{"event_name":"Dead Adventurer","player_choice":"Searched \u00272\u0027 times","floor":11,"damage_taken":0},{"event_name":"Golden Wing","player_choice":"Card Removal","floor":14,"damage_taken":0}],"boss_relics":[],"items_purged_floors":[8],"is_endless":false,"potions_floor_spawned":[4,11,12],"killed_by":"Slime Boss","ascension_level":0}