{"path_per_floor":["M","?","?","M","M","R","M","M","T","R","M","M","E","M","R","B",null,"M","M","M","$","M","R","M","$","T","$","?","R","E","M","R","B",null,"M","?","?","M"],"character_chosen":"IRONCLAD","items_purchased":["Ancient Tea Set","True Grit","Juzu Bracelet"],"gold_per_floor":[112,112,112,132,150,150,168,180,203,203,222,238,271,290,290,361,361,377,389,406,130,140,140,157,5,83,83,83,83,113,132,132,205,205,219,219,219,230,230],"floor_reached":39,"campfire_rested":1,"playtime":1819,"item_purchase_floors":[21,21,25],"current_hp_per_floor":[60,60,60,65,63,63,59,65,65,65,62,68,67,73,73,73,75,73,65,61,61,59,59,51,51,51,51,35,35,28,33,56,8,67,28,28,28,26,0],"items_purged":["Strike_R"],"gold":230,"score":692,"play_id":"6ea94bf0-e3fe-4729-8cfa-f7f721e69eb8","local_time":"20180523232517","is_prod":false,"is_daily":false,"chose_seed":false,"is_ascension_mode":true,"campfire_upgraded":5,"win_rate":0,"timestamp":1527132317,"campfire_choices":[{"data":"Whirlwind","floor":6,"key":"SMITH"},{"data":"Bludgeon","floor":10,"key":"SMITH"},{"data":"Iron Wave","floor":15,"key":"SMITH"},{"data":"Barricade","floor":23,"key":"SMITH"},{"data":"Entrench","floor":29,"key":"SMITH"},{"floor":32,"key":"REST"}],"path_taken":["M","?","?","M","M","R","M","?","T","R","M","M","E","M","R","BOSS","M","M","M","$","M","R","M","$","T","?","?","R","E","M","R","BOSS","M","?","?","M","M"],"build_version":"2018-05-23","seed_source_timestamp":293219458217448,"purchased_purges":1,"victory":false,"master_deck":["Strike_R","Strike_R","Defend_R","Defend_R","Defend_R","Bash","AscendersBane","Bloodletting","Double Tap","Battle Trance+1","Cleave","Whirlwind+1","Headbutt","Bludgeon+1","Pommel Strike","Iron Wave+1","Barricade+1","Evolve","Impervious","Feel No Pain","Entrench+1","True Grit","Thunderclap","Demon Form","Fiend Fire","Shrug It Off"],"max_hp_per_floor":[68,68,68,68,68,68,68,68,68,68,68,68,75,75,75,75,75,75,75,75,75,75,75,75,75,75,75,75,75,77,79,79,79,85,87,87,87,89,89],"relics":["Burning Blood","Orichalcum","Strawberry","Runic Dome","Ancient Tea Set","Juzu Bracelet","Tiny Chest","Enchiridion","Singing Bowl","Orrery"],"card_choices":[{"not_picked":["Havoc","Iron Wave"],"picked":"Battle Trance","floor":1},{"not_picked":["Sentinel","Iron Wave"],"picked":"Cleave","floor":4},{"not_picked":["True Grit","Perfected Strike"],"picked":"Whirlwind","floor":5},{"not_picked":["Dual Wield","Clothesline"],"picked":"Headbutt","floor":7},{"not_picked":["Clothesline","Havoc"],"picked":"Bludgeon","floor":8},{"not_picked":["Pummel","Hemokinesis"],"picked":"Pommel Strike","floor":11},{"not_picked":["Clash","Second Wind"],"picked":"Iron Wave","floor":12},{"not_picked":["Cleave","Battle Trance"],"picked":"Barricade","floor":13},{"not_picked":["Armaments","Headbutt"],"picked":"Evolve","floor":14},{"not_picked":["Bludgeon","Dark Embrace"],"picked":"Impervious","floor":16},{"not_picked":["Havoc+1","Hemokinesis"],"picked":"Feel No Pain","floor":18},{"not_picked":["Heavy Blade","Havoc","Cleave"],"picked":"SKIP","floor":19},{"not_picked":["Anger","Clash"],"picked":"Entrench","floor":20},{"not_picked":["Sever Soul","Pommel Strike","Inflame"],"picked":"SKIP","floor":22},{"not_picked":["Havoc","Clothesline"],"picked":"Thunderclap","floor":24},{"not_picked":["Rupture","Hemokinesis","Clash"],"picked":"Singing Bowl","floor":30},{"not_picked":["Wild Strike","Spot Weakness","Clothesline"],"picked":"Singing Bowl","floor":31},{"not_picked":["Immolate","Limit Break"],"picked":"Demon Form","floor":33},{"not_picked":["Perfected Strike","Dual Wield","Clash"],"picked":"Singing Bowl","floor":34},{"not_picked":["Second Wind","True Grit","Evolve"],"picked":"Singing Bowl","floor":34},{"not_picked":["Blood for Blood","Perfected Strike","Power Through"],"picked":"Singing Bowl","floor":34},{"not_picked":["Inflame","Whirlwind"],"picked":"Fiend Fire","floor":34},{"not_picked":["Anger","Combust"],"picked":"Shrug It Off","floor":34},{"not_picked":["Spot Weakness","Clash+1","Cleave"],"picked":"Singing Bowl","floor":35},{"not_picked":["Body Slam","Battle Trance","Clothesline"],"picked":"Singing Bowl","floor":38}],"player_experience":233533,"potions_floor_usage":[16,22,30,33,39],"damage_taken":[{"damage":14,"enemies":"Jaw Worm","floor":1,"turns":3},{"damage":1,"enemies":"Cultist","floor":4,"turns":3},{"damage":8,"enemies":"2 Louse","floor":5,"turns":2},{"damage":10,"enemies":"2 Fungi Beasts","floor":7,"turns":3},{"damage":0,"enemies":"Lots of Slimes","floor":8,"turns":1},{"damage":9,"enemies":"Red Slaver","floor":11,"turns":2},{"damage":0,"enemies":"2 Fungi Beasts","floor":12,"turns":1},{"damage":14,"enemies":"Gremlin Nob","floor":13,"turns":3},{"damage":0,"enemies":"3 Louse","floor":14,"turns":1},{"damage":6,"enemies":"Slime Boss","floor":16,"turns":7},{"damage":8,"enemies":"2 Thieves","floor":18,"turns":2},{"damage":14,"enemies":"Shell Parasite","floor":19,"turns":5},{"damage":10,"enemies":"3 Cultists","floor":20,"turns":4},{"damage":18,"enemies":"Snecko","floor":22,"turns":6},{"damage":14,"enemies":"Centurion and Healer","floor":24,"turns":5},{"damage":22,"enemies":"Book of Stabbing","floor":30,"turns":5},{"damage":3,"enemies":"Chosen and Byrds","floor":31,"turns":4},{"damage":54,"enemies":"Automaton","floor":33,"turns":18},{"damage":47,"enemies":"3 Darklings","floor":35,"turns":5},{"damage":10,"enemies":"Flame Bruiser 1 Orb","floor":38,"turns":8},{"damage":40,"enemies":"Maw","floor":39,"turns":10}],"relics_obtained":[{"floor":9,"key":"Orichalcum"},{"floor":13,"key":"Strawberry"},{"floor":26,"key":"Tiny Chest"},{"floor":28,"key":"Enchiridion"},{"floor":30,"key":"Singing Bowl"}],"event_choices":[{"event_name":"Upgrade Shrine","player_choice":"Upgraded","floor":2,"damage_taken":0},{"event_name":"Liars Game","player_choice":"disagreed","floor":3,"damage_taken":0},{"event_name":"Cursed Tome","player_choice":"Obtained Book","floor":28,"damage_taken":0},{"event_name":"Tomb of Lord Red Mask","player_choice":"Ignored","floor":37,"damage_taken":0}],"boss_relics":[{"not_picked":["Runic Cube","Velvet Choker"],"picked":"Runic Dome"},{"not_picked":["Tiny House","Philosopher\u0027s Stone"],"picked":"Orrery"}],"items_purged_floors":[21],"potions_floor_spawned":[1,4,5,12,14,18,31,33,38],"seed_played":"-4952211084058435126","killed_by":"Maw","ascension_level":14,"potions_obtained":[{"floor":1,"key":"AttackPotion"},{"floor":4,"key":"PowerPotion"},{"floor":5,"key":"LiquidBronze"},{"floor":12,"key":"BloodPotion"},{"floor":14,"key":"GamblersBrew"},{"floor":18,"key":"Regen Potion"},{"floor":31,"key":"SkillPotion"},{"floor":33,"key":"Fire Potion"},{"floor":38,"key":"Fire Potion"}],"is_trial":false}