{"gold_per_floor":[112,131,142,154,167,167,117,117,171,199,64,64,78,89,89,89],"floor_reached":16,"playtime":1472,"items_purged":["Strike_R"],"score":96,"play_id":"bd6997e7-d2b8-4e4b-b9e9-6158ea3666b7","local_time":"20180923041518","is_ascension_mode":false,"campfire_choices":[{"data":"Flex","floor":6,"key":"SMITH"},{"data":"Warcry","floor":8,"key":"SMITH"},{"data":"Inflame","floor":12,"key":"SMITH"},{"data":"Defend_R","floor":15,"key":"SMITH"}],"neow_cost":"NONE","seed_source_timestamp":42103755208837,"circlet_count":0,"master_deck":["Strike_R","Strike_R","Strike_R","Defend_R","Defend_R","Defend_R+1","Defend_R+1","Bash","Flex+1","Warcry+1","Inflame+1"],"relics":["Burning Blood","MawBank"],"potions_floor_usage":[4,16,16],"damage_taken":[{"damage":3,"enemies":"2 Louse","floor":1,"turns":3},{"damage":4,"enemies":"Jaw Worm","floor":2,"turns":4},{"damage":1,"enemies":"Cultist","floor":3,"turns":5},{"damage":16,"enemies":"Red Slaver","floor":4,"turns":5},{"damage":7,"enemies":"Exordium Wildlife","floor":5,"turns":4},{"damage":5,"enemies":"3 Louse","floor":10,"turns":5},{"damage":0,"enemies":"2 Fungi Beasts","floor":13,"turns":3},{"damage":7,"enemies":"Looter","floor":14,"turns":3},{"damage":88,"enemies":"Slime Boss","floor":16,"turns":13}],"seed_played":"8071525061451875225","potions_obtained":[{"floor":2,"key":"Block Potion"},{"floor":4,"key":"Fruit Juice"},{"floor":13,"key":"Dexterity Potion"}],"is_trial":false,"path_per_floor":["M","M","M","M","M","R","?","R","T","M","$","R","M","M","R"],"character_chosen":"IRONCLAD","items_purchased":["Inflame"],"campfire_rested":0,"item_purchase_floors":[11],"current_hp_per_floor":[80,80,80,75,74,74,74,74,74,75,75,75,81,80,80,0],"gold":89,"neow_bonus":"UPGRADE_CARD","is_prod":false,"is_daily":false,"chose_seed":false,"campfire_upgraded":4,"win_rate":0.0,"timestamp":1537665318,"path_taken":["M","M","M","M","M","R","?","R","T","M","$","R","M","M","R","BOSS"],"build_version":"2018-09-20","purchased_purges":1,"victory":false,"max_hp_per_floor":[80,80,80,85,85,85,85,85,85,85,85,85,85,85,85,85],"card_choices":[{"not_picked":["True Grit","Evolve","Second Wind"],"picked":"SKIP","floor":1},{"not_picked":["Body Slam","Thunderclap","Pommel Strike"],"picked":"SKIP","floor":2},{"not_picked":["Armaments","Second Wind"],"picked":"Flex","floor":3},{"not_picked":["Pommel Strike","Burning Pact","Thunderclap"],"picked":"SKIP","floor":4},{"not_picked":["Thunderclap","Clash"],"picked":"Warcry","floor":5},{"not_picked":["Sword Boomerang","Feel No Pain","Thunderclap"],"picked":"SKIP","floor":10},{"not_picked":["Entrench","Searing Blow","Wild Strike"],"picked":"SKIP","floor":13},{"not_picked":["Anger","Blood for Blood","Reckless Charge"],"picked":"SKIP","floor":14}],"player_experience":45931,"relics_obtained":[{"floor":9,"key":"MawBank"}],"event_choices":[{"event_name":"The Cleric","player_choice":"Card Removal","floor":7,"damage_taken":0}],"is_beta":false,"boss_relics":[],"items_purged_floors":[11],"is_endless":false,"potions_floor_spawned":[2,4,13],"killed_by":"Slime Boss","ascension_level":0}