{"gold_per_floor":[109,109,109,121,133,133,147,147,147,147,159,176,30,50,50,150,150,161,161,161,181,194,194,205,205,285,4,4,18,18,28,28,126,126,141,60,60,160,16,16,32,32,102,115,115,115,115,134,134,134],"floor_reached":51,"playtime":2010,"items_purged":["Strike_B","Strike_B"],"score":727,"play_id":"44157b75-f17b-48c7-b058-eebb67b9d2c9","local_time":"20180927193527","is_ascension_mode":true,"campfire_choices":[{"data":"Gash","floor":6,"key":"SMITH"},{"data":"Dualcast","floor":8,"key":"SMITH"},{"data":"Compile Driver","floor":10,"key":"SMITH"},{"data":"Zap","floor":15,"key":"SMITH"},{"data":"Beam Cell","floor":23,"key":"SMITH"},{"data":"Go for the Eyes","floor":25,"key":"SMITH"},{"data":"Secret Weapon","floor":28,"key":"SMITH"},{"data":"Creative AI","floor":30,"key":"SMITH"},{"floor":32,"key":"REST"},{"data":"Defragment","floor":40,"key":"SMITH"},{"data":"Madness","floor":42,"key":"SMITH"},{"floor":46,"key":"REST"},{"data":"Skim","floor":49,"key":"SMITH"}],"neow_cost":"NONE","seed_source_timestamp":355286199339773,"circlet_count":0,"master_deck":["Strike_B+1","Defend_B","Defend_B","Defend_B","Defend_B+1","Zap+1","Dualcast+1","Sunder+1","Compile Driver+1","Gash+1","Skim+1","Chill","Beam Cell+1","All For One+1","Creative AI+1","Go for the Eyes+1","Steam Power","Chill+1","Secret Weapon+1","Machine Learning","Streamline+1","Defragment+1","Madness","Madness+1"],"relics":["Cracked Core","Oddly Smooth Stone","Mummified Hand","Busted Crown","MutagenicStrength","Shuriken","Inserter","Whetstone","Blue Candle"],"potions_floor_usage":[16,33,33,48,50],"damage_taken":[{"damage":6,"enemies":"Jaw Worm","floor":1,"turns":3},{"damage":0,"enemies":"Small Slimes","floor":4,"turns":2},{"damage":0,"enemies":"Cultist","floor":5,"turns":2},{"damage":1,"enemies":"Blue Slaver","floor":7,"turns":2},{"damage":0,"enemies":"Exordium Wildlife","floor":11,"turns":2},{"damage":14,"enemies":"Lots of Slimes","floor":12,"turns":3},{"damage":0,"enemies":"Large Slime","floor":14,"turns":4},{"damage":12,"enemies":"Hexaghost","floor":16,"turns":8},{"damage":18,"enemies":"2 Thieves","floor":18,"turns":3},{"damage":0,"enemies":"Spheric Guardian","floor":21,"turns":3},{"damage":8,"enemies":"Snecko","floor":22,"turns":4},{"damage":6,"enemies":"Snake Plant","floor":24,"turns":3},{"damage":3,"enemies":"Centurion and Healer","floor":29,"turns":4},{"damage":0,"enemies":"Cultist and Chosen","floor":31,"turns":3},{"damage":1,"enemies":"Automaton","floor":33,"turns":6},{"damage":10,"enemies":"3 Darklings","floor":35,"turns":4},{"damage":8,"enemies":"Orb Walker","floor":41,"turns":2},{"damage":18,"enemies":"Maw","floor":44,"turns":4},{"damage":6,"enemies":"Transient","floor":48,"turns":5},{"damage":37,"enemies":"Donu and Deca","floor":50,"turns":6}],"seed_played":"-7565314310554455398","potions_obtained":[{"floor":1,"key":"FocusPotion"},{"floor":4,"key":"SpeedPotion"},{"floor":12,"key":"SkillPotion"},{"floor":21,"key":"Dexterity Potion"},{"floor":24,"key":"FocusPotion"},{"floor":33,"key":"Energy Potion"},{"floor":35,"key":"Regen Potion"},{"floor":48,"key":"SkillPotion"}],"is_trial":false,"path_per_floor":["M","?","?","M","M","R","M","R","T","R","M","M","$","M","R","B",null,"M","?","?","M","M","R","M","R","T","$","R","M","R","M","R","B",null,"M","$","?","?","$","R","M","R","T","M","$","R","$","M","R","B"],"character_chosen":"DEFECT","items_purchased":["All For One","Secret Weapon","Defragment","Whetstone"],"campfire_rested":2,"item_purchase_floors":[13,27,36,39],"current_hp_per_floor":[69,69,54,54,54,54,53,53,53,53,53,39,39,39,39,27,75,57,57,57,57,49,49,43,43,43,43,43,40,40,40,62,61,75,65,65,56,56,56,56,48,48,48,30,30,52,52,61,61,24],"gold":134,"neow_bonus":"RANDOM_COMMON_RELIC","is_prod":false,"is_daily":false,"chose_seed":false,"campfire_upgraded":11,"win_rate":0,"timestamp":1538091327,"path_taken":["M","?","?","M","M","R","?","R","T","R","M","M","$","M","R","BOSS","M","?","?","M","M","R","M","R","T","$","R","?","R","M","R","BOSS","M","$","?","?","$","R","M","R","T","M","$","R","?","?","R","BOSS"],"build_version":"2018-09-20","purchased_purges":2,"victory":true,"max_hp_per_floor":[75,75,75,75,75,75,75,75,75,75,75,75,75,75,75,75,75,75,75,75,75,75,75,75,75,75,75,75,75,75,75,75,75,75,75,75,75,75,75,75,75,75,75,75,75,75,75,75,75,75],"card_choices":[{"not_picked":["BootSequence","Steam"],"picked":"Sunder","floor":1},{"not_picked":["Rebound","Loop"],"picked":"Compile Driver","floor":4},{"not_picked":["Leap","Go for the Eyes"],"picked":"Gash","floor":5},{"not_picked":["Double Energy","Barrage"],"picked":"Skim","floor":7},{"not_picked":["Rebound","Heatsinks"],"picked":"Chill","floor":11},{"not_picked":["Stack","Coolheaded"],"picked":"Beam Cell","floor":12},{"not_picked":["Storm","Doom and Gloom","Sweeping Beam"],"picked":"SKIP","floor":14},{"not_picked":["Meteor Strike","Hyperbeam"],"picked":"Creative AI","floor":16},{"not_picked":[],"picked":"Go for the Eyes","floor":18},{"not_picked":["Turbo+1"],"picked":"SKIP","floor":21},{"not_picked":[],"picked":"Steam Power","floor":22},{"not_picked":[],"picked":"Chill+1","floor":24},{"not_picked":["Tempest"],"picked":"SKIP","floor":29},{"not_picked":["Blizzard"],"picked":"SKIP","floor":31},{"not_picked":[],"picked":"Machine Learning","floor":33},{"not_picked":[],"picked":"Streamline+1","floor":35},{"not_picked":["Barrage+1"],"picked":"SKIP","floor":41},{"not_picked":["Undo"],"picked":"SKIP","floor":44},{"not_picked":["Capacitor"],"picked":"SKIP","floor":48}],"player_experience":605125,"relics_obtained":[{"floor":9,"key":"Mummified Hand"},{"floor":26,"key":"Shuriken"},{"floor":43,"key":"Blue Candle"}],"event_choices":[{"event_name":"Living Wall","player_choice":"Grow","floor":2,"damage_taken":0},{"event_name":"Shining Light","player_choice":"Entered Light","floor":3,"damage_taken":0},{"event_name":"Drug Dealer","player_choice":"Inject Mutagens","floor":19,"damage_taken":0},{"event_name":"Back to Basics","player_choice":"Elegance","floor":20,"damage_taken":0},{"event_name":"Winding Halls","player_choice":"Embrace Madness","floor":37,"damage_taken":0},{"event_name":"Golden Shrine","player_choice":"Pray","floor":38,"damage_taken":0}],"is_beta":false,"boss_relics":[{"not_picked":["Astrolabe","White Beast Statue"],"picked":"Busted Crown"},{"not_picked":["Pandora\u0027s Box","Orrery"],"picked":"Inserter"}],"items_purged_floors":[13,27],"is_endless":false,"potions_floor_spawned":[1,4,12,21,24,33,35,48],"ascension_level":3}