{"gold_per_floor":[109,109,124,149,16,56,56,81,157,157,176,176,206,222,222,222],"floor_reached":16,"playtime":1417,"items_purged":[],"score":102,"play_id":"c91dfdb7-0b5f-413d-9c7c-0617e2ffa27e","local_time":"20190201213417","is_ascension_mode":false,"campfire_choices":[{"data":"Redo","floor":7,"key":"SMITH"},{"data":"Zap","floor":10,"key":"SMITH"},{"floor":15,"key":"REST"}],"neow_cost":"NONE","seed_source_timestamp":1681253612512795,"circlet_count":0,"master_deck":["Strike_B","Strike_B","Strike_B","Strike_B","Defend_B","Defend_B","Defend_B","Zap+1","Dualcast","Auto Shields","Scrape","Conserve Battery","Flash of Steel","Redo+1","Defragment","Capacitor","Chaos","Gash","All For One"],"relics":["Cracked Core","Golden Idol","Ice Cream","Kunai","Odd Mushroom"],"potions_floor_usage":[6,16,16],"damage_taken":[{"damage":1,"enemies":"Jaw Worm","floor":1,"turns":4},{"damage":0,"enemies":"2 Louse","floor":3,"turns":3},{"damage":0,"enemies":"Cultist","floor":4,"turns":3},{"damage":12,"enemies":"Lagavulin","floor":6,"turns":5},{"damage":9,"enemies":"Gremlin Gang","floor":8,"turns":6},{"damage":9,"enemies":"Exordium Wildlife","floor":11,"turns":4},{"damage":17,"enemies":"The Mushroom Lair","floor":13,"turns":4},{"damage":0,"enemies":"Looter","floor":14,"turns":2},{"damage":32,"enemies":"The Guardian","floor":16,"turns":7}],"seed_played":"-152106056535812901","potions_obtained":[{"floor":1,"key":"Weak Potion"},{"floor":4,"key":"Strength Potion"},{"floor":13,"key":"Strength Potion"},{"floor":14,"key":"PowerPotion"}],"is_trial":false,"path_per_floor":["M","?","M","M","$","E","R","M","T","R","M","?","?","M","R","B"],"character_chosen":"DEFECT","items_purchased":["Flash of Steel","Redo"],"campfire_rested":1,"item_purchase_floors":[5,5],"current_hp_per_floor":[74,56,56,56,56,44,44,35,35,35,26,26,9,9,31,0],"gold":222,"neow_bonus":"REMOVE_CARD","is_prod":false,"is_daily":false,"chose_seed":false,"campfire_upgraded":2,"win_rate":0,"timestamp":1549053257,"path_taken":["M","?","M","M","$","E","R","M","T","R","M","?","?","M","R","BOSS"],"build_version":"2019-01-23","purchased_purges":0,"victory":false,"max_hp_per_floor":[75,75,75,75,75,75,75,75,75,75,75,75,75,75,75,75],"card_choices":[{"not_picked":["Heatsinks","Go for the Eyes"],"picked":"Auto Shields","floor":1},{"not_picked":["Steam Power","Beam Cell"],"picked":"Scrape","floor":3},{"not_picked":["Redo","Rebound"],"picked":"Conserve Battery","floor":4},{"not_picked":["Sweeping Beam","Streamline"],"picked":"Defragment","floor":6},{"not_picked":["Redo","Leap"],"picked":"Capacitor","floor":8},{"not_picked":["Leap","Compile Driver"],"picked":"Chaos","floor":11},{"not_picked":["Recycle","Blizzard"],"picked":"Gash","floor":13},{"not_picked":["Coolheaded","Blizzard"],"picked":"All For One","floor":14}],"player_experience":125792,"relics_obtained":[{"floor":6,"key":"Ice Cream"},{"floor":9,"key":"Kunai"},{"floor":13,"key":"Odd Mushroom"}],"event_choices":[{"damage_healed":0,"gold_gain":0,"player_choice":"Take Damage","damage_taken":18,"relics_obtained":["Golden Idol"],"max_hp_gain":0,"max_hp_loss":0,"event_name":"Golden Idol","floor":2,"gold_loss":0},{"damage_healed":0,"gold_gain":0,"player_choice":"Fled","damage_taken":0,"max_hp_gain":0,"max_hp_loss":0,"event_name":"Scrap Ooze","floor":12,"gold_loss":0},{"damage_healed":0,"gold_gain":0,"player_choice":"Fought Mushrooms","damage_taken":0,"max_hp_gain":0,"max_hp_loss":0,"event_name":"Mushrooms","floor":13,"gold_loss":0}],"is_beta":false,"boss_relics":[],"items_purged_floors":[],"is_endless":false,"potions_floor_spawned":[1,4,13,14],"killed_by":"The Guardian","ascension_level":0}