{"gold_per_floor":[114,64,76,4,22,48,48,60,60,75,106,106,141,156,156,251,251,270,270,270,8,23,23,23],"floor_reached":24,"playtime":1777,"items_purged":["Strike_G"],"score":335,"play_id":"1416d788-b598-4189-acc7-d468d8dd1f18","local_time":"20180923211418","is_ascension_mode":true,"campfire_choices":[{"data":"Cloak And Dagger","floor":7,"key":"SMITH"},{"floor":12,"key":"REST"},{"data":"Footwork","floor":15,"key":"SMITH"},{"data":"Malaise","floor":23,"key":"SMITH"}],"neow_cost":"TEN_PERCENT_HP_LOSS","seed_source_timestamp":15854020814214,"circlet_count":0,"master_deck":["Defend_G","Defend_G","Defend_G","Defend_G","Defend_G","Strike_G","Survivor","Neutralize","AscendersBane","Sucker Punch","Dash","Footwork+1","Cloak And Dagger+1","Infinite Blades","Backflip","Escape Plan","Deadly Poison","Dodge and Roll","Cloak And Dagger","Malaise+1","Infinite Blades+1","Noxious Fumes","Blur","Predator","Terror+1"],"relics":["Ring of the Snake","Ancient Tea Set","Pantograph","StoneCalendar","Blue Candle","WristBlade"],"potions_floor_usage":[11,20,20,24],"damage_taken":[{"damage":4,"enemies":"Small Slimes","floor":1,"turns":4},{"damage":1,"enemies":"Jaw Worm","floor":3,"turns":6},{"damage":0,"enemies":"Cultist","floor":5,"turns":5},{"damage":23,"enemies":"Lagavulin","floor":6,"turns":13},{"damage":0,"enemies":"Looter","floor":8,"turns":4},{"damage":0,"enemies":"Large Slime","floor":10,"turns":10},{"damage":25,"enemies":"Gremlin Nob","floor":11,"turns":6},{"damage":8,"enemies":"3 Sentries","floor":13,"turns":7},{"damage":0,"enemies":"3 Louse","floor":14,"turns":4},{"damage":35,"enemies":"Hexaghost","floor":16,"turns":15},{"damage":13,"enemies":"Chosen","floor":18,"turns":7},{"damage":19,"enemies":"Colosseum Slavers","floor":20,"turns":6},{"damage":0,"enemies":"Spheric Guardian","floor":22,"turns":6},{"damage":46,"enemies":"Gremlin Leader","floor":24,"turns":3}],"seed_played":"5950286662509759433","potions_obtained":[{"floor":3,"key":"SpeedPotion"},{"floor":6,"key":"SpeedPotion"},{"floor":11,"key":"Fruit Juice"},{"floor":14,"key":"Fire Potion"},{"floor":22,"key":"Strength Potion"}],"is_trial":false,"path_per_floor":["M","?","M","$","M","E","R","M","T","M","E","R","E","M","R","B",null,"M","?","?","$","M","R"],"character_chosen":"THE_SILENT","items_purchased":["Footwork","Noxious Fumes","Blur","Predator"],"campfire_rested":1,"item_purchase_floors":[4,21,21,21],"current_hp_per_floor":[59,59,58,58,58,35,35,35,35,35,15,35,27,27,27,17,55,42,64,45,45,45,45,0],"gold":23,"neow_bonus":"REMOVE_TWO","is_prod":false,"is_daily":false,"chose_seed":false,"campfire_upgraded":3,"win_rate":0,"timestamp":1537751658,"path_taken":["M","?","M","$","M","E","R","M","T","M","E","R","E","M","R","BOSS","M","?","?","?","M","R","E"],"build_version":"2018-09-20","purchased_purges":1,"victory":false,"max_hp_per_floor":[63,63,63,63,63,63,63,63,63,63,68,68,68,68,68,68,68,68,68,68,68,68,68,68],"card_choices":[{"not_picked":["Calculated Gamble","Outmaneuver"],"picked":"Sucker Punch","floor":1},{"not_picked":["Masterful Stab","Sucker Punch"],"picked":"Dash","floor":3},{"not_picked":["PiercingWail","Underhanded Strike"],"picked":"Cloak And Dagger","floor":5},{"not_picked":["Quick Slash","Blade Dance"],"picked":"Infinite Blades","floor":6},{"not_picked":["Acrobatics","Calculated Gamble"],"picked":"Backflip","floor":8},{"not_picked":["Bane","Heel Hook"],"picked":"Escape Plan","floor":10},{"not_picked":["Eviscerate","PiercingWail"],"picked":"Deadly Poison","floor":11},{"not_picked":["Night Terror","Slice"],"picked":"Dodge and Roll","floor":13},{"not_picked":["Underhanded Strike","Quick Slash"],"picked":"Cloak And Dagger","floor":14},{"not_picked":["Bullet Time","After Image"],"picked":"Malaise","floor":16},{"not_picked":["Flying Knee","Quick Slash"],"picked":"Infinite Blades+1","floor":18},{"not_picked":["Riddle With Holes","Expertise"],"picked":"Terror+1","floor":22}],"player_experience":591179,"relics_obtained":[{"floor":6,"key":"Ancient Tea Set"},{"floor":9,"key":"Pantograph"},{"floor":11,"key":"StoneCalendar"},{"floor":13,"key":"Blue Candle"}],"event_choices":[{"event_name":"The Cleric","player_choice":"Card Removal","floor":2,"damage_taken":0},{"event_name":"The Library","player_choice":"Heal","floor":19,"damage_taken":0},{"event_name":"Colosseum","player_choice":"Fight","floor":20,"damage_taken":0},{"event_name":"Colosseum","player_choice":"Fled From Nobs","floor":20,"damage_taken":0}],"is_beta":false,"boss_relics":[{"not_picked":["Velvet Choker","Black Star"],"picked":"WristBlade"}],"items_purged_floors":[21],"is_endless":false,"potions_floor_spawned":[3,6,11,14,20,22],"killed_by":"Gremlin Leader","ascension_level":11}