{"path_per_floor":["M","M","M","M","?","E","R","M","T","R","E","M","E","M","R","B",null,"M","?","?","$","?","R","$","M","T","M","R","M","M","M","R"],"character_chosen":"THE_SILENT","items_purchased":["Cloak And Dagger"],"gold_per_floor":[99,99,99,99,99,99,99,99,99,99,99,99,99,69,69,69,69,69,69,69,20,20,20,20,0,0,0,0,0,0,0,0,0],"floor_reached":33,"campfire_rested":2,"playtime":2079,"current_hp_per_floor":[59,59,59,59,59,58,58,58,58,58,35,35,44,41,41,4,50,50,34,34,34,34,34,34,31,31,10,29,12,12,2,21,0],"items_purged":[],"gold":0,"score":407,"play_id":"db2574b2-9512-4f5f-924c-f69ebf94484f","local_time":"20180505143849","is_prod":false,"is_daily":false,"chose_seed":false,"is_ascension_mode":true,"campfire_upgraded":4,"timestamp":1525545529,"path_taken":["M","M","M","M","?","E","R","M","T","R","E","?","E","M","R","BOSS","M","?","?","$","?","R","$","M","T","M","R","M","?","M","R","BOSS"],"build_version":"2018-05-03","seed_source_timestamp":316284354969309,"purchased_purges":0,"victory":false,"master_deck":["Defend_G","Defend_G","Defend_G","Defend_G","Defend_G","Strike_G","Strike_G","Strike_G","Strike_G","Strike_G","Survivor","Neutralize","AscendersBane","Dash+1","Dagger Throw","Outmaneuver","Cloak And Dagger+1","Cloak And Dagger","PiercingWail","Calculated Gamble","Blur","Predator+1","Glass Knife+1","Cloak And Dagger","Backflip","Flying Knee+1","Quick Slash+1","Sucker Punch+1"],"max_hp_per_floor":[70,70,70,70,65,65,65,65,65,65,65,65,65,65,65,65,65,65,65,65,65,65,65,65,65,65,65,65,65,65,65,65,65],"relics":["Ectoplasm","Bloody Idol","Bottled Lightning","Dream Catcher","Letter Opener","Anchor","Runic Dome","Nilry\u0027s Codex","Vajra"],"card_choices":[{"not_picked":["Poisoned Stab","Caltrops"],"picked":"Dash","floor":1},{"not_picked":["Outmaneuver","Expertise"],"picked":"Dagger Throw","floor":2},{"not_picked":["Poisoned Stab","Skewer"],"picked":"Outmaneuver","floor":3},{"not_picked":["Infinite Blades","Deadly Poison"],"picked":"Cloak And Dagger","floor":4},{"not_picked":["Quick Slash","Deflect"],"picked":"Cloak And Dagger","floor":8},{"not_picked":["Dagger Throw","Choke"],"picked":"PiercingWail","floor":11},{"not_picked":["Infinite Blades","Outmaneuver"],"picked":"Calculated Gamble","floor":12},{"not_picked":["Flechettes","Outmaneuver"],"picked":"Blur","floor":13},{"not_picked":["Calculated Gamble","Outmaneuver"],"picked":"Predator","floor":14},{"not_picked":["A Thousand Cuts","Doppelganger"],"picked":"Glass Knife","floor":16},{"not_picked":["Distraction","Skewer"],"picked":"Backflip","floor":25},{"not_picked":["Catalyst","Bane"],"picked":"Flying Knee","floor":27},{"not_picked":["Flying Knee","Cloak And Dagger"],"picked":"Quick Slash","floor":29},{"not_picked":["Poisoned Stab","Concentrate"],"picked":"Sucker Punch","floor":32}],"player_experience":494573,"potions_floor_usage":[6,6,13,27,31,31,33,33],"damage_taken":[{"damage":4,"enemies":"Small Slimes","floor":1,"turns":4},{"damage":0,"enemies":"Jaw Worm","floor":2,"turns":4},{"damage":0,"enemies":"Cultist","floor":3,"turns":5},{"damage":0,"enemies":"2 Fungi Beasts","floor":4,"turns":3},{"damage":1,"enemies":"Gremlin Nob","floor":6,"turns":4},{"damage":0,"enemies":"3 Louse","floor":8,"turns":4},{"damage":23,"enemies":"Lagavulin","floor":11,"turns":7},{"damage":0,"enemies":"Exordium Thugs","floor":12,"turns":6},{"damage":6,"enemies":"3 Sentries","floor":13,"turns":6},{"damage":3,"enemies":"Looter","floor":14,"turns":3},{"damage":37,"enemies":"The Guardian","floor":16,"turns":17},{"damage":0,"enemies":"3 Byrds","floor":18,"turns":5},{"damage":3,"enemies":"2 Thieves","floor":25,"turns":4},{"damage":21,"enemies":"3 Cultists","floor":27,"turns":5},{"damage":17,"enemies":"Snake Plant","floor":29,"turns":4},{"damage":0,"enemies":"Centurion and Healer","floor":30,"turns":5},{"damage":10,"enemies":"Cultist and Chosen","floor":31,"turns":5},{"damage":29,"enemies":"Collector","floor":33,"turns":3}],"event_choices":[{"event_name":"Golden Idol","player_choice":"Lose Max HP","floor":5,"damage_taken":0},{"event_name":"Cursed Tome","player_choice":"Obtained Book","floor":19,"damage_taken":0},{"event_name":"Forgotten Altar","player_choice":"Gave Idol","floor":20,"damage_taken":0},{"event_name":"Addict","player_choice":"Ignored","floor":22,"damage_taken":0}],"boss_relics":[{"not_picked":["Orrery","Velvet Choker"],"picked":"Runic Dome"}],"potions_floor_spawned":[2,3,8,12,14,16,25,29,30],"seed_played":"-2584675147325713367","killed_by":"Collector","ascension_level":10,"is_trial":false}