{"gold_per_floor":[116,116,116,139,158,201,201,201,278,278,294,319,357,378,378,378],"floor_reached":16,"playtime":844,"items_purged":[],"score":112,"play_id":"d03021a5-d13d-4a5b-ba07-5ea860852b39","local_time":"20190224173313","is_ascension_mode":false,"campfire_choices":[{"data":"Fiend Fire","floor":7,"key":"SMITH"},{"floor":10,"key":"REST"},{"floor":15,"key":"DIG"}],"neow_cost":"NONE","seed_source_timestamp":178144312851,"circlet_count":0,"master_deck":["Strike_R","Strike_R","Strike_R","Strike_R","Strike_R","Defend_R","Defend_R","Defend_R+1","Defend_R+1","Bash","Shrug It Off","Fiend Fire+1","Perfected Strike","Cleave","Seeing Red","Disarm","Iron Wave","Iron Wave"],"relics":["Burning Blood","War Paint","Golden Idol","Mummified Hand","Regal Pillow","Mercury Hourglass","Shovel","Potion Belt"],"potions_floor_usage":[],"damage_taken":[{"damage":3,"enemies":"Jaw Worm","floor":1,"turns":3},{"damage":0,"enemies":"Small Slimes","floor":4,"turns":4},{"damage":0,"enemies":"2 Louse","floor":5,"turns":3},{"damage":49,"enemies":"Lagavulin","floor":6,"turns":7},{"damage":0,"enemies":"Exordium Wildlife","floor":11,"turns":2},{"damage":0,"enemies":"2 Fungi Beasts","floor":12,"turns":3},{"damage":14,"enemies":"Gremlin Nob","floor":13,"turns":3},{"damage":5,"enemies":"Looter","floor":14,"turns":2},{"damage":68,"enemies":"Hexaghost","floor":16,"turns":12}],"seed_played":"-7063966747599893263","potions_obtained":[{"floor":4,"key":"Ancient Potion"},{"floor":6,"key":"Explosive Potion"},{"floor":11,"key":"SpeedPotion"},{"floor":13,"key":"Dexterity Potion"}],"is_trial":false,"path_per_floor":["M","?","?","M","M","E","R","T","T","R","M","M","E","M","R","B"],"character_chosen":"IRONCLAD","items_purchased":[],"campfire_rested":1,"item_purchase_floors":[],"current_hp_per_floor":[80,74,74,74,74,31,31,31,31,68,74,74,66,67,67,0],"gold":378,"neow_bonus":"RANDOM_COMMON_RELIC","is_prod":false,"is_daily":false,"chose_seed":false,"campfire_upgraded":1,"win_rate":0,"timestamp":1551022393,"path_taken":["M","?","?","M","M","E","R","?","T","R","M","M","E","M","R","BOSS"],"build_version":"2019-01-23","purchased_purges":0,"victory":false,"max_hp_per_floor":[80,74,74,74,74,74,74,74,74,74,74,74,74,74,74,74],"card_choices":[{"not_picked":["Twin Strike","Thunderclap"],"picked":"Shrug It Off","floor":1},{"not_picked":["Perfected Strike","Thunderclap"],"picked":"Fiend Fire","floor":4},{"not_picked":["Sword Boomerang","Dual Wield"],"picked":"Perfected Strike","floor":5},{"not_picked":["Bloodletting","Pommel Strike"],"picked":"Cleave","floor":6},{"not_picked":["Perfected Strike","Thunderclap"],"picked":"Seeing Red","floor":11},{"not_picked":["Power Through","Flame Barrier"],"picked":"Disarm","floor":12},{"not_picked":["Double Tap","Anger"],"picked":"Iron Wave","floor":13},{"not_picked":["Rupture","Combust"],"picked":"Iron Wave","floor":14}],"player_experience":505666,"relics_obtained":[{"floor":6,"key":"Mummified Hand"},{"floor":8,"key":"Regal Pillow"},{"floor":9,"key":"Mercury Hourglass"},{"floor":13,"key":"Shovel"},{"floor":15,"key":"Potion Belt"}],"event_choices":[{"damage_healed":0,"gold_gain":0,"player_choice":"Lose Max HP","damage_taken":0,"relics_obtained":["Golden Idol"],"max_hp_gain":0,"max_hp_loss":6,"event_name":"Golden Idol","floor":2,"gold_loss":0},{"damage_healed":0,"gold_gain":0,"player_choice":"Leave","damage_taken":0,"max_hp_gain":0,"max_hp_loss":0,"event_name":"The Cleric","floor":3,"gold_loss":0}],"is_beta":false,"boss_relics":[],"items_purged_floors":[],"is_endless":false,"potions_floor_spawned":[4,6,11,13],"killed_by":"Hexaghost","ascension_level":0}