{"gold_per_floor":[118,118,130,145,156,156,172,207,207,224,237,271,127,139,139,240,240,256,105,123,137,153,153,180,180,205,223,148,148,148,182,182,182],"floor_reached":33,"playtime":3687,"items_purged":["Strike_R","Pain"],"score":461,"play_id":"b065839e-ce26-4acc-9d0a-327469bd9a65","local_time":"20190224110510","is_ascension_mode":true,"campfire_choices":[{"data":"Carnage","floor":6.0,"key":"SMITH"},{"data":"True Grit","floor":15.0,"key":"SMITH"},{"data":"Inflame","floor":23,"key":"SMITH"},{"data":"Fiend Fire","floor":25,"key":"SMITH"},{"data":"Searing Blow","floor":29,"key":"SMITH"},{"data":"Searing Blow+1","floor":32,"key":"SMITH"}],"neow_cost":"CURSE","seed_source_timestamp":0,"circlet_count":0,"master_deck":["Strike_R","Strike_R","Strike_R","Defend_R","Defend_R","Defend_R","Defend_R","Bash","Carnage+1","Clothesline","Flame Barrier","True Grit+1","Armaments+1","Searing Blow+2","Inflame+1","Searing Blow","Armaments+1","True Grit+1","Fiend Fire+1","Armaments+1","True Grit+1","Pummel","Searing Blow","Second Wind+1","True Grit+1","Pain"],"special_seed":0,"relics":["Burning Blood","StoneCalendar","Toxic Egg 2","Ornamental Fan","Meat on the Bone","Snecko Eye","Question Card","Oddly Smooth Stone","WarpedTongs","Molten Egg 2"],"potions_floor_usage":[24,24,24,31],"damage_taken":[{"damage":3.0,"enemies":"2 Louse","floor":1.0,"turns":3.0},{"damage":3.0,"enemies":"Cultist","floor":3.0,"turns":3.0},{"damage":8.0,"enemies":"Jaw Worm","floor":4.0,"turns":5.0},{"damage":15.0,"enemies":"Blue Slaver","floor":5.0,"turns":5.0},{"damage":12.0,"enemies":"Exordium Thugs","floor":7.0,"turns":5.0},{"damage":24.0,"enemies":"3 Sentries","floor":8.0,"turns":7.0},{"damage":8.0,"enemies":"Looter","floor":10.0,"turns":3.0},{"damage":12.0,"enemies":"Large Slime","floor":11.0,"turns":7.0},{"damage":17.0,"enemies":"Gremlin Nob","floor":12.0,"turns":4.0},{"damage":4.0,"enemies":"Blue Slaver","floor":14.0,"turns":5.0},{"damage":22.0,"enemies":"Slime Boss","floor":16.0,"turns":7.0},{"damage":3.0,"enemies":"Chosen","floor":18.0,"turns":3.0},{"damage":14.0,"enemies":"Shell Parasite","floor":20.0,"turns":6.0},{"damage":13,"enemies":"3 Cultists","floor":21,"turns":5},{"damage":4,"enemies":"Snecko","floor":22,"turns":5},{"damage":47,"enemies":"Book of Stabbing","floor":24,"turns":5},{"damage":0,"enemies":"Cultist and Chosen","floor":27,"turns":4},{"damage":23,"enemies":"Gremlin Leader","floor":31,"turns":7},{"damage":54,"enemies":"Collector","floor":33,"turns":6}],"seed_played":"7602074242635463022","potions_obtained":[{"floor":1.0,"key":"FearPotion"},{"floor":2.0,"key":"Dexterity Potion"},{"floor":2.0,"key":"BloodPotion"},{"floor":7.0,"key":"GamblersBrew"},{"floor":10.0,"key":"AttackPotion"},{"floor":14.0,"key":"FearPotion"},{"floor":16.0,"key":"Regen Potion"},{"floor":24,"key":"SteroidPotion"}],"is_trial":false,"path_per_floor":["M","?","M","M","M","R","M","E","T","M","M","E","$","M","R","B",null,"M","$","M","M","M","R","E","R","T","M","?","R","?","E","R","B"],"character_chosen":"IRONCLAD","items_purchased":["Armaments+1","True Grit+1","True Grit+1"],"campfire_rested":0,"item_purchase_floors":[13,13,19],"current_hp_per_floor":[75,75,78,76,67,67,69,51,51,49,43,32,32,46,46,42,71,74,74,66,59,61,61,46,46,46,52,52,52,52,47,47,0],"gold":182,"neow_bonus":"ONE_RARE_RELIC","is_prod":false,"is_daily":false,"chose_seed":false,"campfire_upgraded":6,"win_rate":0,"timestamp":1551024310,"path_taken":["M","?","M","M","?","R","M","E","T","M","M","E","$","M","R","BOSS","M","$","M","?","M","R","E","R","T","M","?","R","?","E","R","BOSS"],"build_version":"2019-01-23","purchased_purges":2,"victory":false,"max_hp_per_floor":[80,80,80,80,80,80,80,80,80,80,80,80,80,80,80,80,80,80,80,80,80,80,80,80,80,80,80,80,80,80,80,80,80],"card_choices":[{"not_picked":["Armaments","Havoc"],"picked":"Carnage","floor":1.0},{"not_picked":["Intimidate","Rupture"],"picked":"Clothesline","floor":3.0},{"not_picked":["Heavy Blade","Whirlwind"],"picked":"Flame Barrier","floor":4.0},{"not_picked":["Blood for Blood","Clash"],"picked":"True Grit","floor":5.0},{"not_picked":["Pommel Strike","Burning Pact","Clothesline"],"picked":"SKIP","floor":7.0},{"not_picked":["Clash","Seeing Red"],"picked":"Armaments","floor":8.0},{"not_picked":["Havoc+1","Shrug It Off+1"],"picked":"Searing Blow","floor":10.0},{"not_picked":["Blood for Blood","Flame Barrier+1"],"picked":"Inflame","floor":11.0},{"not_picked":["Impervious+1","Entrench+1"],"picked":"Searing Blow","floor":12.0},{"not_picked":["Anger","Sever Soul","Clash"],"picked":"SKIP","floor":14.0},{"not_picked":["Reaper","Demon Form"],"picked":"Fiend Fire","floor":16.0},{"not_picked":["Twin Strike","True Grit+1"],"picked":"Armaments+1","floor":18.0},{"not_picked":["Perfected Strike+1","Wild Strike","Rage+1"],"picked":"SKIP","floor":20.0},{"not_picked":["Dual Wield+1","Clash"],"picked":"Pummel","floor":21},{"not_picked":["Heavy Blade","Feed"],"picked":"Searing Blow","floor":22},{"not_picked":["Sword Boomerang","Havoc+1"],"picked":"Second Wind+1","floor":24},{"not_picked":["Carnage","Thunderclap+1","Flex+1"],"picked":"True Grit+1","floor":27},{"not_picked":["Heavy Blade","Warcry+1","Pommel Strike","Intimidate+1"],"picked":"SKIP","floor":31}],"player_experience":1658863,"relics_obtained":[{"floor":8.0,"key":"Toxic Egg 2"},{"floor":9.0,"key":"Ornamental Fan"},{"floor":12.0,"key":"Meat on the Bone"},{"floor":24,"key":"Question Card"},{"floor":26,"key":"Oddly Smooth Stone"},{"floor":31,"key":"Molten Egg 2"}],"event_choices":[{"damage_healed":0.0,"max_hp_gain":0.0,"max_hp_loss":0.0,"gold_gain":0.0,"event_name":"Lab","player_choice":"Got Potions","floor":2.0,"gold_loss":0.0,"damage_taken":0.0},{"cards_removed":["Strike_R"],"damage_healed":0,"gold_gain":0,"player_choice":"Gave Gold","damage_taken":0,"max_hp_gain":0,"max_hp_loss":0,"event_name":"Beggar","floor":28,"gold_loss":75},{"damage_healed":0,"gold_gain":0,"player_choice":"Rummage","damage_taken":0,"relics_obtained":["WarpedTongs"],"max_hp_gain":0,"max_hp_loss":0,"event_name":"Accursed Blacksmith","floor":30,"gold_loss":0,"cards_obtained":["Pain"]}],"is_beta":false,"boss_relics":[{"not_picked":["Philosopher\u0027s Stone","Black Star"],"picked":"Snecko Eye"}],"items_purged_floors":[13,19],"is_endless":false,"potions_floor_spawned":[1,7,10,14,16,21,22,24],"killed_by":"Collector","ascension_level":9}