{"gold_per_floor":[360,360,377,377,387,387,399,399,445,458,468,468,468,481,481,578,578,589,589,639,657,672,672,686,686],"floor_reached":25,"playtime":669,"items_purged":[],"score":197,"play_id":"3d1fb68b-d3bd-4ba4-97c6-6cf523c092f0","local_time":"20190309043518","is_ascension_mode":false,"campfire_choices":[{"data":"Armaments","floor":6.0,"key":"SMITH"},{"data":"Flex","floor":8.0,"key":"SMITH"},{"data":"Armaments","floor":12.0,"key":"SMITH"},{"data":"Heavy Blade","floor":15.0,"key":"SMITH"},{"data":"Bludgeon","floor":23,"key":"SMITH"}],"neow_cost":"CURSE","seed_source_timestamp":27734433689792,"circlet_count":0,"master_deck":["Strike_R","Strike_R","Strike_R","Strike_R","Strike_R","Defend_R","Defend_R","Defend_R","Defend_R","Bash+1","Regret","Flex+1","Armaments+1","Armaments+1","Disarm","Heavy Blade+1","Bludgeon+1","Twin Strike+1","Shame","Reckless Charge+1","Demon Form"],"special_seed":0,"relics":["Burning Blood","Blood Vial","Mark of Pain","Bag of Marbles"],"potions_floor_usage":[],"damage_taken":[{"damage":14.0,"enemies":"2 Louse","floor":1.0,"turns":4.0},{"damage":4.0,"enemies":"Cultist","floor":3.0,"turns":3.0},{"damage":1.0,"enemies":"Small Slimes","floor":5.0,"turns":4.0},{"damage":10.0,"enemies":"2 Fungi Beasts","floor":7.0,"turns":4.0},{"damage":26.0,"enemies":"Lots of Slimes","floor":10.0,"turns":4.0},{"damage":5.0,"enemies":"Blue Slaver","floor":11.0,"turns":4.0},{"damage":3.0,"enemies":"Looter","floor":14.0,"turns":4.0},{"damage":30.0,"enemies":"The Guardian","floor":16.0,"turns":12.0},{"damage":20.0,"enemies":"Shell Parasite","floor":18.0,"turns":5.0},{"damage":33.0,"enemies":"2 Thieves","floor":21.0,"turns":5.0},{"damage":8.0,"enemies":"Centurion and Healer","floor":22.0,"turns":5.0},{"damage":5,"enemies":"Shelled Parasite and Fungi","floor":24,"turns":4},{"damage":53,"enemies":"Book of Stabbing","floor":25,"turns":5}],"seed_played":"136197331578777668","potions_obtained":[{"floor":1.0,"key":"SteroidPotion"},{"floor":7.0,"key":"Dexterity Potion"},{"floor":10.0,"key":"SteroidPotion"},{"floor":16.0,"key":"LiquidBronze"}],"is_trial":false,"path_per_floor":["M","?","M","?","M","R","M","R","T","M","M","R","?","M","R","B",null,"M","?","?","M","M","R","M","E"],"character_chosen":"IRONCLAD","items_purchased":[],"campfire_rested":0,"item_purchase_floors":[],"current_hp_per_floor":[72,72,74,74,79,79,75,75,75,57,60,60,65,70,70,48,85,71,71,71,46,46,46,49,0],"gold":686,"neow_bonus":"TWO_FIFTY_GOLD","is_prod":false,"is_daily":false,"chose_seed":false,"campfire_upgraded":5,"win_rate":0,"timestamp":1552127718,"path_taken":["M","?","M","?","?","R","M","R","T","M","M","R","?","M","R","BOSS","M","?","?","M","M","R","?","E"],"build_version":"2019-01-23","purchased_purges":0,"victory":false,"max_hp_per_floor":[80,80,80,80,80,80,80,80,80,80,80,80,85,85,85,85,85,85,85,85,85,85,85,85,85],"card_choices":[{"not_picked":["Hemokinesis","Warcry","Feel No Pain"],"picked":"SKIP","floor":1.0},{"not_picked":["Havoc","Sword Boomerang"],"picked":"Flex","floor":3.0},{"not_picked":["Combust","Havoc"],"picked":"Armaments","floor":5.0},{"not_picked":["Anger","Dropkick","Hemokinesis"],"picked":"SKIP","floor":7.0},{"not_picked":["Sword Boomerang","Sever Soul"],"picked":"Armaments","floor":10.0},{"not_picked":["Rage","Seeing Red"],"picked":"Disarm","floor":11.0},{"not_picked":["Metallicize","Flex"],"picked":"Heavy Blade","floor":14.0},{"not_picked":["Reaper","Berserk"],"picked":"Bludgeon","floor":16.0},{"not_picked":["Carnage+1","Armaments+1"],"picked":"Twin Strike+1","floor":18.0},{"not_picked":["True Grit","Anger","Perfected Strike"],"picked":"SKIP","floor":21.0},{"not_picked":["Wild Strike","Rampage+1"],"picked":"Reckless Charge+1","floor":22},{"not_picked":["Inflame","Heavy Blade+1"],"picked":"Demon Form","floor":24}],"player_experience":1006501,"relics_obtained":[{"floor":9.0,"key":"Blood Vial"}],"event_choices":[{"damage_healed":0.0,"max_hp_gain":0.0,"max_hp_loss":0.0,"gold_gain":0.0,"event_name":"Living Wall","player_choice":"Grow","floor":2.0,"gold_loss":0.0,"damage_taken":0.0,"cards_upgraded":["Bash"]},{"damage_healed":0.0,"max_hp_gain":0.0,"max_hp_loss":0.0,"gold_gain":0.0,"event_name":"NoteForYourself","player_choice":"Ignored","floor":4.0,"gold_loss":0.0,"damage_taken":0.0},{"damage_healed":0.0,"max_hp_gain":5.0,"max_hp_loss":0.0,"gold_gain":0.0,"event_name":"Big Fish","player_choice":"Donut","floor":13.0,"gold_loss":0.0,"damage_taken":0.0},{"damage_healed":0.0,"max_hp_gain":0.0,"max_hp_loss":0.0,"gold_gain":0.0,"event_name":"Addict","player_choice":"Stole Relic","floor":19.0,"gold_loss":0.0,"damage_taken":0.0,"relics_obtained":["Bag of Marbles"],"cards_obtained":["Shame"]},{"damage_healed":0.0,"max_hp_gain":0.0,"max_hp_loss":0.0,"gold_gain":100.0,"event_name":"The Joust","player_choice":"Bet on Murderer","floor":20.0,"gold_loss":50.0,"damage_taken":0.0}],"is_beta":false,"boss_relics":[{"not_picked":["Calling Bell","Runic Cube"],"picked":"Mark of Pain"}],"items_purged_floors":[],"is_endless":false,"potions_floor_spawned":[1,7,10,16,18],"killed_by":"Book of Stabbing","ascension_level":0}