{"gold_per_floor":[112,126,136,149,249,249,279,291,321,321,338,338,369,401,413,425],"floor_reached":16,"playtime":1006,"items_purged":[],"score":120,"play_id":"dde9272f-af17-40e4-a7cf-68ee696776e5","local_time":"20190225235720","is_ascension_mode":true,"campfire_choices":[{"data":"Neutralize","floor":6,"key":"SMITH"},{"data":"Cloak And Dagger","floor":10,"key":"SMITH"},{"data":"PiercingWail","floor":12,"key":"SMITH"},{"data":"Tools of the Trade","floor":15,"key":"SMITH"}],"neow_cost":"NONE","seed_source_timestamp":52528673445669,"circlet_count":0,"master_deck":["Defend_G","Defend_G","Defend_G","Defend_G","Defend_G","Strike_G","Strike_G","Strike_G","Strike_G","Strike_G","Survivor","Neutralize+1","Quick Slash","Caltrops","Dagger Throw","Cloak And Dagger+1","Wraith Form v2","PiercingWail+1","Tools of the Trade+1"],"relics":["Ring of the Snake","Anchor","Pantograph","Tiny Chest","MawBank"],"potions_floor_usage":[13],"damage_taken":[{"damage":0,"enemies":"Cultist","floor":1,"turns":4},{"damage":0,"enemies":"Small Slimes","floor":2,"turns":2},{"damage":0,"enemies":"Jaw Worm","floor":3,"turns":4},{"damage":12,"enemies":"2 Fungi Beasts","floor":4,"turns":4},{"damage":3,"enemies":"3 Sentries","floor":7,"turns":9},{"damage":0,"enemies":"3 Louse","floor":8,"turns":3},{"damage":0,"enemies":"Red Slaver","floor":11,"turns":4},{"damage":18,"enemies":"Gremlin Nob","floor":13,"turns":6},{"damage":1,"enemies":"Looter","floor":14,"turns":3},{"damage":0,"enemies":"Slime Boss","floor":16,"turns":1}],"seed_played":"-6927070147069852848","potions_obtained":[{"floor":4,"key":"SkillPotion"},{"floor":7,"key":"Block Potion"},{"floor":8,"key":"Block Potion"},{"floor":13,"key":"Regen Potion"}],"is_trial":false,"path_per_floor":["M","M","M","M","?","R","E","M","T","R","M","R","E","M","R","B"],"character_chosen":"THE_SILENT","items_purchased":[],"campfire_rested":0,"item_purchase_floors":[],"current_hp_per_floor":[70,70,70,58,58,58,55,55,55,55,55,55,37,36,36,61],"gold":425,"neow_bonus":"RANDOM_COMMON_RELIC","is_prod":false,"is_daily":false,"chose_seed":false,"campfire_upgraded":4,"win_rate":0,"timestamp":1551131840,"path_taken":["M","M","?","M","?","R","E","?","T","R","M","R","E","M","R","BOSS"],"build_version":"2019-01-23","purchased_purges":0,"victory":false,"max_hp_per_floor":[70,70,70,70,70,70,70,70,70,70,70,70,70,70,70,70],"card_choices":[{"not_picked":["Blade Dance","Escape Plan"],"picked":"Quick Slash","floor":1},{"not_picked":["Deflect","Tactician"],"picked":"Caltrops","floor":2},{"not_picked":["Outmaneuver","Crippling Poison"],"picked":"Dagger Throw","floor":3},{"not_picked":["Finisher","Bane"],"picked":"Cloak And Dagger","floor":4},{"not_picked":["Catalyst","Sucker Punch"],"picked":"Wraith Form v2","floor":7},{"not_picked":["Underhanded Strike","Masterful Stab","Bane"],"picked":"SKIP","floor":8},{"not_picked":["Acrobatics","Crippling Poison"],"picked":"PiercingWail","floor":11},{"not_picked":["Underhanded Strike","Poisoned Stab"],"picked":"Tools of the Trade","floor":13},{"not_picked":["Poisoned Stab","Distraction","Quick Slash"],"picked":"SKIP","floor":14}],"player_experience":532851,"relics_obtained":[{"floor":7,"key":"Pantograph"},{"floor":9,"key":"Tiny Chest"},{"floor":13,"key":"MawBank"}],"event_choices":[{"damage_healed":0,"gold_gain":100,"player_choice":"Gold","damage_taken":0,"max_hp_gain":0,"max_hp_loss":0,"event_name":"Wheel of Change","floor":5,"gold_loss":0}],"is_beta":false,"boss_relics":[],"items_purged_floors":[],"is_endless":false,"potions_floor_spawned":[4,7,8,11,13],"killed_by":"Slime Boss","ascension_level":1}