{"path_per_floor":["M","$","$","T","M","R","E","R","T","R","M","M","E","M","R","B",null,"M","M","M","$","M","R","E","R","T","R","M","R","?","$","R","B",null,"M","M","?","$","M","R","M","R","T","R","M","$","E","M","R","B"],"character_chosen":"IRONCLAD","items_purchased":["Shovel","Kunai"],"gold_per_floor":[117,117,117,117,134,134,162,162,185,185,197,211,238,257,257,355,355,373,387,404,20,34,34,67,67,67,67,80,80,111,11,11,110,110,126,143,143,143,158,158,169,169,469,469,487,103,133,146,146,146],"floor_reached":51,"campfire_rested":3,"playtime":4422,"current_hp_per_floor":[80,80,80,80,80,80,80,80,80,80,80,80,76,80,80,61,80,80,80,79,79,80,80,77,77,77,77,80,80,80,80,80,44,80,66,64,54,54,21,45,24,48,48,48,45,45,37,37,61,55],"items_purged":["Strike_R","Strike_R","Strike_R"],"gold":146,"play_id":"cef9c273-1861-471a-b8f3-9e52cedc2952","is_prod":false,"is_daily":false,"is_ascension_mode":false,"campfire_upgraded":7,"path_taken":["M","?","$","?","?","R","E","R","T","R","M","M","E","M","R","BOSS","M","M","M","$","M","R","E","R","T","R","M","R","?","?","R","BOSS","M","M","?","$","?","R","M","R","T","R","M","$","E","M","R","BOSS"],"build_version":"2018-01-23-BETA1","purchased_purges":3,"victory":true,"master_deck":["Strike_R","Strike_R","Defend_R","Defend_R","Defend_R","Defend_R","Bash","Clothesline","Pommel Strike","Twin Strike","Uppercut","Shrug It Off","Disarm","Battle Trance","Fiend Fire","Metallicize","Shrug It Off","Spot Weakness","Demon Form","Warcry","Madness","Madness","Armaments","Seeing Red","Dropkick","Headbutt"],"max_hp_per_floor":[80,80,80,80,80,80,80,80,80,80,80,80,80,80,80,80,80,80,80,80,80,80,80,80,80,80,80,80,80,80,80,80,80,80,80,80,80,80,80,80,80,80,80,80,80,80,80,80,80,80],"relics":["Burning Blood","NeowsBlessing","Gambling Chip","Thread and Needle","Anchor","Shuriken","Mark of Pain","Shovel","Bottled Flame","Torii","Bird Faced Urn","Bottled Tornado","Red Mask","Paper Frog","Lizard Tail","Old Coin","Kunai","Blood Vial"],"card_choices":[{"not_picked":["Reckless Charge","Thunderclap"],"picked":"Clothesline"},{"not_picked":["Armaments","True Grit"],"picked":"Pommel Strike"},{"not_picked":["Second Wind","Warcry"],"picked":"Twin Strike"},{"not_picked":["Iron Wave","Reaper"],"picked":"Uppercut"},{"not_picked":["Clothesline","Perfected Strike"],"picked":"Shrug It Off"},{"not_picked":["Pommel Strike","Warcry"],"picked":"Disarm"},{"not_picked":["Armaments","Pommel Strike"],"picked":"Battle Trance"},{"not_picked":["Offering","Juggernaut"],"picked":"Fiend Fire"},{"not_picked":["Flex","Reckless Charge"],"picked":"Metallicize"},{"not_picked":["Sword Boomerang","Flex"],"picked":"Shrug It Off"},{"not_picked":["Thunderclap","Clothesline"],"picked":"Spot Weakness"},{"not_picked":["Feed","Berserk"],"picked":"Demon Form"},{"not_picked":["Headbutt","Inflame"],"picked":"Warcry"},{"not_picked":["Clothesline","Sword Boomerang"],"picked":"Armaments"},{"not_picked":["Cleave","Anger"],"picked":"Seeing Red"},{"not_picked":["Thunderclap","Shrug It Off"],"picked":"Dropkick"},{"not_picked":["Clash","Warcry"],"picked":"Headbutt"}],"player_experience":15671,"potions_floor_usage":[50],"damage_taken":[{"damage":0.0,"enemies":"Blue Slaver","floor":1.0,"turns":1.0},{"damage":0.0,"enemies":"Cultist","floor":5.0,"turns":1.0},{"damage":0.0,"enemies":"Gremlin Nob","floor":7.0,"turns":1.0},{"damage":0.0,"enemies":"Small Slimes","floor":11.0,"turns":2.0},{"damage":0.0,"enemies":"3 Louse","floor":12.0,"turns":2.0},{"damage":10.0,"enemies":"Lagavulin","floor":13.0,"turns":6.0},{"damage":0.0,"enemies":"Large Slime","floor":14.0,"turns":4.0},{"damage":25.0,"enemies":"The Guardian","floor":16.0,"turns":11.0},{"damage":0.0,"enemies":"3 Byrds","floor":18.0,"turns":6.0},{"damage":0.0,"enemies":"Chosen","floor":19.0,"turns":7.0},{"damage":7.0,"enemies":"Snake Plant","floor":20.0,"turns":4.0},{"damage":0.0,"enemies":"Centurion and Healer","floor":22.0,"turns":5.0},{"damage":9.0,"enemies":"Book of Stabbing","floor":24.0,"turns":5.0},{"damage":1.0,"enemies":"Snecko","floor":28.0,"turns":4.0},{"damage":2.0,"enemies":"Masked Bandits","floor":30.0,"turns":5.0},{"damage":42.0,"enemies":"Collector","floor":33.0,"turns":11.0},{"damage":20.0,"enemies":"Flame Bruiser 1 Orb","floor":35.0,"turns":6.0},{"damage":10.0,"enemies":"3 Darklings","floor":36.0,"turns":4.0},{"damage":41.0,"enemies":"Sphere and 2 Shapes","floor":39.0,"turns":8.0},{"damage":29.0,"enemies":"Flame Bruiser 2 Orb","floor":41.0,"turns":8.0},{"damage":11.0,"enemies":"Spire Growth","floor":45.0,"turns":4.0},{"damage":18,"enemies":"Giant Head","floor":47,"turns":8},{"damage":10,"enemies":"Flame Bruiser 2 Orb","floor":48,"turns":5},{"damage":18,"enemies":"Time Eater","floor":50,"turns":10}],"event_choices":[{"event_name":"Masked Bandits","player_choice":"Fought over 80 gold","floor":30.0,"damage_taken":0.0},{"event_name":"Winding Halls","player_choice":"Embrace Madness","floor":37.0,"damage_taken":0.0}],"boss_relics":[],"potions_floor_spawned":[13,16,18,20,24,39,45,47],"seed_played":"-232600683334715317","ascension_level":1,"is_trial":false}