{"gold_per_floor":[118,118,138,154,7,35,35,49,124,143,176,176,176,176,176,295,295,310,299,398,423,13,13,56,56,56,56,56],"floor_reached":28,"playtime":1561,"items_purged":["Strike_R"],"score":308,"play_id":"16eb7057-2c68-46fa-a7d5-5eb27bcd742b","local_time":"20180805175609","is_ascension_mode":true,"campfire_choices":[{"data":"Armaments","floor":7,"key":"SMITH"},{"data":"Bash","floor":12,"key":"SMITH"},{"floor":15,"key":"REST"},{"floor":23,"key":"REST"},{"floor":25,"key":"REST"}],"neow_cost":"NONE","seed_source_timestamp":93553973282929,"circlet_count":0,"master_deck":["Strike_R","Strike_R","Strike_R","Defend_R","Defend_R","Defend_R","Bash+1","Exhume","Armaments+1","Rupture","Impervious","Warcry","Whirlwind","Shrug It Off","Feel No Pain","Corruption","Headbutt","Flex+1","Dropkick","Seeing Red"],"relics":["Burning Blood","NeowsBlessing","Orichalcum","Nunchaku","Letter Opener","Red Skull","Golden Idol","Orrery","Champion Belt","Lantern","Matryoshka"],"potions_floor_usage":[6,6,6,11,16,16,19],"damage_taken":[{"damage":0,"enemies":"Cultist","floor":1,"turns":1},{"damage":0,"enemies":"Small Slimes","floor":3,"turns":1},{"damage":0,"enemies":"Jaw Worm","floor":4,"turns":1},{"damage":17,"enemies":"Gremlin Nob","floor":6,"turns":4},{"damage":9,"enemies":"Exordium Wildlife","floor":8,"turns":4},{"damage":2,"enemies":"Blue Slaver","floor":10,"turns":5},{"damage":22,"enemies":"Lagavulin","floor":11,"turns":7},{"damage":49,"enemies":"Hexaghost","floor":16,"turns":10},{"damage":27,"enemies":"Shell Parasite","floor":18,"turns":9},{"damage":18,"enemies":"2 Thieves","floor":19,"turns":4},{"damage":11,"enemies":"Centurion and Healer","floor":21,"turns":5},{"damage":27,"enemies":"Slavers","floor":24,"turns":7},{"damage":57,"enemies":"Gremlin Leader","floor":28,"turns":5}],"seed_played":"-4831193471039697973","potions_obtained":[{"floor":1,"key":"EntropicBrew"},{"floor":3,"key":"Poison Potion"},{"floor":8,"key":"EssenceOfSteel"},{"floor":11,"key":"Swift Potion"},{"floor":21,"key":"SpeedPotion"}],"is_trial":false,"path_per_floor":["M","?","M","M","$","E","R","M","T","M","E","R","?","?","R","B",null,"M","M","?","M","$","R","E","R","T","?"],"character_chosen":"IRONCLAD","items_purchased":["Orichalcum","Champion Belt","Seeing Red"],"campfire_rested":3,"item_purchase_floors":[5,22,22],"current_hp_per_floor":[80,80,80,80,80,69,69,66,66,70,54,54,47,27,51,8,62,41,29,29,24,24,48,27,51,51,51,0],"gold":56,"neow_bonus":"THREE_ENEMY_KILL","is_prod":false,"is_daily":false,"chose_seed":false,"campfire_upgraded":2,"win_rate":0,"timestamp":1533480969,"path_taken":["M","?","?","M","$","E","R","M","T","M","E","R","?","?","R","BOSS","M","M","?","M","?","R","E","R","T","?","E"],"build_version":"2018-08-02","purchased_purges":1,"victory":false,"max_hp_per_floor":[80,80,80,80,80,80,80,80,80,80,80,80,80,80,80,80,80,80,80,80,80,80,80,80,80,80,80,80],"card_choices":[{"not_picked":["Power Through","Clash","Intimidate"],"picked":"SKIP","floor":1},{"not_picked":["Twin Strike","Flex"],"picked":"Exhume","floor":3},{"not_picked":["Sword Boomerang","Armaments","Heavy Blade"],"picked":"SKIP","floor":4},{"not_picked":["Sword Boomerang","Heavy Blade"],"picked":"Armaments","floor":4},{"not_picked":["Armaments","Entrench"],"picked":"Rupture","floor":6},{"not_picked":["Heavy Blade","Body Slam","Bloodletting"],"picked":"SKIP","floor":8},{"not_picked":["Fire Breathing","Anger","Power Through"],"picked":"SKIP","floor":10},{"not_picked":["Power Through","Feel No Pain","Bloodletting"],"picked":"SKIP","floor":11},{"not_picked":["Dark Embrace","Exhume"],"picked":"Impervious","floor":16},{"not_picked":["Twin Strike","Dark Embrace"],"picked":"Warcry","floor":17},{"not_picked":["Headbutt","Clash"],"picked":"Whirlwind","floor":17},{"not_picked":["Whirlwind","Perfected Strike"],"picked":"Shrug It Off","floor":17},{"not_picked":["Reckless Charge","Twin Strike"],"picked":"Feel No Pain","floor":17},{"not_picked":["Thunderclap","Wild Strike"],"picked":"Corruption","floor":17},{"not_picked":["Heavy Blade","Twin Strike"],"picked":"Headbutt","floor":18},{"not_picked":["Armaments","Clothesline"],"picked":"Flex+1","floor":19},{"not_picked":["Rage","Uppercut"],"picked":"Dropkick","floor":21},{"not_picked":["Armaments+1","Twin Strike","Dual Wield+1"],"picked":"SKIP","floor":24}],"player_experience":190232,"relics_obtained":[{"floor":6,"key":"Nunchaku"},{"floor":9,"key":"Letter Opener"},{"floor":11,"key":"Red Skull"},{"floor":24,"key":"Lantern"},{"floor":26,"key":"Matryoshka"}],"event_choices":[{"event_name":"Living Wall","player_choice":"Forget","floor":2,"damage_taken":0},{"event_name":"Golden Wing","player_choice":"Card Removal","floor":13,"damage_taken":0},{"event_name":"Golden Idol","player_choice":"Take Damage","floor":14,"damage_taken":0},{"event_name":"Nest","player_choice":"Stole From Cult","floor":20,"damage_taken":0},{"event_name":"Vampires","player_choice":"Ignored","floor":27,"damage_taken":0}],"is_beta":false,"boss_relics":[{"not_picked":["Snecko Eye","Eternal Feather"],"picked":"Orrery"}],"items_purged_floors":[22],"is_endless":false,"potions_floor_spawned":[1,3,8,11,21],"killed_by":"Gremlin Leader","ascension_level":5}