{"path_per_floor":["M","M","M","$","M","R","M","R","T","?","?","M","M","?","R","B",null,"M","M","?","?","M","E","M","R","T","M","T","R","E","?","R"],"character_chosen":"IRONCLAD","items_purchased":["Battle Trance"],"gold_per_floor":[114,124,134,66,80,80,91,91,91,91,91,110,126,126,126,228,228,228,228,228,228,228,228,228,228,228,228,228,228,228,228,228,228],"floor_reached":33,"campfire_rested":1,"playtime":2568,"current_hp_per_floor":[40,45,44,44,25,25,31,31,31,31,31,28,29,29,53,27,80,78,69,69,53,62,33,32,32,32,37,37,37,39,39,39,0],"items_purged":[],"gold":228,"score":390,"play_id":"460d2cb8-fde3-4c8e-aa0d-e769c1609cd0","local_time":"20180502191553","is_prod":false,"is_daily":false,"chose_seed":false,"is_ascension_mode":true,"campfire_upgraded":5,"timestamp":1525302953,"path_taken":["M","M","M","$","M","R","M","R","T","?","?","M","?","?","R","BOSS","M","M","?","?","M","E","M","R","T","M","?","R","E","?","R","BOSS"],"build_version":"2018-04-28v2","seed_source_timestamp":0,"purchased_purges":0,"victory":false,"master_deck":["Strike_R+1","Strike_R+1","Strike_R+1","Strike_R+1","Strike_R+1","Defend_R+1","Defend_R+1","Defend_R+1","Defend_R+1","Bash","Offering+1","Cleave","Shrug It Off+1","Battle Trance","Armaments+1","Offering","Regret","Disarm","Jack Of All Trades","Feed","True Grit","True Grit+1","Uppercut+1","Pommel Strike+1","Feel No Pain+1","Regret"],"max_hp_per_floor":[80,80,80,80,80,80,80,80,80,80,80,80,80,80,80,80,80,84,88,88,88,91,95,99,99,99,102,102,102,102,102,102,102],"relics":["Burning Blood","Blue Candle","Frozen Egg 2","Ectoplasm","Enchiridion","Kunai","Letter Opener","Molten Egg 2","Bottled Lightning"],"card_choices":[{"not_picked":["Fiend Fire","Juggernaut"],"picked":"Offering","floor":0.0},{"not_picked":["Seeing Red","Searing Blow"],"picked":"Cleave","floor":1},{"not_picked":["Iron Wave","Wild Strike"],"picked":"Shrug It Off","floor":3},{"not_picked":["Iron Wave","Wild Strike"],"picked":"Armaments","floor":5},{"not_picked":["Heavy Blade","Pummel"],"picked":"Offering","floor":7},{"not_picked":["Burning Pact","Battle Trance"],"picked":"Disarm","floor":12},{"not_picked":["Brutality","Immolate"],"picked":"Feed","floor":16},{"not_picked":["Infernal Blade","Body Slam"],"picked":"True Grit","floor":18},{"not_picked":["Sword Boomerang","Thunderclap"],"picked":"True Grit","floor":19},{"not_picked":["Thunderclap","Clash"],"picked":"Uppercut","floor":22},{"not_picked":["True Grit","Impervious"],"picked":"Pommel Strike","floor":24},{"not_picked":["Fire Breathing","Flame Barrier"],"picked":"Feel No Pain","floor":30}],"player_experience":367282,"potions_floor_usage":[16,19,22,24,30],"damage_taken":[{"damage":6.0,"enemies":"Jaw Worm","floor":1.0,"turns":3.0},{"damage":1,"enemies":"Cultist","floor":2,"turns":3},{"damage":7,"enemies":"Looter","floor":3,"turns":4},{"damage":25,"enemies":"Large Slime","floor":5,"turns":8},{"damage":0,"enemies":"Exordium Wildlife","floor":7,"turns":3},{"damage":9,"enemies":"Looter","floor":12,"turns":3},{"damage":5,"enemies":"Exordium Thugs","floor":13,"turns":4},{"damage":32,"enemies":"Hexaghost","floor":16,"turns":9},{"damage":12,"enemies":"Shell Parasite","floor":18,"turns":4},{"damage":19,"enemies":"3 Byrds","floor":19,"turns":6},{"damage":9,"enemies":"Centurion and Healer","floor":22,"turns":4},{"damage":39,"enemies":"Book of Stabbing","floor":23,"turns":10},{"damage":11,"enemies":"Snecko","floor":24,"turns":7},{"damage":4,"enemies":"Snake Plant","floor":27,"turns":5},{"damage":4,"enemies":"Gremlin Leader","floor":30,"turns":4},{"damage":46,"enemies":"Collector","floor":33,"turns":7}],"event_choices":[{"event_name":"Big Fish","player_choice":"Box","floor":10,"damage_taken":0},{"event_name":"Dead Adventurer","player_choice":"Searched \u00271\u0027 times","floor":11,"damage_taken":0},{"event_name":"Match and Keep!","player_choice":"1 cards matched","floor":14,"damage_taken":0},{"event_name":"Back to Basics","player_choice":"Simplicity","floor":20,"damage_taken":0},{"event_name":"Cursed Tome","player_choice":"Obtained Book","floor":21,"damage_taken":0},{"event_name":"Golden Shrine","player_choice":"Desecrate","floor":31,"damage_taken":0}],"boss_relics":[{"not_picked":["Astrolabe","Snecko Eye"],"picked":"Ectoplasm"}],"potions_floor_spawned":[1,2,7,16,18,19,23],"seed_played":"7713425041237649184","killed_by":"Collector","ascension_level":4,"is_trial":false}