{"gold_per_floor":[118,118,129,144,144,177,177,189,215,243,254,272,372,383,383,383],"floor_reached":16,"playtime":1790,"items_purged":[],"score":114,"play_id":"d756fd1a-686e-42e3-83a9-5ee4f29d49c4","local_time":"20180710032059","is_ascension_mode":false,"campfire_choices":[{"floor":7,"key":"REST"},{"floor":15,"key":"REST"}],"neow_cost":"","seed_source_timestamp":232820140220464,"circlet_count":0,"master_deck":["Defend_G","Defend_G","Defend_G","Defend_G","Defend_G","Strike_G","Strike_G","Strike_G","Strike_G","Strike_G","Survivor","Neutralize","Prepared","Deadly Poison","Dagger Spray","Poisoned Stab","Blur","Flying Knee","Infinite Blades","Noxious Fumes","Infinite Blades"],"relics":["Ring of the Snake","Strawberry","Lantern","Snake Skull"],"potions_floor_usage":[10,11,16],"damage_taken":[{"damage":1,"enemies":"Cultist","floor":1,"turns":6},{"damage":1,"enemies":"2 Louse","floor":3,"turns":3},{"damage":1,"enemies":"Jaw Worm","floor":4,"turns":4},{"damage":36,"enemies":"3 Sentries","floor":6,"turns":9},{"damage":0,"enemies":"Large Slime","floor":8,"turns":5},{"damage":48,"enemies":"Gremlin Nob","floor":10,"turns":6},{"damage":0,"enemies":"Exordium Wildlife","floor":11,"turns":3},{"damage":5,"enemies":"Blue Slaver","floor":12,"turns":4},{"damage":5,"enemies":"Large Slime","floor":14,"turns":5},{"damage":29,"enemies":"Hexaghost","floor":16,"turns":9}],"seed_played":"8215965549851567872","potions_obtained":[{"floor":4,"key":"LiquidBronze"},{"floor":6,"key":"Dexterity Potion"},{"floor":12,"key":"Swift Potion"}],"is_trial":false,"path_per_floor":["M","?","M","M","?","E","R","M","T","E","M","M","?","M","R"],"character_chosen":"THE_SILENT","items_purchased":[],"campfire_rested":2,"item_purchase_floors":[],"current_hp_per_floor":[69,69,68,67,67,38,61,61,61,13,13,8,8,3,26,0],"gold":383,"neow_bonus":"","is_prod":false,"is_daily":false,"chose_seed":false,"campfire_upgraded":0,"win_rate":0.0,"timestamp":1531182059,"path_taken":["M","?","M","M","?","E","R","M","T","E","M","M","?","?","R","BOSS"],"build_version":"2018-07-05","purchased_purges":0,"victory":false,"max_hp_per_floor":[70,70,70,70,70,77,77,77,77,77,77,77,77,77,77,77],"card_choices":[{"not_picked":["Backflip","Masterful Stab"],"picked":"Prepared","floor":1},{"not_picked":["Outmaneuver","PiercingWail"],"picked":"Deadly Poison","floor":3},{"not_picked":["Backflip","Choke"],"picked":"Dagger Spray","floor":4},{"not_picked":["Outmaneuver","Reflex"],"picked":"Poisoned Stab","floor":6},{"not_picked":["Underhanded Strike","Finisher"],"picked":"Blur","floor":8},{"not_picked":["Outmaneuver","Prepared"],"picked":"Flying Knee","floor":10},{"not_picked":["Leg Sweep","PiercingWail"],"picked":"Infinite Blades","floor":11},{"not_picked":["Dagger Spray","Backstab"],"picked":"Noxious Fumes","floor":12},{"not_picked":["Quick Slash","Eviscerate"],"picked":"Infinite Blades","floor":14}],"player_experience":51448,"relics_obtained":[{"floor":6,"key":"Strawberry"},{"floor":9,"key":"Lantern"},{"floor":10,"key":"Snake Skull"}],"event_choices":[{"event_name":"Liars Game","player_choice":"disagreed","floor":2,"damage_taken":0},{"event_name":"Golden Wing","player_choice":"Ignored","floor":5,"damage_taken":0},{"event_name":"Golden Shrine","player_choice":"Pray","floor":13,"damage_taken":0}],"boss_relics":[],"items_purged_floors":[],"is_endless":false,"potions_floor_spawned":[4,6,12],"killed_by":"Hexaghost","ascension_level":0}