{"gold_per_floor":[109,109,184,198,198,225,225,56,81,12,45,64,93,112,112,214,214,234,234,252,264,264,290,307,337,337,369,387,302,53,66,66,167,167,183,195,208,208,257,285,285,303,303,313,326,341,357,21,21,21],"floor_reached":50,"playtime":5020,"items_purged":["Regret"],"score":681,"play_id":"62ddfaa7-429e-4a5c-a120-557e2d7b986d","local_time":"20180716061057","is_ascension_mode":false,"campfire_choices":[{"floor":7,"key":"REST"},{"data":"Night Terror","floor":15,"key":"SMITH"},{"data":"Dash","floor":32,"key":"SMITH"},{"data":"Burst","floor":41,"key":"SMITH"},{"data":"Bouncing Flask","floor":49,"key":"SMITH"}],"neow_cost":"NONE","seed_source_timestamp":0,"circlet_count":0,"master_deck":["Defend_G","Defend_G","Defend_G","Defend_G","Defend_G","Strike_G","Strike_G","Strike_G","Survivor","Neutralize","Dash+1","Deadly Poison+1","Backstab","Flying Knee","Quick Slash","Deadly Poison","All Out Attack","Deadly Poison","Well Laid Plans","Noxious Fumes","Expertise+1","Night Terror+1","Terror","Caltrops","PiercingWail","Bouncing Flask+1","Dash+1","Adrenaline","Venomology","Dodge and Roll","PiercingWail","Mind Blast+1","Noxious Fumes","Adrenaline","Blur","Dash+1","Skewer+1","Burst+1","Crippling Poison+1","Malaise+1","Apotheosis","Madness","Dodge and Roll"],"special_seed":17728,"relics":["Matryoshka","Bag of Marbles","Strawberry","Ninja Scroll","Bag of Preparation","Meat on the Bone","War Paint","Coffee Dripper","Nloth\u0027s Gift","Snake Skull","Molten Egg 2","Ancient Tea Set","Boot","Vajra","Omamori","Lantern","Empty Cage","Tingsha","Dead Branch","Potion Belt","Bottled Lightning"],"potions_floor_usage":[6,13,21,23,24,27,28,33,33,33,33,37,40,42,42,42,47,47,47,50,50,50],"damage_taken":[{"damage":1,"enemies":"Jaw Worm","floor":1,"turns":2},{"damage":0,"enemies":"2 Louse","floor":4,"turns":2},{"damage":31,"enemies":"Lagavulin","floor":6,"turns":7},{"damage":0,"enemies":"Gremlin Nob","floor":11,"turns":3},{"damage":0,"enemies":"Cultist","floor":12,"turns":1},{"damage":18,"enemies":"Lagavulin","floor":13,"turns":4},{"damage":0,"enemies":"Blue Slaver","floor":14,"turns":1},{"damage":26,"enemies":"Hexaghost","floor":16,"turns":8},{"damage":12,"enemies":"Shell Parasite","floor":18,"turns":4},{"damage":0,"enemies":"3 Byrds","floor":20,"turns":3},{"damage":14,"enemies":"Centurion and Healer","floor":21,"turns":4},{"damage":24,"enemies":"Slavers","floor":23,"turns":5},{"damage":12,"enemies":"Snake Plant","floor":24,"turns":3},{"damage":11,"enemies":"Book of Stabbing","floor":25,"turns":5},{"damage":11,"enemies":"Gremlin Leader","floor":27,"turns":6},{"damage":10,"enemies":"Sentry and Sphere","floor":28,"turns":4},{"damage":1,"enemies":"3 Cultists","floor":31,"turns":3},{"damage":41,"enemies":"Collector","floor":33,"turns":8},{"damage":0,"enemies":"Orb Walker","floor":35,"turns":1},{"damage":0,"enemies":"Flame Bruiser 1 Orb","floor":36,"turns":2},{"damage":0,"enemies":"Maw","floor":37,"turns":6},{"damage":7,"floor":39,"turns":4},{"damage":0,"enemies":"2 Orb Walkers","floor":40,"turns":3},{"damage":1,"enemies":"Transient","floor":42,"turns":5},{"damage":0,"enemies":"3 Darklings","floor":44,"turns":2},{"damage":0,"enemies":"Flame Bruiser 2 Orb","floor":45,"turns":1},{"damage":0,"enemies":"Spire Growth","floor":46,"turns":2},{"damage":0,"enemies":"Transient","floor":47,"turns":5},{"damage":69,"enemies":"Awakened One","floor":50,"turns":13}],"seed_played":"-2205032152784244808","potions_obtained":[{"floor":4,"key":"Block Potion"},{"floor":12,"key":"PowerPotion"},{"floor":13,"key":"Swift Potion"},{"floor":14,"key":"GamblersBrew"},{"floor":20,"key":"Regen Potion"},{"floor":23,"key":"Weak Potion"},{"floor":27,"key":"Fire Potion"},{"floor":28,"key":"PowerPotion"},{"floor":33,"key":"SteroidPotion"},{"floor":35,"key":"Ancient Potion"},{"floor":36,"key":"LiquidBronze"},{"floor":42,"key":"Energy Potion"},{"floor":44,"key":"AttackPotion"}],"is_trial":false,"path_per_floor":["M","?","?","M","?","E","R","$","T","$","E","M","E","M","R","B",null,"M","?","M","M","?","E","M","E","T","E","M","?","$","M","R","B",null,"M","M","M","T","?","E","R","M","T","M","M","M","M","$","R"],"character_chosen":"THE_SILENT","items_purchased":["Deadly Poison","Well Laid Plans","Noxious Fumes","Mind Blast+1","Lantern","Apotheosis","Madness","Dodge and Roll"],"campfire_rested":1,"item_purchase_floors":[8,8,10,30,30,48,48,48],"current_hp_per_floor":[69,66,59,59,59,35,58,58,58,58,58,58,40,40,40,26,77,65,65,65,63,63,39,39,40,40,41,43,43,43,42,42,13,77,77,77,77,77,70,70,70,69,69,69,69,69,69,69,69,0],"gold":21,"neow_bonus":"BOSS_RELIC","is_prod":false,"is_daily":false,"chose_seed":false,"campfire_upgraded":4,"win_rate":0,"timestamp":1531710657,"path_taken":["M","?","?","M","?","E","R","?","T","$","E","M","E","?","R","BOSS","M","?","M","M","?","E","M","E","T","E","M","?","$","M","R","BOSS","M","M","M","?","?","E","R","M","T","M","?","M","M","$","R","BOSS"],"build_version":"2018-07-12","purchased_purges":1,"victory":false,"max_hp_per_floor":[70,70,70,70,70,77,77,77,77,77,77,77,77,77,77,77,77,77,77,77,77,77,77,77,77,77,77,77,77,77,77,77,77,77,77,77,77,77,77,77,77,77,77,77,77,77,77,77,77,77],"card_choices":[{"not_picked":["Prepared","Flying Knee"],"picked":"Dash","floor":0},{"not_picked":["Prepared","Expertise"],"picked":"Deadly Poison","floor":0},{"not_picked":["Heel Hook","Dash"],"picked":"Backstab","floor":0},{"not_picked":["Expertise","Slice"],"picked":"Flying Knee","floor":0},{"not_picked":["Endless Agony","Choke"],"picked":"Quick Slash","floor":0},{"not_picked":["Sucker Punch","Dagger Spray","Endless Agony"],"picked":"SKIP","floor":1},{"not_picked":["Sucker Punch","Slice"],"picked":"Deadly Poison","floor":4},{"not_picked":["Doppelganger","Prepared"],"picked":"All Out Attack","floor":6},{"not_picked":["Backflip","Well Laid Plans"],"picked":"Expertise","floor":11},{"not_picked":["Underhanded Strike","Dagger Spray","Acrobatics"],"picked":"SKIP","floor":12},{"not_picked":["Dodge and Roll","Deadly Poison"],"picked":"Night Terror","floor":13},{"not_picked":["Dagger Spray","Sucker Punch"],"picked":"Terror","floor":14},{"not_picked":["Quick Slash","Heel Hook"],"picked":"Caltrops","floor":18},{"not_picked":["All Out Attack","Deflect"],"picked":"PiercingWail","floor":20},{"not_picked":["Flying Knee","Deadly Poison"],"picked":"Bouncing Flask","floor":21},{"not_picked":["Doppelganger","Storm of Steel"],"picked":"Dash","floor":23},{"not_picked":["Prepared","Quick Slash"],"picked":"Adrenaline","floor":24},{"not_picked":["Finisher","Riddle With Holes"],"picked":"Venomology","floor":25},{"not_picked":["Phantasmal Killer","Dagger Throw+1"],"picked":"Dodge and Roll","floor":27},{"not_picked":["Cloak And Dagger","Die Die Die+1"],"picked":"PiercingWail","floor":28},{"not_picked":["Blade Dance","Reflex"],"picked":"Noxious Fumes","floor":31},{"not_picked":["Bullet Time","Corpse Explosion"],"picked":"Adrenaline","floor":33},{"not_picked":["Underhanded Strike+1","Dagger Spray+1"],"picked":"Blur","floor":35},{"not_picked":["Blade Dance+1","Accuracy+1"],"picked":"Dash+1","floor":36},{"not_picked":["Poisoned Stab+1","Caltrops"],"picked":"Skewer+1","floor":37},{"not_picked":["Infinite Blades+1","Dodge and Roll+1"],"picked":"Burst","floor":40},{"not_picked":["Dagger Spray+1","Terror+1","Escape Plan"],"picked":"SKIP","floor":42},{"not_picked":["Prepared+1","Endless Agony+1","Acrobatics+1"],"picked":"SKIP","floor":44},{"not_picked":["Masterful Stab+1","Phantasmal Killer"],"picked":"Crippling Poison+1","floor":45},{"not_picked":["Night Terror","Prepared"],"picked":"Malaise+1","floor":46},{"not_picked":["Flechettes+1","Backflip","Deflect"],"picked":"SKIP","floor":47}],"player_experience":103304,"relics_obtained":[{"floor":6,"key":"Strawberry"},{"floor":9,"key":"Ninja Scroll"},{"floor":9,"key":"Bag of Preparation"},{"floor":11,"key":"Meat on the Bone"},{"floor":13,"key":"War Paint"},{"floor":23,"key":"Snake Skull"},{"floor":25,"key":"Molten Egg 2"},{"floor":26,"key":"Ancient Tea Set"},{"floor":26,"key":"Boot"},{"floor":27,"key":"Vajra"},{"floor":38,"key":"Tingsha"},{"floor":39,"key":"Dead Branch"},{"floor":40,"key":"Potion Belt"},{"floor":43,"key":"Bottled Lightning"}],"event_choices":[{"event_name":"Scrap Ooze","player_choice":"success","floor":2,"damage_taken":3},{"event_name":"FaceTrader","player_choice":"Touch","floor":3,"damage_taken":0},{"event_name":"Big Fish","player_choice":"Box","floor":5,"damage_taken":0},{"event_name":"Upgrade Shrine","player_choice":"Upgraded","floor":19,"damage_taken":0},{"event_name":"N\u0027loth","player_choice":"Traded a Orrery","floor":22,"damage_taken":0},{"event_name":"Addict","player_choice":"Obtained Relic","floor":29,"damage_taken":0},{"event_name":"Mysterious Sphere","player_choice":"Fight","floor":39,"damage_taken":0}],"boss_relics":[{"not_picked":["Astrolabe","Philosopher\u0027s Stone"],"picked":"Coffee Dripper"},{"not_picked":["White Beast Statue","Runic Pyramid"],"picked":"Empty Cage"}],"items_purged_floors":[8],"is_endless":false,"potions_floor_spawned":[4,12,13,14,20,23,27,28,33,35,36,39,42,44],"killed_by":"Awakened One","ascension_level":0}