{"gold_per_floor":[116,126,140,151,164,164,181,210,262,280,245,90,106,106,106,205,205,215,225,237,237,237],"floor_reached":22,"playtime":3074,"items_purged":["Strike_R"],"score":192,"play_id":"21b924cb-f6cc-4957-b826-ace3754063fe","local_time":"20190118210101","is_ascension_mode":false,"campfire_choices":[{"data":"Brutality","floor":6,"key":"SMITH"},{"floor":15,"key":"REST"}],"neow_cost":"NONE","seed_source_timestamp":90282513908122,"circlet_count":0,"master_deck":["Strike_R","Strike_R","Strike_R","Strike_R","Defend_R+1","Defend_R","Defend_R","Defend_R+1","Bash","Dropkick","Thunderclap","Metallicize","Brutality+1","Cleave","Barricade","Wild Strike","Fire Breathing","Rupture","Clash","Berserk","Iron Wave+1","Evolve+1","Rampage+1"],"relics":["Velvet Choker","War Paint","Ancient Tea Set","Vajra","Philosopher\u0027s Stone","Pantograph"],"potions_floor_usage":[8,10,16,16,16,20],"damage_taken":[{"damage":0,"enemies":"Cultist","floor":1,"turns":4},{"damage":0,"enemies":"2 Louse","floor":2,"turns":2},{"damage":0,"enemies":"Small Slimes","floor":3,"turns":1},{"damage":5,"enemies":"2 Fungi Beasts","floor":4,"turns":3},{"damage":6,"enemies":"Blue Slaver","floor":5,"turns":3},{"damage":19,"enemies":"Gremlin Gang","floor":7,"turns":4},{"damage":16,"enemies":"Lagavulin","floor":8,"turns":7},{"damage":12,"enemies":"2 Fungi Beasts","floor":10,"turns":4},{"damage":2,"enemies":"Looter","floor":13,"turns":3},{"damage":35,"enemies":"Hexaghost","floor":16,"turns":8},{"damage":24,"enemies":"3 Byrds","floor":18,"turns":5},{"damage":27,"enemies":"2 Thieves","floor":19,"turns":3},{"damage":19,"enemies":"Centurion and Healer","floor":20,"turns":4},{"damage":17,"enemies":"Chosen and Byrds","floor":22,"turns":4}],"seed_played":"-2096621895918865745","potions_obtained":[{"floor":2,"key":"SkillPotion"},{"floor":3,"key":"Ancient Potion"},{"floor":4,"key":"BloodPotion"},{"floor":8,"key":"SteroidPotion"},{"floor":13,"key":"Poison Potion"},{"floor":18,"key":"SpeedPotion"}],"is_trial":false,"path_per_floor":["M","M","M","M","M","R","M","E","T","M","?","$","M","?","R","B",null,"M","M","M","?","M"],"character_chosen":"IRONCLAD","items_purchased":["Rupture"],"campfire_rested":1,"item_purchase_floors":[12],"current_hp_per_floor":[80,80,80,75,69,69,50,34,34,30,50,50,48,36,60,25,80,56,29,10,10,0],"gold":237,"neow_bonus":"BOSS_RELIC","is_prod":false,"is_daily":false,"chose_seed":false,"campfire_upgraded":1,"win_rate":0.0,"timestamp":1547874061,"path_taken":["M","M","?","M","M","R","M","E","T","M","?","$","M","?","R","BOSS","M","M","M","?","M"],"build_version":"2019-01-17v2","purchased_purges":1,"victory":false,"max_hp_per_floor":[80,80,80,80,80,80,80,80,80,80,80,80,80,80,80,80,80,80,80,80,80,80],"card_choices":[{"not_picked":["Clothesline","Dual Wield"],"picked":"Dropkick","floor":1},{"not_picked":["Combust","Clothesline"],"picked":"Thunderclap","floor":2},{"not_picked":["Shrug It Off","Battle Trance"],"picked":"Metallicize","floor":3},{"not_picked":["Whirlwind","Iron Wave"],"picked":"Brutality","floor":4},{"not_picked":["Armaments","Clash"],"picked":"Cleave","floor":5},{"not_picked":["Body Slam","Clothesline"],"picked":"Barricade","floor":7},{"not_picked":["Cleave","Heavy Blade"],"picked":"Wild Strike","floor":8},{"not_picked":["Clothesline","Wild Strike"],"picked":"Fire Breathing","floor":10},{"not_picked":["Armaments","Hemokinesis"],"picked":"Clash","floor":13},{"not_picked":["Brutality","Bludgeon"],"picked":"Berserk","floor":16},{"not_picked":["Spot Weakness","Dropkick"],"picked":"Iron Wave+1","floor":18},{"not_picked":["Feel No Pain","Disarm"],"picked":"Evolve+1","floor":19},{"not_picked":["Perfected Strike","True Grit"],"picked":"Rampage+1","floor":20}],"player_experience":48024,"relics_obtained":[{"floor":8,"key":"War Paint"},{"floor":9,"key":"Ancient Tea Set"}],"event_choices":[{"damage_healed":20,"gold_gain":0,"player_choice":"Healed","damage_taken":0,"max_hp_gain":0,"max_hp_loss":0,"event_name":"The Cleric","floor":11,"gold_loss":35},{"damage_healed":0,"gold_gain":0,"player_choice":"Success","damage_taken":12,"relics_obtained":["Vajra"],"max_hp_gain":0,"max_hp_loss":0,"event_name":"Scrap Ooze","floor":14,"gold_loss":0},{"damage_healed":0,"gold_gain":0,"player_choice":"Opened","damage_taken":0,"relics_obtained":["Pantograph"],"max_hp_gain":0,"max_hp_loss":0,"event_name":"The Mausoleum","floor":21,"gold_loss":0}],"is_beta":false,"boss_relics":[{"not_picked":["Snecko Eye","Orrery"],"picked":"Philosopher\u0027s Stone"}],"items_purged_floors":[12],"is_endless":false,"potions_floor_spawned":[2,3,4,8,13,18],"killed_by":"Chosen and Byrds","ascension_level":0}