{"gold_per_floor":[117,117,117,131,151,151,1,32,108,133,33,33,65,77,77,178,178,197,72,97,22,35,35,51,80,129,44,44,54,54,54,54,54],"floor_reached":33,"playtime":2153,"items_purged":["Writhe","Strike_R","Blood for Blood+1"],"score":505,"play_id":"565faffe-65e2-424e-b602-cbcb695fdbfc","local_time":"20190225171102","is_ascension_mode":true,"campfire_choices":[{"data":"Bash","floor":6.0,"key":"SMITH"},{"data":"Rampage","floor":12.0,"key":"SMITH"},{"data":"Rampage","floor":15.0,"key":"SMITH"},{"data":"Demon Form","floor":23.0,"key":"SMITH"},{"floor":32,"key":"REST"}],"neow_cost":"CURSE","seed_source_timestamp":0,"circlet_count":0,"master_deck":["Strike_R","Defend_R","Defend_R","Defend_R","Defend_R","Bash+1","Pommel Strike","Inflame","Disarm","Rampage+1","Pummel","Rampage+1","Demon Form+1","Cleave+1","True Grit+1","Metallicize","Clothesline"],"special_seed":0,"relics":["Burning Blood","FossilizedHelix","Boot","Shuriken","Singing Bowl","Bottled Flame","Thread and Needle","Astrolabe","Red Mask","Blood Vial","Red Skull","Ancient Tea Set"],"potions_floor_usage":[25,25,33,33],"damage_taken":[{"damage":1.0,"enemies":"2 Louse","floor":1.0,"turns":4.0},{"damage":0.0,"enemies":"Jaw Worm","floor":4.0,"turns":2.0},{"damage":0.0,"enemies":"Small Slimes","floor":5.0,"turns":3.0},{"damage":35.0,"enemies":"3 Sentries","floor":8.0,"turns":8.0},{"damage":13.0,"enemies":"Lagavulin","floor":10.0,"turns":7.0},{"damage":10.0,"enemies":"3 Sentries","floor":13.0,"turns":7.0},{"damage":0.0,"enemies":"2 Fungi Beasts","floor":14.0,"turns":3.0},{"damage":0.0,"enemies":"Slime Boss","floor":16.0,"turns":7.0},{"damage":15.0,"enemies":"Chosen","floor":18.0,"turns":6.0},{"damage":33.0,"enemies":"Masked Bandits","floor":20.0,"turns":5.0},{"damage":1.0,"enemies":"Shell Parasite","floor":22.0,"turns":7.0},{"damage":16.0,"enemies":"Cultist and Chosen","floor":24.0,"turns":8.0},{"damage":39,"enemies":"Gremlin Leader","floor":25,"turns":7},{"damage":2,"enemies":"Centurion and Healer","floor":29,"turns":7},{"damage":89,"enemies":"Automaton","floor":33,"turns":6}],"seed_played":"-489940225968734209","potions_obtained":[{"floor":5.0,"key":"BloodPotion"},{"floor":10.0,"key":"Ancient Potion"},{"floor":13.0,"key":"SkillPotion"},{"floor":14.0,"key":"PowerPotion"},{"floor":22.0,"key":"Block Potion"},{"floor":24.0,"key":"FearPotion"},{"floor":25,"key":"Strength Potion"},{"floor":29,"key":"Explosive Potion"}],"is_trial":false,"path_per_floor":["M","?","?","M","M","R","$","E","T","E","$","R","E","M","R","B",null,"M","$","?","?","M","R","M","E","T","?","$","M","?","$","R","B"],"character_chosen":"IRONCLAD","items_purchased":["Rampage"],"campfire_rested":1,"item_purchase_floors":[7],"current_hp_per_floor":[77,82,75,81,85,85,85,56,56,49,49,49,47,55,55,61,82,73,73,48,48,55,55,47,23,23,23,23,29,29,29,57,0],"gold":54,"neow_bonus":"ONE_RARE_RELIC","is_prod":false,"is_daily":false,"chose_seed":false,"campfire_upgraded":4,"win_rate":0,"timestamp":1551132662,"path_taken":["M","?","?","M","M","R","$","E","T","E","$","R","E","M","R","BOSS","M","$","?","?","M","R","M","E","T","?","$","M","?","?","R","BOSS"],"build_version":"2019-01-23","purchased_purges":3,"victory":false,"max_hp_per_floor":[80,85,85,85,85,85,85,85,85,85,85,85,87,89,89,89,89,89,89,91,91,93,93,95,95,95,95,95,95,95,95,95,95],"card_choices":[{"not_picked":["Shrug It Off","Entrench"],"picked":"Pommel Strike","floor":1.0},{"not_picked":["Body Slam","Cleave"],"picked":"Inflame","floor":4.0},{"not_picked":["True Grit","Sword Boomerang"],"picked":"Disarm","floor":5.0},{"not_picked":["Rage","Dual Wield"],"picked":"Pummel","floor":8.0},{"not_picked":["Carnage","Combust"],"picked":"Rampage","floor":10.0},{"not_picked":["Burning Pact","Pummel","Whirlwind"],"picked":"Singing Bowl","floor":13.0},{"not_picked":["Sword Boomerang","Pommel Strike","Armaments"],"picked":"Singing Bowl","floor":14.0},{"not_picked":["Fiend Fire","Brutality"],"picked":"Demon Form","floor":16.0},{"not_picked":["Wild Strike","Body Slam"],"picked":"True Grit+1","floor":18.0},{"not_picked":["Combust","Infernal Blade","Pummel+1"],"picked":"Singing Bowl","floor":20.0},{"not_picked":["Thunderclap+1","Pummel+1","Clash"],"picked":"Singing Bowl","floor":22.0},{"not_picked":["True Grit","Iron Wave","Twin Strike"],"picked":"Singing Bowl","floor":24.0},{"not_picked":["Carnage+1","Armaments"],"picked":"Metallicize","floor":25},{"not_picked":["Havoc","Evolve+1"],"picked":"Clothesline","floor":29}],"player_experience":1673584,"relics_obtained":[{"floor":8.0,"key":"Shuriken"},{"floor":9.0,"key":"Singing Bowl"},{"floor":10.0,"key":"Bottled Flame"},{"floor":13.0,"key":"Thread and Needle"},{"floor":20.0,"key":"Red Mask"},{"floor":25,"key":"Blood Vial"},{"floor":26,"key":"Red Skull"}],"event_choices":[{"damage_healed":0.0,"max_hp_gain":5.0,"max_hp_loss":0.0,"gold_gain":0.0,"event_name":"Big Fish","player_choice":"Donut","floor":2.0,"gold_loss":0.0,"damage_taken":0.0},{"damage_healed":0.0,"max_hp_gain":0.0,"max_hp_loss":0.0,"gold_gain":0.0,"event_name":"Scrap Ooze","player_choice":"Success","floor":3.0,"gold_loss":0.0,"damage_taken":7.0,"relics_obtained":["Boot"]},{"damage_healed":0.0,"max_hp_gain":0.0,"max_hp_loss":0.0,"gold_gain":0.0,"event_name":"Masked Bandits","player_choice":"Fought Bandits","floor":20.0,"gold_loss":0.0,"damage_taken":0.0},{"cards_removed":["Barricade"],"damage_healed":0.0,"max_hp_gain":0.0,"max_hp_loss":0.0,"gold_gain":0.0,"event_name":"Beggar","player_choice":"Gave Gold","floor":21.0,"gold_loss":75.0,"damage_taken":0.0},{"damage_healed":0,"gold_gain":0,"player_choice":"Obtained Relic","damage_taken":0,"relics_obtained":["Ancient Tea Set"],"max_hp_gain":0,"max_hp_loss":0,"event_name":"Addict","floor":27,"gold_loss":85},{"damage_healed":0,"gold_gain":0,"player_choice":"Ignored","damage_taken":0,"max_hp_gain":0,"max_hp_loss":0,"event_name":"Cursed Tome","floor":30,"gold_loss":0}],"is_beta":false,"boss_relics":[{"not_picked":["Eternal Feather","Runic Cube"],"picked":"Astrolabe"}],"items_purged_floors":[7,11,19],"is_endless":false,"potions_floor_spawned":[5,10,13,14,22,24,25,29],"killed_by":"Automaton","ascension_level":9}