{"gold_per_floor":[112,128,2,13,13,42,42,61,86,86,86,100,100,100,100,197,197],"floor_reached":17,"playtime":1167,"items_purged":[],"score":155,"play_id":"787f8972-1d6e-471c-8256-71a8a0e03913","local_time":"20190224175302","is_ascension_mode":false,"campfire_choices":[{"data":"Armaments","floor":7,"key":"SMITH"},{"data":"Uppercut","floor":10,"key":"SMITH"},{"data":"Pommel Strike","floor":13,"key":"SMITH"},{"floor":15,"key":"REST"}],"neow_cost":"NONE","seed_source_timestamp":1044072344070,"circlet_count":0,"master_deck":["Bash+1","Pommel Strike+1","Shrug It Off","Uppercut+1","Armaments+1","Twin Strike","Cleave","Fiend Fire","Sword Boomerang","Dropkick","Bloodletting","Combust","Armaments","Rampage","Feel No Pain","Whirlwind"],"relics":["Burning Blood","Oddly Smooth Stone","Orichalcum","Potion Belt","Pandora\u0027s Box"],"potions_floor_usage":[6],"damage_taken":[{"damage":4,"enemies":"2 Louse","floor":1,"turns":4},{"damage":9,"enemies":"Cultist","floor":2,"turns":5},{"damage":0,"enemies":"Jaw Worm","floor":4,"turns":4},{"damage":42,"enemies":"3 Sentries","floor":6,"turns":11},{"damage":3,"enemies":"Gremlin Gang","floor":8,"turns":8},{"damage":0,"enemies":"3 Louse","floor":12,"turns":3},{"damage":44,"enemies":"Slime Boss","floor":16,"turns":10}],"seed_played":"2684147176097026086","potions_obtained":[{"floor":1,"key":"AttackPotion"},{"floor":2,"key":"Strength Potion"},{"floor":4,"key":"Poison Potion"}],"is_trial":false,"path_per_floor":["M","M","$","M","?","E","R","M","T","R","?","M","R","?","R","B",null],"character_chosen":"IRONCLAD","items_purchased":["Uppercut","Armaments"],"campfire_rested":1,"item_purchase_floors":[3,3],"current_hp_per_floor":[80,77,77,80,64,28,28,31,31,31,31,37,37,37,61,23,80],"gold":197,"neow_bonus":"REMOVE_CARD","is_prod":false,"is_daily":false,"chose_seed":false,"campfire_upgraded":3,"win_rate":0,"timestamp":1551023582,"path_taken":["M","M","$","M","?","E","R","M","T","R","?","?","R","?","R","BOSS"],"build_version":"2019-01-23","purchased_purges":0,"victory":false,"max_hp_per_floor":[80,80,80,80,80,80,80,80,80,80,80,80,80,80,80,80,80],"card_choices":[{"not_picked":["Shockwave","Warcry"],"picked":"Pommel Strike","floor":1},{"not_picked":["Clash","Pummel"],"picked":"Shrug It Off","floor":2},{"not_picked":["Clothesline","Pommel Strike","Fire Breathing"],"picked":"SKIP","floor":4},{"not_picked":["Warcry","Second Wind"],"picked":"Twin Strike","floor":6},{"not_picked":["Twin Strike","Anger","Rampage"],"picked":"SKIP","floor":8},{"not_picked":["Warcry","Burning Pact"],"picked":"Cleave","floor":12},{"not_picked":["Limit Break","Feed"],"picked":"Fiend Fire","floor":16}],"player_experience":506510,"relics_obtained":[{"floor":6,"key":"Oddly Smooth Stone"},{"floor":9,"key":"Orichalcum"}],"event_choices":[{"damage_healed":0,"gold_gain":0,"player_choice":"Entered Light","damage_taken":16,"max_hp_gain":0,"max_hp_loss":0,"event_name":"Shining Light","floor":5,"gold_loss":0,"cards_upgraded":["Strike_R","Defend_R"]},{"damage_healed":0,"gold_gain":0,"player_choice":"Upgraded","damage_taken":0,"max_hp_gain":0,"max_hp_loss":0,"event_name":"Upgrade Shrine","floor":11,"gold_loss":0,"cards_upgraded":["Bash"]},{"damage_healed":0,"gold_gain":0,"player_choice":"Gave Potion","damage_taken":0,"relics_obtained":["Potion Belt"],"max_hp_gain":0,"max_hp_loss":0,"event_name":"WeMeetAgain","floor":14,"gold_loss":0}],"is_beta":false,"boss_relics":[{"not_picked":["Calling Bell","White Beast Statue"],"picked":"Pandora\u0027s Box"}],"items_purged_floors":[],"is_endless":false,"potions_floor_spawned":[1,2,4],"ascension_level":0}