{"gold_per_floor":[114,127,144,158,158,158,190,140,166,166,201,201,230,244,244,349,349,368,368,384,384,397,432,432,458,507,507,533,533],"floor_reached":29,"playtime":1964,"items_purged":[],"score":281,"play_id":"c98bdc63-2808-4aea-a746-3ae4ab45c25f","local_time":"20181217002845","is_ascension_mode":false,"campfire_choices":[{"data":"Footwork","floor":6,"key":"SMITH"},{"floor":12,"key":"REST"},{"floor":15,"key":"REST"}],"neow_cost":"NONE","seed_source_timestamp":366364212985849,"circlet_count":0,"master_deck":["Defend_G","Defend_G","Defend_G","Defend_G","Defend_G","Strike_G","Strike_G","Strike_G+1","Strike_G","Survivor","Neutralize","Dramatic Entrance+1","Footwork+1","Dash","Night Terror","Dagger Throw+1","PiercingWail","Die Die Die+1","Dodge and Roll","Noxious Fumes","Endless Agony+1","Poisoned Stab+1","Endless Agony+1","Necronomicurse","Endless Agony+1"],"relics":["Ring of the Snake","Bag of Preparation","Potion Belt","Orichalcum","Molten Egg 2","Pear","Sozu","Ice Cream","Necronomicon","Happy Flower","Whetstone"],"potions_floor_usage":[11,11,16,16,25],"damage_taken":[{"damage":0,"enemies":"Jaw Worm","floor":1,"turns":4},{"damage":0,"enemies":"Small Slimes","floor":2,"turns":4},{"damage":0,"enemies":"Cultist","floor":3,"turns":5},{"damage":5,"enemies":"2 Fungi Beasts","floor":4,"turns":4},{"damage":16,"enemies":"Lagavulin","floor":7,"turns":11},{"damage":14,"enemies":"Gremlin Nob","floor":11,"turns":6},{"damage":34,"enemies":"Lagavulin","floor":13,"turns":13},{"damage":11,"enemies":"Large Slime","floor":14,"turns":8},{"damage":11,"enemies":"The Guardian","floor":16,"turns":21},{"damage":0,"enemies":"3 Byrds","floor":18,"turns":6},{"damage":10,"enemies":"Shell Parasite","floor":20,"turns":7},{"damage":13,"enemies":"Shelled Parasite and Fungi","floor":22,"turns":8},{"damage":26,"enemies":"Book of Stabbing","floor":23,"turns":7},{"damage":14,"enemies":"Slavers","floor":25,"turns":4},{"damage":9,"enemies":"Centurion and Healer","floor":29,"turns":3}],"seed_played":"-6790998134920139589","potions_obtained":[{"floor":1,"key":"Block Potion"},{"floor":7,"key":"Block Potion"},{"floor":13,"key":"Strength Potion"},{"floor":14,"key":"SkillPotion"},{"floor":16,"key":"Strength Potion"}],"is_trial":false,"path_per_floor":["M","M","M","M","?","R","E","?","T","?","E","R","E","M","R","B",null,"M","?","M","?","M","E","?","E","T","?","T","M"],"character_chosen":"THE_SILENT","items_purchased":[],"campfire_rested":2,"item_purchase_floors":[],"current_hp_per_floor":[70,70,70,65,53,53,37,37,37,37,23,44,20,9,33,22,80,80,80,70,70,57,31,15,1,1,1,1,0],"gold":533,"neow_bonus":"RANDOM_COLORLESS","is_prod":false,"is_daily":false,"chose_seed":false,"campfire_upgraded":1,"win_rate":0,"timestamp":1545028125,"path_taken":["M","M","M","M","?","R","E","?","T","?","E","R","E","M","R","BOSS","M","?","M","?","M","E","?","E","T","?","?","M"],"build_version":"2018-12-13","purchased_purges":0,"victory":false,"max_hp_per_floor":[70,70,70,70,70,70,70,70,70,70,70,70,80,80,80,80,80,80,80,80,80,80,80,80,80,80,80,80,80],"card_choices":[{"not_picked":["Dodge and Roll","Leg Sweep"],"picked":"Footwork","floor":1},{"not_picked":["Deflect","Sucker Punch","Calculated Gamble"],"picked":"SKIP","floor":2},{"not_picked":["All Out Attack","Dagger Throw"],"picked":"Dash","floor":3},{"not_picked":["Prepared","Concentrate","Masterful Stab"],"picked":"SKIP","floor":4},{"not_picked":["Deflect","Dodge and Roll"],"picked":"Night Terror","floor":7},{"not_picked":["Quick Slash","Terror"],"picked":"Dagger Throw","floor":11},{"not_picked":["Reflex","Underhanded Strike+1","Setup"],"picked":"SKIP","floor":13},{"not_picked":["Outmaneuver","Cloak And Dagger"],"picked":"PiercingWail","floor":14},{"not_picked":["Night Terror","Venomology"],"picked":"Die Die Die+1","floor":16},{"not_picked":["Deflect","Flying Knee+1"],"picked":"Dodge and Roll","floor":18},{"not_picked":["Dagger Spray+1","PiercingWail"],"picked":"Endless Agony+1","floor":20},{"not_picked":["Expertise","Deadly Poison"],"picked":"Poisoned Stab+1","floor":22},{"not_picked":["Underhanded Strike+1","All Out Attack+1"],"picked":"Endless Agony+1","floor":23},{"not_picked":["Outmaneuver","PiercingWail+1"],"picked":"Endless Agony+1","floor":25}],"player_experience":268328,"relics_obtained":[{"floor":7,"key":"Potion Belt"},{"floor":9,"key":"Orichalcum"},{"floor":11,"key":"Molten Egg 2"},{"floor":13,"key":"Pear"},{"floor":23,"key":"Ice Cream"},{"floor":24,"key":"Necronomicon"},{"floor":25,"key":"Happy Flower"},{"floor":28,"key":"Whetstone"}],"event_choices":[{"damage_healed":0,"gold_gain":0,"player_choice":"Success","damage_taken":12,"relics_obtained":["Bag of Preparation"],"max_hp_gain":0,"max_hp_loss":0,"event_name":"Scrap Ooze","floor":5,"gold_loss":0},{"cards_removed":["Strike_G"],"damage_healed":0,"gold_gain":0,"player_choice":"Card Removal","damage_taken":0,"max_hp_gain":0,"max_hp_loss":0,"event_name":"The Cleric","floor":8,"gold_loss":50},{"damage_healed":0,"gold_gain":0,"player_choice":"Cursed","damage_taken":0,"max_hp_gain":0,"max_hp_loss":0,"event_name":"Wheel of Change","floor":10,"gold_loss":0,"cards_obtained":["Decay"]},{"damage_healed":0,"gold_gain":0,"player_choice":"Read","damage_taken":0,"max_hp_gain":0,"max_hp_loss":0,"event_name":"The Library","floor":19,"gold_loss":0,"cards_obtained":["Noxious Fumes"]},{"damage_healed":0,"gold_gain":0,"player_choice":"Ignored","damage_taken":0,"max_hp_gain":0,"max_hp_loss":0,"event_name":"Ghosts","floor":21,"gold_loss":0},{"damage_healed":0,"gold_gain":0,"player_choice":"Obtained Book","damage_taken":16,"max_hp_gain":0,"max_hp_loss":0,"event_name":"Cursed Tome","floor":24,"gold_loss":0},{"cards_removed":["Decay"],"damage_healed":0,"gold_gain":0,"player_choice":"Elegance","damage_taken":0,"max_hp_gain":0,"max_hp_loss":0,"event_name":"Back to Basics","floor":27,"gold_loss":0}],"is_beta":false,"boss_relics":[{"not_picked":["Pandora\u0027s Box","Cursed Key"],"picked":"Sozu"}],"items_purged_floors":[],"is_endless":false,"potions_floor_spawned":[1,7,13,14,16,20,25],"killed_by":"Centurion and Healer","ascension_level":0}