{"path_per_floor":["M","$","M","M","M","R","E","?","T","E","M","M","$","M","R"],"character_chosen":"IRONCLAD","items_purchased":[],"gold_per_floor":[117,42,53,66,78,78,108,108,108,143,158,173,73,91,91,91],"floor_reached":16,"campfire_rested":0,"playtime":504,"current_hp_per_floor":[74,74,67,60,56,56,39,39,39,31,31,22,22,16,16,0],"items_purged":["Regret","Clumsy"],"gold":91,"score":137,"play_id":"69b3c01b-6b9a-405a-bd82-0ac17b8bf02f","local_time":"20180512183516","is_prod":false,"is_daily":false,"chose_seed":false,"is_ascension_mode":true,"campfire_upgraded":2,"timestamp":1526164516,"path_taken":["M","$","M","M","M","R","E","?","T","E","M","?","$","M","R","BOSS"],"build_version":"2018-05-12v2","seed_source_timestamp":307293153078458,"purchased_purges":2,"victory":false,"master_deck":["Strike_R","Strike_R","Strike_R","Strike_R","Strike_R","Defend_R","Defend_R","Defend_R","Defend_R","Bash","Pommel Strike","Cleave","Perfected Strike+1","Pommel Strike","Evolve","Perfected Strike+1"],"max_hp_per_floor":[80,80,80,80,80,80,80,80,80,80,80,80,80,80,80,80],"relics":["Calling Bell","Bronze Scales","Centennial Puzzle","Charon\u0027s Ashes","Ice Cream","Bird Faced Urn","Turnip"],"card_choices":[{"not_picked":["Heavy Blade","Intimidate","Warcry"],"picked":"SKIP","floor":1},{"not_picked":["Perfected Strike","Sword Boomerang"],"picked":"Pommel Strike","floor":3},{"not_picked":["Iron Wave","Shockwave"],"picked":"Cleave","floor":4},{"not_picked":["Intimidate","Impervious"],"picked":"Perfected Strike","floor":5},{"not_picked":["Havoc","Fire Breathing","Sword Boomerang"],"picked":"SKIP","floor":7},{"not_picked":["Armaments","Metallicize"],"picked":"Pommel Strike","floor":10},{"not_picked":["Warcry","Flex","Evolve"],"picked":"SKIP","floor":11},{"not_picked":["Warcry","Flex"],"picked":"Evolve","floor":11},{"not_picked":["Evolve","Clothesline","Carnage"],"picked":"SKIP","floor":12},{"not_picked":["True Grit","Anger"],"picked":"Perfected Strike","floor":14}],"player_experience":121699,"potions_floor_usage":[10,16,16,16],"damage_taken":[{"damage":6,"enemies":"Cultist","floor":1,"turns":3},{"damage":7,"enemies":"Small Slimes","floor":3,"turns":3},{"damage":7,"enemies":"Jaw Worm","floor":4,"turns":3},{"damage":4,"enemies":"Red Slaver","floor":5,"turns":4},{"damage":17,"enemies":"3 Sentries","floor":7,"turns":5},{"damage":8,"enemies":"Gremlin Nob","floor":10,"turns":3},{"damage":0,"enemies":"Large Slime","floor":11,"turns":2},{"damage":9,"enemies":"Exordium Wildlife","floor":12,"turns":3},{"damage":6,"enemies":"Looter","floor":14,"turns":2},{"damage":35,"enemies":"The Guardian","floor":16,"turns":8}],"event_choices":[{"event_name":"Purifier","player_choice":"One Purge","floor":8,"damage_taken":0}],"boss_relics":[],"potions_floor_spawned":[4,10,12,14],"seed_played":"6755827502876523580","killed_by":"The Guardian","ascension_level":4,"is_trial":false}