{"gold_per_floor":[18,33,33,52,2,2,2,22,22,22,22,39,39,73,73,170,170,189,189,288,288,306,333,333,346,369,379,379,379,396,426,426,525,525,537,582,582,1581,1581],"floor_reached":39,"playtime":2470,"items_purged":[],"score":573,"play_id":"4aba739d-c2d9-4fb3-ae99-c7aa9c2bb65b","local_time":"20181017172559","is_ascension_mode":true,"campfire_choices":[{"data":"True Grit","floor":6,"key":"SMITH"},{"data":"Sever Soul","floor":13,"key":"SMITH"},{"data":"Demon Form","floor":15,"key":"SMITH"},{"floor":24,"key":"REST"},{"floor":29,"key":"REST"},{"floor":32,"key":"REST"}],"neow_cost":"NO_GOLD","seed_source_timestamp":544288469142824,"circlet_count":0,"master_deck":["Strike_R","Strike_R","Defend_R","Defend_R","Defend_R","Defend_R","Bash","True Grit+1","Sever Soul+1","Battle Trance","Headbutt","Demon Form+1","Reaper","Heavy Blade","Metallicize","Shrug It Off+1","Pain","Battle Trance+1","Shame","Dark Embrace","Metallicize+1","Pummel","Normality","Normality"],"relics":["Burning Blood","FossilizedHelix","Du-Vu Doll","Fusion Hammer","MutagenicStrength","Blue Candle","PreservedInsect","WarpedTongs","Tiny Chest","Empty Cage","Torii"],"potions_floor_usage":[4,14,36,37],"damage_taken":[{"damage":1,"enemies":"Jaw Worm","floor":1,"turns":6},{"damage":1,"enemies":"Cultist","floor":2,"turns":3},{"damage":0,"enemies":"2 Louse","floor":4,"turns":2},{"damage":4,"enemies":"Blue Slaver","floor":8,"turns":5},{"damage":2,"enemies":"Exordium Thugs","floor":12,"turns":5},{"damage":17,"enemies":"Lagavulin","floor":14,"turns":7},{"damage":0,"enemies":"Slime Boss","floor":16,"turns":9},{"damage":46,"enemies":"3 Byrds","floor":18,"turns":7},{"damage":0,"enemies":"Spheric Guardian","floor":22,"turns":3},{"damage":52,"enemies":"Gremlin Leader","floor":23,"turns":9},{"damage":0,"enemies":"Snecko","floor":25,"turns":4},{"damage":3,"enemies":"Chosen and Byrds","floor":27,"turns":6},{"damage":1,"enemies":"Centurion and Healer","floor":30,"turns":6},{"damage":127,"enemies":"Collector","floor":33,"turns":8},{"damage":41,"enemies":"Orb Walker","floor":35,"turns":4},{"damage":68,"enemies":"Mysterious Sphere","floor":36,"turns":6},{"damage":11,"enemies":"3 Darklings","floor":37,"turns":4},{"damage":19,"enemies":"Sphere and 2 Shapes","floor":39,"turns":2}],"seed_played":"-4892120918888079268","potions_obtained":[{"floor":2,"key":"PowerPotion"},{"floor":3,"key":"SmokeBomb"},{"floor":3,"key":"Block Potion"},{"floor":4,"key":"EssenceOfSteel"},{"floor":22,"key":"Strength Potion"},{"floor":30,"key":"Fire Potion"},{"floor":36,"key":"LiquidBronze"}],"is_trial":false,"path_per_floor":["M","M","?","M","?","R","$","M","T","$","?","M","R","E","R","B",null,"M","?","?","?","M","E","R","M","T","M","?","R","M","?","R","B",null,"M","?","M","?"],"character_chosen":"IRONCLAD","items_purchased":[],"campfire_rested":3,"item_purchase_floors":[],"current_hp_per_floor":[96,96,96,96,96,96,96,96,96,96,101,101,101,90,90,96,101,69,69,69,69,75,63,93,99,99,101,101,101,101,101,101,16,101,66,18,13,13,0],"gold":1581,"neow_bonus":"TWENTY_PERCENT_HP_BONUS","is_prod":false,"is_daily":false,"chose_seed":false,"campfire_upgraded":3,"win_rate":0,"timestamp":1539811559,"path_taken":["M","M","?","M","?","R","$","?","T","?","?","?","R","E","R","BOSS","M","?","?","?","M","E","R","M","T","M","?","R","M","?","R","BOSS","M","?","?","?","?"],"build_version":"2018-10-11","purchased_purges":0,"victory":false,"max_hp_per_floor":[96,96,96,96,96,96,96,96,96,96,101,101,101,101,101,101,101,101,101,101,101,101,101,101,101,101,101,101,101,101,101,101,101,101,101,101,101,101,101],"card_choices":[{"not_picked":["Thunderclap","Body Slam"],"picked":"True Grit","floor":1},{"not_picked":["Anger","Heavy Blade"],"picked":"Sever Soul","floor":2},{"not_picked":["Perfected Strike","Warcry"],"picked":"Battle Trance","floor":4},{"not_picked":["Clothesline","Wild Strike","Searing Blow"],"picked":"SKIP","floor":8},{"not_picked":["Warcry","Havoc"],"picked":"Headbutt","floor":12},{"not_picked":["Rampage","Pommel Strike"],"picked":"Demon Form","floor":14},{"not_picked":["Barricade","Double Tap"],"picked":"Reaper","floor":16},{"not_picked":["Thunderclap+1","Clash"],"picked":"Heavy Blade","floor":18},{"not_picked":["Clash+1","Sentinel"],"picked":"Metallicize","floor":22},{"not_picked":["Shockwave+1","Sword Boomerang"],"picked":"Shrug It Off+1","floor":23},{"not_picked":["Bloodletting","Combust","Body Slam"],"picked":"SKIP","floor":25},{"not_picked":["True Grit","Iron Wave","Hemokinesis+1"],"picked":"SKIP","floor":27},{"not_picked":["Clash","Iron Wave+1"],"picked":"Battle Trance+1","floor":30},{"not_picked":["Brutality","Fiend Fire"],"picked":"Dark Embrace","floor":33},{"not_picked":["Wild Strike+1","Warcry+1"],"picked":"Metallicize+1","floor":35},{"not_picked":["True Grit+1","Blood for Blood+1"],"picked":"Pummel","floor":36}],"player_experience":931975,"relics_obtained":[{"floor":9,"key":"FossilizedHelix"},{"floor":14,"key":"Du-Vu Doll"},{"floor":23,"key":"Blue Candle"},{"floor":26,"key":"PreservedInsect"},{"floor":36,"key":"Torii"}],"event_choices":[{"event_name":"The Lab","player_choice":"Got Potions","floor":3,"damage_taken":0},{"event_name":"The Cleric","player_choice":"Card Removal","floor":5,"damage_taken":0},{"event_name":"Big Fish","player_choice":"Donut","floor":11,"damage_taken":0},{"event_name":"Ghosts","player_choice":"Ignored","floor":19,"damage_taken":0},{"event_name":"Nest","player_choice":"Stole From Cult","floor":20,"damage_taken":0},{"event_name":"Drug Dealer","player_choice":"Inject Mutagens","floor":21,"damage_taken":0},{"event_name":"Accursed Blacksmith","player_choice":"Rummage","floor":28,"damage_taken":0},{"event_name":"Addict","player_choice":"Stole Relic","floor":31,"damage_taken":0},{"event_name":"Mysterious Sphere","player_choice":"Fight","floor":36,"damage_taken":0},{"event_name":"MindBloom","player_choice":"Gold","floor":38,"damage_taken":0}],"is_beta":false,"boss_relics":[{"not_picked":["Lizard Tail","Runic Pyramid"],"picked":"Fusion Hammer"},{"not_picked":["Astrolabe","Black Star"],"picked":"Empty Cage"}],"items_purged_floors":[],"is_endless":false,"potions_floor_spawned":[2,4,8,22,30,36,37],"killed_by":"Sphere and 2 Shapes","ascension_level":1}