{"path_per_floor":["M","?","?","?","$","E","R","M","T","R","M","R","M","$","R","B",null,"M","M","?","?","$","R","M","M","T","R","$","M"],"character_chosen":"THE_SILENT","items_purchased":["Footwork","Anchor","Footwork"],"gold_per_floor":[119,194,194,194,50,89,89,113,160,160,185,185,206,1,1,122,122,93,111,111,111,34,34,48,73,73,73,23,46],"floor_reached":30,"campfire_rested":2,"playtime":2393,"current_hp_per_floor":[69,58,58,41,41,11,32,41,41,41,41,41,36,36,36,36,70,59,39,49,49,49,49,21,7,7,31,31,21],"items_purged":["Strike_G","Strike_G","Strike_G"],"gold":46,"play_id":"2e90d1df-cc7f-4532-92c6-1fa45bc8d861","is_prod":false,"is_daily":false,"campfire_rituals":0,"campfire_upgraded":4,"is_hardmode":false,"path_taken":["M","?","?","?","?","E","R","M","T","R","M","R","?","$","R","BOSS","M","M","?","?","$","R","M","?","T","R","$","M","M"],"build_version":"2018-01-11-PROD2","purchased_purges":3,"victory":false,"master_deck":["Defend_G","Defend_G","Defend_G","Defend_G","Defend_G","Strike_G","Survivor","Neutralize","Venomology","Caltrops","Footwork","Dash","Sucker Punch","Noxious Fumes","Reflex","Burst","Deadly Poison","Catalyst","Footwork","PiercingWail","Quick Slash"],"max_hp_per_floor":[70,70,70,70,70,70,70,70,70,70,70,70,70,70,70,70,70,70,70,80,80,80,80,80,80,80,80,80,80],"relics":["Philosopher\u0027s Stone","Golden Idol","Smiling Mask","Happy Flower","Anchor","White Beast Statue","Pear","Prayer Wheel"],"campfire_meditates":0,"card_choices":[{"not_picked":["PiercingWail","Leg Sweep"],"picked":"Venomology"},{"not_picked":["Backstab","Heel Hook"],"picked":"Dash"},{"not_picked":["Cloak And Dagger","Flying Knee"],"picked":"Sucker Punch"},{"not_picked":["Underhanded Strike","Cloak And Dagger"],"picked":"Noxious Fumes"},{"not_picked":["Dodge and Roll","Underhanded Strike"],"picked":"Reflex"},{"not_picked":["A Thousand Cuts","Die Die Die"],"picked":"Burst"},{"not_picked":["Dagger Spray","Endless Agony"],"picked":"Deadly Poison"},{"not_picked":["Outmaneuver","Cloak And Dagger"],"picked":"Catalyst"},{"not_picked":["Distraction","Cloak And Dagger"],"picked":"PiercingWail"},{"not_picked":["Dagger Throw","Flying Knee"],"picked":"Quick Slash"}],"player_experience":157355,"potions_floor_usage":[6,8,11,16,16,25,29],"damage_taken":[{"damage":1,"enemies":"Small Slimes","floor":1,"turns":5},{"damage":30,"enemies":"Lagavulin","floor":6,"turns":14},{"damage":3,"enemies":"Jaw Worm","floor":8,"turns":4},{"damage":0,"enemies":"Cultist","floor":11,"turns":3},{"damage":5,"enemies":"Exordium Wildlife","floor":13,"turns":5},{"damage":0,"enemies":"Slime Boss","floor":16,"turns":12},{"damage":11,"enemies":"2 Thieves","floor":18,"turns":5},{"damage":20,"enemies":"Spheric Guardian","floor":19,"turns":7},{"damage":28,"enemies":"Snecko","floor":24,"turns":6},{"damage":14,"enemies":"Centurion and Healer","floor":25,"turns":6},{"damage":10,"enemies":"Snake Plant","floor":29,"turns":5},{"damage":21,"enemies":"Snecko","floor":30,"turns":6}],"event_choices":[{"event_name":"World of Goop","player_choice":"Gather Gold","floor":2,"damage_taken":0},{"event_name":"Transmorgrifier","player_choice":"Transform","floor":3,"damage_taken":0},{"event_name":"Golden Idol","player_choice":"Take Damage","floor":4,"damage_taken":0},{"event_name":"The Mausoleum","player_choice":"Yes","floor":20,"damage_taken":0},{"event_name":"Fountain of Cleansing","player_choice":"Removed Curse","floor":21,"damage_taken":0}],"boss_relics":[{"not_picked":["Runic Pyramid","Question Card"],"picked":"White Beast Statue"}],"potions_floor_spawned":[6,8,13,18,19,24,25,29],"seed_played":"-5768117241787415063","killed_by":"Snecko","is_trial":false}