{"gold_per_floor":[116,133,133,144,1,1,30,30,30,30,361,386,406,449,449,570,570,586,586,586],"floor_reached":20,"playtime":1187,"items_purged":["Strike_R"],"score":303,"play_id":"f78d39c2-fa17-404a-be7a-82a569f91283","local_time":"20190224162420","is_ascension_mode":true,"campfire_choices":[{"data":"Carnage","floor":6.0,"key":"SMITH"},{"data":"Feel No Pain","floor":10.0,"key":"SMITH"},{"data":"True Grit","floor":15,"key":"SMITH"}],"neow_cost":"NONE","seed_source_timestamp":0,"circlet_count":0,"master_deck":["Bash","Carnage+1","Twin Strike","Limit Break","Sever Soul","Feel No Pain+1","True Grit+1","Sentinel","Feel No Pain","Fiend Fire","Barricade","Wild Strike","Dark Embrace","Armaments","Seeing Red","Ghostly Armor","Thunderclap","Cleave","Body Slam","Ghostly","Ghostly","Ghostly","Ghostly","Ghostly"],"special_seed":0,"relics":["Burning Blood","NeowsBlessing","Question Card","Golden Idol","Bottled Flame","Old Coin","FossilizedHelix","Pandora\u0027s Box"],"potions_floor_usage":[16,16],"damage_taken":[{"damage":0.0,"enemies":"Cultist","floor":1.0,"turns":1.0},{"damage":0.0,"enemies":"Jaw Worm","floor":2.0,"turns":1.0},{"damage":0.0,"enemies":"Small Slimes","floor":4.0,"turns":1.0},{"damage":40.0,"enemies":"Lagavulin","floor":7.0,"turns":6.0},{"damage":8.0,"enemies":"Gremlin Nob","floor":11.0,"turns":3.0},{"damage":7.0,"enemies":"Exordium Wildlife","floor":12.0,"turns":3.0},{"damage":4,"enemies":"Looter","floor":13,"turns":2},{"damage":25,"enemies":"Lagavulin","floor":14,"turns":5},{"damage":25,"enemies":"Hexaghost","floor":16,"turns":13},{"damage":26,"enemies":"Shell Parasite","floor":18,"turns":6},{"damage":40,"enemies":"3 Byrds","floor":20,"turns":4}],"seed_played":"2573060834171337445","potions_obtained":[{"floor":1.0,"key":"SpeedPotion"},{"floor":4.0,"key":"GamblersBrew"},{"floor":7.0,"key":"PowerPotion"},{"floor":13,"key":"Weak Potion"},{"floor":16,"key":"AttackPotion"},{"floor":18,"key":"SteroidPotion"}],"is_trial":false,"path_per_floor":["M","M","?","M","$","R","E","?","T","R","E","M","M","E","R","B",null,"M","?","M"],"character_chosen":"IRONCLAD","items_purchased":["Sever Soul"],"campfire_rested":0,"item_purchase_floors":[5],"current_hp_per_floor":[78,80,85,85,85,85,51,51,51,51,49,48,50,31,31,12,62,42,39,0],"gold":586,"neow_bonus":"THREE_ENEMY_KILL","is_prod":false,"is_daily":false,"chose_seed":false,"campfire_upgraded":3,"win_rate":0,"timestamp":1551043460,"path_taken":["M","?","?","M","$","R","E","?","T","R","E","M","M","E","R","BOSS","M","?","M"],"build_version":"2019-01-23","purchased_purges":1,"victory":false,"max_hp_per_floor":[80,80,85,85,85,85,85,79,79,79,79,79,79,79,79,79,79,79,39,39],"card_choices":[{"not_picked":["Combust","Pommel Strike"],"picked":"Carnage","floor":1.0},{"not_picked":["Shrug It Off","Cleave"],"picked":"Twin Strike","floor":2.0},{"not_picked":["Shrug It Off","Clothesline"],"picked":"Limit Break","floor":4.0},{"not_picked":["Iron Wave","Rage"],"picked":"Feel No Pain","floor":7.0},{"not_picked":["Thunderclap","Body Slam","Rage"],"picked":"True Grit","floor":11.0},{"not_picked":["Dual Wield","Pommel Strike","Cleave","Hemokinesis"],"picked":"SKIP","floor":12.0},{"not_picked":["Second Wind","Battle Trance","Sever Soul"],"picked":"Sentinel","floor":13},{"not_picked":["Intimidate","Body Slam","Reckless Charge"],"picked":"Feel No Pain","floor":14},{"not_picked":["Reaper","Offering","Impervious"],"picked":"Fiend Fire","floor":16},{"not_picked":["Cleave","Clash","Flex+1"],"picked":"Body Slam","floor":18}],"player_experience":1666849,"relics_obtained":[{"floor":7.0,"key":"Question Card"},{"floor":9.0,"key":"Bottled Flame"},{"floor":11.0,"key":"Old Coin"},{"floor":14,"key":"FossilizedHelix"}],"event_choices":[{"damage_healed":0.0,"max_hp_gain":5.0,"max_hp_loss":0.0,"gold_gain":0.0,"event_name":"Big Fish","player_choice":"Donut","floor":3.0,"gold_loss":0.0,"damage_taken":0.0},{"damage_healed":0.0,"max_hp_gain":0.0,"max_hp_loss":6.0,"gold_gain":0.0,"event_name":"Golden Idol","player_choice":"Lose Max HP","floor":8.0,"gold_loss":0.0,"damage_taken":0.0,"relics_obtained":["Golden Idol"]},{"damage_healed":0,"gold_gain":0,"player_choice":"Became a Ghost","damage_taken":0,"max_hp_gain":0,"max_hp_loss":40,"event_name":"Ghosts","floor":19,"gold_loss":0,"cards_obtained":["Ghostly","Ghostly","Ghostly","Ghostly","Ghostly"]}],"is_beta":false,"boss_relics":[{"not_picked":["Calling Bell","Eternal Feather"],"picked":"Pandora\u0027s Box"}],"items_purged_floors":[5],"is_endless":false,"potions_floor_spawned":[1,4,7,13,14,16,18],"killed_by":"3 Byrds","ascension_level":9}