{"gold_per_floor":[116,134,148,160,171,202,202,11,11,11,11,26,26,61,61,184,184,198,222,245,245,258,289,289],"floor_reached":24,"playtime":1426,"items_purged":[],"score":254,"play_id":"8859c10a-2a13-48bf-adbc-cbc1fa703cb4","local_time":"20181216175052","is_ascension_mode":false,"campfire_choices":[{"data":"Cloak And Dagger","floor":7,"key":"SMITH"},{"data":"Noxious Fumes","floor":10,"key":"SMITH"},{"floor":15,"key":"REST"}],"neow_cost":"NONE","seed_source_timestamp":343025850475090,"circlet_count":0,"master_deck":["Defend_G","Defend_G","Defend_G","Defend_G","Defend_G","Strike_G","Strike_G","Strike_G","Strike_G","Survivor","Neutralize","Cloak And Dagger+1","Cloak And Dagger","Dagger Throw","Backflip","Noxious Fumes+1","Adrenaline","Bouncing Flask","Glass Knife","Die Die Die","Catalyst","Caltrops","Dash","Caltrops"],"relics":["Ring of the Snake","Orichalcum","Potion Belt","Golden Idol","StoneCalendar","Sozu","Spirit Poop","Tingsha"],"potions_floor_usage":[14,23],"damage_taken":[{"damage":3,"enemies":"Cultist","floor":1,"turns":4},{"damage":1,"enemies":"2 Louse","floor":2,"turns":2},{"damage":0,"enemies":"Small Slimes","floor":3,"turns":3},{"damage":3,"enemies":"Red Slaver","floor":4,"turns":3},{"damage":19,"enemies":"Exordium Thugs","floor":5,"turns":7},{"damage":8,"enemies":"Gremlin Nob","floor":6,"turns":5},{"damage":1,"enemies":"Looter","floor":12,"turns":3},{"damage":0,"enemies":"Lagavulin","floor":14,"turns":6},{"damage":3,"enemies":"Hexaghost","floor":16,"turns":8},{"damage":1,"enemies":"Spheric Guardian","floor":18,"turns":4},{"damage":7,"enemies":"3 Byrds","floor":19,"turns":4},{"damage":6,"enemies":"Snecko","floor":20,"turns":4},{"damage":23,"enemies":"Cultist and Chosen","floor":22,"turns":7},{"damage":9,"enemies":"Book of Stabbing","floor":23,"turns":5},{"damage":25,"enemies":"Shelled Parasite and Fungi","floor":24,"turns":4}],"seed_played":"8245338614216146087","potions_obtained":[{"floor":1,"key":"Energy Potion"},{"floor":4,"key":"EssenceOfSteel"},{"floor":6,"key":"Dexterity Potion"}],"is_trial":false,"path_per_floor":["M","M","M","M","M","E","R","$","T","R","?","M","?","E","R","B",null,"M","M","M","?","M","E","M"],"character_chosen":"THE_SILENT","items_purchased":["Noxious Fumes","Adrenaline"],"campfire_rested":1,"item_purchase_floors":[8,8],"current_hp_per_floor":[67,66,66,63,44,36,36,36,36,36,29,28,28,28,49,46,70,69,62,56,56,33,24,0],"gold":289,"neow_bonus":"RANDOM_COMMON_RELIC","is_prod":false,"is_daily":false,"chose_seed":false,"campfire_upgraded":2,"win_rate":0,"timestamp":1545004252,"path_taken":["M","M","M","M","M","E","R","$","T","R","?","M","?","E","R","BOSS","M","M","M","?","M","E","M"],"build_version":"2018-12-13","purchased_purges":0,"victory":false,"max_hp_per_floor":[70,70,70,70,70,70,70,70,70,70,70,70,70,70,70,70,70,70,70,70,70,70,70,70],"card_choices":[{"not_picked":["Distraction","Dodge and Roll"],"picked":"Cloak And Dagger","floor":1},{"not_picked":["Outmaneuver","Underhanded Strike"],"picked":"Cloak And Dagger","floor":2},{"not_picked":["Deflect","Skewer","Setup"],"picked":"SKIP","floor":3},{"not_picked":["Poisoned Stab","Outmaneuver","Deadly Poison"],"picked":"SKIP","floor":4},{"not_picked":["Masterful Stab","Deadly Poison"],"picked":"Dagger Throw","floor":5},{"not_picked":["Escape Plan","Deadly Poison"],"picked":"Backflip","floor":6},{"not_picked":["Underhanded Strike","Acrobatics"],"picked":"Bouncing Flask","floor":12},{"not_picked":["Choke","Backflip"],"picked":"Glass Knife","floor":14},{"not_picked":["Doppelganger","Tools of the Trade"],"picked":"Die Die Die","floor":16},{"not_picked":["Dodge and Roll","Slice+1"],"picked":"Catalyst","floor":18},{"not_picked":["Acrobatics","Cloak And Dagger"],"picked":"Caltrops","floor":19},{"not_picked":["Blur","Skewer","Calculated Gamble"],"picked":"SKIP","floor":20},{"not_picked":["Heel Hook+1","Slice+1"],"picked":"Dash","floor":22},{"not_picked":["Riddle With Holes","Poisoned Stab"],"picked":"Caltrops","floor":23}],"player_experience":265235,"relics_obtained":[{"floor":6,"key":"Potion Belt"},{"floor":14,"key":"StoneCalendar"},{"floor":23,"key":"Tingsha"}],"event_choices":[{"cards_removed":["Strike_G"],"damage_healed":0,"gold_gain":0,"player_choice":"Card Removal","damage_taken":7,"max_hp_gain":0,"max_hp_loss":0,"event_name":"Golden Wing","floor":11,"gold_loss":0},{"damage_healed":0,"gold_gain":0,"player_choice":"Take Wound","damage_taken":0,"relics_obtained":["Golden Idol"],"max_hp_gain":0,"max_hp_loss":0,"event_name":"Golden Idol","floor":13,"gold_loss":0,"cards_obtained":["Injury"]},{"cards_removed":["Injury"],"damage_healed":0,"gold_gain":0,"player_choice":"Offered Curse","damage_taken":0,"relics_obtained":["Spirit Poop"],"max_hp_gain":0,"max_hp_loss":0,"event_name":"Bonfire Elementals","floor":21,"gold_loss":0}],"is_beta":false,"boss_relics":[{"not_picked":["Cursed Key","Astrolabe"],"picked":"Sozu"}],"items_purged_floors":[],"is_endless":false,"potions_floor_spawned":[1,4,6,20],"killed_by":"Shelled Parasite and Fungi","ascension_level":0}