{"gold_per_floor":[367,379,389,389,403,403,420,40,40,50,50,85,96,96,96,96],"floor_reached":16,"playtime":740,"items_purged":["Strike_R"],"score":161,"play_id":"73ea211d-8cd9-4bff-82fe-1ddf76be6848","local_time":"20180917011941","is_ascension_mode":true,"campfire_choices":[{"floor":6,"key":"REST"},{"data":"True Grit","floor":11,"key":"SMITH"},{"data":"Perfected Strike","floor":15,"key":"SMITH"}],"neow_cost":"PERCENT_DAMAGE","seed_source_timestamp":615797519200615,"circlet_count":0,"master_deck":["Strike_R","Strike_R","Strike_R","Strike_R","Defend_R","Defend_R+1","Defend_R","Bash","AscendersBane","Shrug It Off","Perfected Strike+1","True Grit+1","Flame Barrier","Headbutt","Battle Trance+1","Offering"],"relics":["Burning Blood","FossilizedHelix","Juzu Bracelet","Smiling Mask"],"potions_floor_usage":[7,12,16],"damage_taken":[{"damage":6,"enemies":"Cultist","floor":1,"turns":4},{"damage":2,"enemies":"2 Louse","floor":2,"turns":4},{"damage":5,"enemies":"Jaw Worm","floor":3,"turns":5},{"damage":30,"enemies":"Lots of Slimes","floor":5,"turns":7},{"damage":6,"enemies":"Exordium Wildlife","floor":7,"turns":5},{"damage":0,"enemies":"2 Fungi Beasts","floor":10,"turns":4},{"damage":12,"enemies":"Gremlin Nob","floor":12,"turns":4},{"damage":0,"enemies":"Exordium Thugs","floor":13,"turns":4},{"damage":41,"enemies":"Hexaghost","floor":16,"turns":12}],"seed_played":"-7666067902269908891","potions_obtained":[{"floor":2,"key":"SpeedPotion"},{"floor":5,"key":"SpeedPotion"},{"floor":10,"key":"SkillPotion"}],"is_trial":false,"path_per_floor":["M","M","M","?","M","R","M","$","T","M","R","E","M","?","R"],"character_chosen":"IRONCLAD","items_purchased":["FossilizedHelix"],"campfire_rested":1,"item_purchase_floors":[8],"current_hp_per_floor":[51,55,56,49,25,49,49,49,49,55,55,49,55,39,39,0],"gold":96,"neow_bonus":"TWO_FIFTY_GOLD","is_prod":false,"is_daily":false,"chose_seed":false,"campfire_upgraded":2,"win_rate":0,"timestamp":1537161581,"path_taken":["M","?","M","?","M","R","M","?","T","M","R","E","M","?","R","BOSS"],"build_version":"2018-09-06","purchased_purges":1,"victory":false,"max_hp_per_floor":[80,80,80,80,80,80,80,80,80,80,80,80,80,80,80,80],"card_choices":[{"not_picked":["Flex","Warcry"],"picked":"Shrug It Off","floor":1},{"not_picked":["Havoc","Reckless Charge"],"picked":"Perfected Strike","floor":2},{"not_picked":["Corruption","Seeing Red"],"picked":"True Grit","floor":3},{"not_picked":["Headbutt","Wild Strike"],"picked":"Flame Barrier","floor":5},{"not_picked":["Infernal Blade","Clash","Rage"],"picked":"SKIP","floor":7},{"not_picked":["Reckless Charge","Burning Pact"],"picked":"Headbutt","floor":10},{"not_picked":["Dropkick","Seeing Red"],"picked":"Battle Trance","floor":12},{"not_picked":["Heavy Blade","Thunderclap"],"picked":"Offering","floor":13}],"player_experience":556969,"relics_obtained":[{"floor":9,"key":"Juzu Bracelet"},{"floor":12,"key":"Smiling Mask"}],"event_choices":[{"event_name":"Golden Wing","player_choice":"Card Removal","floor":4,"damage_taken":0},{"event_name":"Shining Light","player_choice":"Entered Light","floor":14,"damage_taken":0}],"is_beta":false,"boss_relics":[],"items_purged_floors":[8],"is_endless":false,"potions_floor_spawned":[2,5,10],"killed_by":"Hexaghost","ascension_level":11}