{"gold_per_floor":[115,127,202,217,182,182,211,211,211,239,271,271,1,20,20,20],"floor_reached":16,"playtime":381,"items_purged":["Strike_B"],"score":146,"play_id":"6dae6162-224c-4647-8dc5-9c162419edb4","local_time":"20181001191503","is_ascension_mode":true,"campfire_choices":[{"data":"Chaos","floor":6,"key":"SMITH"},{"data":"Reinforced Body","floor":8,"key":"SMITH"},{"data":"Electrodynamics","floor":12,"key":"SMITH"},{"data":"Zap","floor":15,"key":"SMITH"}],"neow_cost":"NONE","seed_source_timestamp":13979742125737,"circlet_count":0,"master_deck":["Strike_B","Strike_B","Strike_B","Defend_B","Defend_B","Defend_B","Defend_B","Zap+1","Dualcast","Electrodynamics+1","Genetic Algorithm","Reinforced Body+1","Chaos+1","Machine Learning","Turbo","Rainbow","Fusion+1"],"relics":["Cracked Core","Kunai","Bag of Preparation","Odd Mushroom","The Courier","Toxic Egg 2"],"potions_floor_usage":[7],"damage_taken":[{"damage":4,"enemies":"Jaw Worm","floor":1,"turns":4},{"damage":7,"enemies":"2 Louse","floor":2,"turns":2},{"damage":0,"enemies":"Cultist","floor":4,"turns":3},{"damage":3,"enemies":"3 Sentries","floor":7,"turns":3},{"damage":18,"enemies":"The Mushroom Lair","floor":10,"turns":2},{"damage":7,"enemies":"Gremlin Nob","floor":11,"turns":4},{"damage":0,"enemies":"Large Slime","floor":14,"turns":4},{"damage":38,"enemies":"Slime Boss","floor":16,"turns":3}],"seed_played":"-5393892577782527138","potions_obtained":[{"floor":1,"key":"LiquidBronze"},{"floor":2,"key":"AttackPotion"},{"floor":10,"key":"Ancient Potion"}],"is_trial":false,"path_per_floor":["M","M","?","M","?","R","E","R","T","?","E","R","$","M","R"],"character_chosen":"DEFECT","items_purchased":["Toxic Egg 2"],"campfire_rested":0,"item_purchase_floors":[13],"current_hp_per_floor":[64,57,46,46,64,64,61,61,61,43,36,36,36,36,36,0],"gold":20,"neow_bonus":"ONE_RANDOM_RARE_CARD","is_prod":false,"is_daily":false,"chose_seed":false,"campfire_upgraded":4,"win_rate":0,"timestamp":1538435703,"path_taken":["M","M","?","M","?","R","E","R","T","?","E","R","$","M","R","BOSS"],"build_version":"2018-09-27","purchased_purges":1,"victory":false,"max_hp_per_floor":[75,75,75,75,75,75,75,75,75,75,75,75,75,75,75,75],"card_choices":[{"not_picked":["Sweeping Beam","Streamline"],"picked":"Genetic Algorithm","floor":1},{"not_picked":["Lockon","Undo"],"picked":"Reinforced Body","floor":2},{"not_picked":["Steam","Steam Power"],"picked":"Chaos","floor":4},{"not_picked":["Compile Driver","Meteor Strike"],"picked":"Machine Learning","floor":7},{"not_picked":["Conserve Battery","Aggregate"],"picked":"Turbo","floor":10},{"not_picked":["Steam Power","Auto Shields"],"picked":"Rainbow","floor":11},{"not_picked":["Genetic Algorithm+1","Redo+1"],"picked":"Fusion+1","floor":14}],"player_experience":636360,"relics_obtained":[{"floor":7,"key":"Kunai"},{"floor":9,"key":"Bag of Preparation"},{"floor":10,"key":"Odd Mushroom"},{"floor":11,"key":"The Courier"}],"event_choices":[{"event_name":"World of Goop","player_choice":"Gather Gold","floor":3,"damage_taken":0},{"event_name":"The Cleric","player_choice":"Healed","floor":5,"damage_taken":0},{"event_name":"Mushrooms","player_choice":"Fought Mushrooms","floor":10,"damage_taken":0}],"is_beta":false,"boss_relics":[],"items_purged_floors":[13],"is_endless":false,"potions_floor_spawned":[1,2,10],"killed_by":"Slime Boss","ascension_level":7}