{"gold_per_floor":[119,138,154,167,177,177,202,202,250,269,269,309,383,409,409,529,529,552,565,609,609,264,264,308,85,85,124,124,147,162,178,178,301,301,317,337,337,337,355,395,411,411,411,633,652,717,717,111,111,111],"floor_reached":51,"playtime":3019,"items_purged":["Parasite"],"score":1082,"play_id":"644e099c-5642-4911-a991-1fa49812e946","local_time":"20180713211710","is_ascension_mode":false,"campfire_choices":[{"data":"Inflame","floor":6,"key":"SMITH"},{"data":"Heavy Blade","floor":8,"key":"SMITH"},{"floor":15,"key":"REST"},{"data":"Limit Break","floor":23,"key":"SMITH"},{"data":"Flex","floor":32,"key":"SMITH"},{"floor":42,"key":"REST"},{"data":"Barricade","floor":47,"key":"SMITH"},{"data":"Fire Breathing","floor":49,"key":"SMITH"}],"neow_cost":"NONE","seed_source_timestamp":90351020768610,"circlet_count":0,"master_deck":["Strike_R","Strike_R","Strike_R","Defend_R+1","Defend_R","Defend_R","Defend_R","Bash","Clash","Body Slam","Inflame+1","Heavy Blade+1","Cleave","Limit Break+1","Heavy Blade+1","Flex+1","Dual Wield+1","Flex+1","Barricade+1","Fire Breathing+1","Flame Barrier+1","Deep Breath","Offering"],"relics":["Burning Blood","Bottled Lightning","Bag of Marbles","Golden Idol","Bottled Flame","Anchor","Oddly Smooth Stone","Busted Crown","Red Mask","Singing Bowl","Bottled Tornado","Omamori","Lantern","Mango","Calling Bell","War Paint","Mercury Hourglass","Gambling Chip","Bird Faced Urn","Pantograph","Paper Frog","Tiny Chest","Shuriken"],"potions_floor_usage":[10,16,16,29,31,33,33,35,40,40,46,50,50,50],"damage_taken":[{"damage":1,"enemies":"Cultist","floor":1,"turns":3},{"damage":0,"enemies":"2 Louse","floor":2,"turns":2},{"damage":1,"enemies":"Jaw Worm","floor":3,"turns":3},{"damage":10,"enemies":"Looter","floor":4,"turns":3},{"damage":4,"enemies":"Blue Slaver","floor":5,"turns":3},{"damage":16,"enemies":"3 Sentries","floor":7,"turns":7},{"damage":4,"enemies":"Gremlin Gang","floor":10,"turns":4},{"damage":21,"enemies":"Lagavulin","floor":12,"turns":4},{"damage":9,"enemies":"3 Sentries","floor":13,"turns":6},{"damage":51,"enemies":"The Guardian","floor":16,"turns":10},{"damage":10,"enemies":"Shell Parasite","floor":18,"turns":3},{"damage":7,"enemies":"3 Byrds","floor":19,"turns":5},{"damage":5,"floor":20,"turns":3},{"damage":12,"enemies":"Book of Stabbing","floor":24,"turns":3},{"damage":22,"enemies":"Slavers","floor":27,"turns":3},{"damage":8,"enemies":"Centurion and Healer","floor":29,"turns":3},{"damage":17,"enemies":"Snake Plant","floor":30,"turns":3},{"damage":12,"enemies":"Slaver and Parasite","floor":31,"turns":4},{"damage":16,"enemies":"Automaton","floor":33,"turns":6},{"damage":0,"enemies":"Flame Bruiser 1 Orb","floor":35,"turns":2},{"damage":13,"enemies":"Orb Walker","floor":36,"turns":3},{"damage":0,"floor":37,"turns":3},{"damage":23,"enemies":"Maw","floor":39,"turns":6},{"damage":62,"enemies":"2 Orb Walkers","floor":40,"turns":5},{"damage":18,"enemies":"Spire Growth","floor":41,"turns":3},{"damage":7,"enemies":"4 Shapes","floor":45,"turns":4},{"damage":19,"enemies":"Nemesis","floor":46,"turns":5},{"damage":86,"enemies":"Donu and Deca","floor":50,"turns":7}],"seed_played":"5545844481107685049","potions_obtained":[{"floor":3,"key":"GamblersBrew"},{"floor":5,"key":"GamblersBrew"},{"floor":7,"key":"SteroidPotion"},{"floor":10,"key":"Block Potion"},{"floor":24,"key":"EssenceOfSteel"},{"floor":27,"key":"LiquidBronze"},{"floor":30,"key":"Ancient Potion"},{"floor":31,"key":"AttackPotion"},{"floor":37,"key":"Fire Potion"},{"floor":39,"key":"BloodPotion"},{"floor":40,"key":"SkillPotion"},{"floor":46,"key":"Regen Potion"}],"is_trial":false,"path_per_floor":["M","M","M","M","M","R","E","R","T","M","?","E","?","T","R","B",null,"M","M","?","?","$","R","E","$","T","E","$","M","M","M","R","B",null,"M","M","?","?","M","E","M","R","T","?","M","E","R","$","R","B"],"character_chosen":"IRONCLAD","items_purchased":["Flex","Dual Wield","Singing Bowl","Omamori","Regen Potion","Shuriken","Energy Potion","Poison Potion","Deep Breath","Offering"],"campfire_rested":2,"item_purchase_floors":[22,22,22,25,25,48,48,48,48,48],"current_hp_per_floor":[80,80,80,76,78,78,68,68,68,70,50,35,32,32,56,11,80,76,75,76,76,76,76,72,72,72,72,72,72,63,62,62,52,102,104,99,107,107,94,53,45,78,78,78,81,76,76,76,76,41],"gold":111,"neow_bonus":"TRANSFORM_CARD","is_prod":false,"is_daily":false,"chose_seed":false,"campfire_upgraded":6,"win_rate":0,"timestamp":1531505830,"path_taken":["M","M","?","M","M","R","E","R","T","M","?","E","?","?","R","BOSS","M","M","?","?","$","R","E","$","T","E","?","M","M","?","R","BOSS","M","?","?","?","?","E","M","R","T","?","M","E","R","$","R","BOSS"],"build_version":"2018-07-12","purchased_purges":1,"victory":true,"max_hp_per_floor":[80,80,80,80,80,80,80,80,80,80,80,80,80,80,80,80,80,80,80,80,80,80,80,82,82,82,98,98,100,102,102,102,102,102,104,106,108,108,110,110,112,112,112,112,112,114,114,111,111,111],"card_choices":[{"not_picked":["Sword Boomerang","Uppercut","Thunderclap"],"picked":"SKIP","floor":1},{"not_picked":["Clash","Seeing Red","Carnage"],"picked":"SKIP","floor":2},{"not_picked":["Iron Wave","Perfected Strike"],"picked":"Body Slam","floor":3},{"not_picked":["Hemokinesis","True Grit"],"picked":"Inflame","floor":4},{"not_picked":["Exhume","Flame Barrier"],"picked":"Heavy Blade","floor":5},{"not_picked":["Sever Soul","Clothesline"],"picked":"Cleave","floor":7},{"not_picked":["Clash","Anger","Twin Strike"],"picked":"SKIP","floor":10},{"not_picked":["Sword Boomerang","Headbutt","Pommel Strike"],"picked":"SKIP","floor":12},{"not_picked":["Berserk","Reaper"],"picked":"Limit Break","floor":16},{"not_picked":[],"picked":"Heavy Blade+1","floor":18},{"not_picked":["Blood for Blood"],"picked":"SKIP","floor":19},{"not_picked":["Body Slam"],"picked":"Singing Bowl","floor":24},{"not_picked":["Shrug It Off+1"],"picked":"Singing Bowl","floor":27},{"not_picked":["Thunderclap"],"picked":"Singing Bowl","floor":29},{"not_picked":["Uppercut+1"],"picked":"Singing Bowl","floor":30},{"not_picked":[],"picked":"Flex+1","floor":31},{"not_picked":[],"picked":"Barricade","floor":33},{"not_picked":["Second Wind"],"picked":"Singing Bowl","floor":35},{"not_picked":["Iron Wave"],"picked":"Singing Bowl","floor":36},{"not_picked":["Heavy Blade"],"picked":"Singing Bowl","floor":37},{"not_picked":["Perfected Strike+1"],"picked":"Singing Bowl","floor":39},{"not_picked":[],"picked":"Fire Breathing","floor":40},{"not_picked":["Havoc+1"],"picked":"Singing Bowl","floor":41},{"not_picked":[],"picked":"Flame Barrier+1","floor":45},{"not_picked":["Battle Trance+1"],"picked":"Singing Bowl","floor":46}],"player_experience":98412,"relics_obtained":[{"floor":7,"key":"Bottled Lightning"},{"floor":9,"key":"Bag of Marbles"},{"floor":12,"key":"Bottled Flame"},{"floor":13,"key":"Anchor"},{"floor":14,"key":"Oddly Smooth Stone"},{"floor":20,"key":"Red Mask"},{"floor":24,"key":"Bottled Tornado"},{"floor":26,"key":"Lantern"},{"floor":27,"key":"Mango"},{"floor":34,"key":"War Paint"},{"floor":34,"key":"Mercury Hourglass"},{"floor":34,"key":"Gambling Chip"},{"floor":37,"key":"Bird Faced Urn"},{"floor":40,"key":"Pantograph"},{"floor":43,"key":"Paper Frog"},{"floor":46,"key":"Tiny Chest"}],"event_choices":[{"event_name":"Golden Idol","player_choice":"Take Damage","floor":11,"damage_taken":0},{"event_name":"Dead Adventurer","player_choice":"Searched \u00273\u0027 times","floor":13,"damage_taken":0},{"event_name":"Masked Bandits","player_choice":"Fought over 565 gold","floor":20,"damage_taken":0},{"event_name":"Ghosts","player_choice":"Ignored","floor":21,"damage_taken":0},{"event_name":"MindBloom","player_choice":"Fight","floor":37,"damage_taken":0},{"event_name":"Falling","player_choice":"Removed Attack","floor":38,"damage_taken":0},{"event_name":"Tomb of Lord Red Mask","player_choice":"Wore Mask","floor":44,"damage_taken":0}],"boss_relics":[{"not_picked":["Black Blood","Cursed Key"],"picked":"Busted Crown"},{"not_picked":["Mark of Pain","Coffee Dripper"],"picked":"Calling Bell"}],"items_purged_floors":[48],"is_endless":false,"potions_floor_spawned":[3,5,7,10,24,27,30,31,37,39,40,46],"ascension_level":0}