{"gold_per_floor":[115,133,148,162,162,193,206,206,285,315,326,14,14,25,25,126,126,142,159,169,169,188,188,218,218,218,218,218,18,31,31,31,132,132,146,161,176,1175,1175,1175,1175],"floor_reached":41,"playtime":9106,"items_purged":["Defend_B"],"score":500,"play_id":"d732719e-e25d-4e8d-b165-51f88680bae0","local_time":"20190202120819","is_ascension_mode":false,"campfire_choices":[{"floor":8,"key":"REST"},{"data":"Chill","floor":13,"key":"SMITH"},{"floor":15,"key":"REST"},{"floor":23,"key":"REST"},{"floor":25,"key":"REST"},{"data":"Machine Learning","floor":27,"key":"SMITH"},{"data":"Ghostly","floor":32,"key":"SMITH"},{"data":"Normality","floor":40,"key":"PURGE"}],"neow_cost":"NONE","seed_source_timestamp":1348290317591551,"circlet_count":0,"master_deck":["Strike_B","Strike_B","Defend_B","Defend_B","Defend_B","Zap","Dualcast","Leap","Conserve Battery","Coolheaded","Fission+1","Sweeping Beam","Reprogram","Rainbow","Static Discharge","Chill+1","Leap","Stack","Machine Learning+1","Scrape+1","Gash+1","Static Discharge+1","Redo+1","Doom and Gloom+1","Conserve Battery+1","Capacitor","Gash","Storm","Reinforced Body","Ghostly+1","Ghostly","Ghostly","Ghostly","Ghostly","Reboot","Conserve Battery+1","Blizzard","Capacitor+1","Normality"],"relics":["FrozenCore","Question Card","Bottled Lightning","Peace Pipe","Membership Card","Dream Catcher","Blood Vial","Bag of Preparation","Tiny Chest","Oddly Smooth Stone","Lizard Tail"],"potions_floor_usage":[4,10,16,18,20,21,21,24,33,37],"damage_taken":[{"damage":6,"enemies":"Jaw Worm","floor":1,"turns":3},{"damage":0,"enemies":"Cultist","floor":2,"turns":3},{"damage":0,"enemies":"2 Louse","floor":3,"turns":3},{"damage":4,"enemies":"Gremlin Gang","floor":4,"turns":4},{"damage":32,"enemies":"3 Sentries","floor":6,"turns":11},{"damage":6,"enemies":"Looter","floor":7,"turns":3},{"damage":13,"enemies":"Lagavulin","floor":10,"turns":7},{"damage":3,"enemies":"3 Louse","floor":11,"turns":4},{"damage":5,"enemies":"Large Slime","floor":14,"turns":7},{"damage":14,"enemies":"The Guardian","floor":16,"turns":11},{"damage":10,"enemies":"Shell Parasite","floor":18,"turns":7},{"damage":6,"enemies":"Spheric Guardian","floor":19,"turns":7},{"damage":18,"enemies":"Snecko","floor":20,"turns":6},{"damage":12,"enemies":"Colosseum Slavers","floor":21,"turns":5},{"damage":14,"enemies":"Cultist and Chosen","floor":22,"turns":6},{"damage":11,"enemies":"Book of Stabbing","floor":24,"turns":5},{"damage":13,"enemies":"Centurion and Healer","floor":30,"turns":5},{"damage":9,"enemies":"Collector","floor":33,"turns":11},{"damage":0,"enemies":"Orb Walker","floor":35,"turns":6},{"damage":0,"enemies":"3 Shapes","floor":36,"turns":7},{"damage":0,"enemies":"Transient","floor":37,"turns":5},{"damage":78,"enemies":"Giant Head","floor":41,"turns":10}],"seed_played":"5266070313678466176","potions_obtained":[{"floor":1,"key":"Explosive Potion"},{"floor":6,"key":"AttackPotion"},{"floor":11,"key":"SkillPotion"},{"floor":14,"key":"AttackPotion"},{"floor":16,"key":"SneckoOil"},{"floor":19,"key":"Energy Potion"},{"floor":20,"key":"Explosive Potion"},{"floor":22,"key":"PowerPotion"},{"floor":24,"key":"SteroidPotion"},{"floor":35,"key":"AttackPotion"}],"is_trial":false,"path_per_floor":["M","M","M","M","?","E","M","R","T","E","M","$","R","M","R","B",null,"M","M","M","?","M","R","E","R","T","R","?","$","M","?","R","B",null,"M","M","M","?","?","R","E"],"character_chosen":"DEFECT","items_purchased":["Membership Card","Dream Catcher","Chill","Tiny Chest","Oddly Smooth Stone","Gash","Storm"],"campfire_rested":4,"item_purchase_floors":[12,12,12,29,29,29,29],"current_hp_per_floor":[76,76,76,72,72,40,34,58,58,45,42,42,42,37,61,47,82,72,66,48,36,22,46,35,59,59,59,59,59,48,41,41,32,41,41,41,41,41,41,41,0],"gold":1175,"neow_bonus":"TEN_PERCENT_HP_BONUS","is_prod":false,"is_daily":false,"chose_seed":false,"campfire_upgraded":3,"win_rate":1,"timestamp":1549138099,"path_taken":["M","M","M","M","?","E","M","R","T","E","M","$","R","M","R","BOSS","M","?","M","?","M","R","E","R","T","R","?","$","?","?","R","BOSS","M","M","M","?","?","R","E"],"build_version":"2019-01-23","purchased_purges":1,"victory":false,"max_hp_per_floor":[82,82,82,82,82,82,82,82,82,82,82,82,82,82,82,82,82,82,82,82,82,82,82,82,82,82,82,82,82,82,41,41,41,41,41,41,41,41,41,41,41],"card_choices":[{"not_picked":["Consume","Compile Driver"],"picked":"Leap","floor":1},{"not_picked":["Beam Cell","Compile Driver"],"picked":"Conserve Battery","floor":2},{"not_picked":["Barrage","Conserve Battery"],"picked":"Coolheaded","floor":3},{"not_picked":["Consume","Static Discharge"],"picked":"Fission","floor":4},{"not_picked":["Turbo","Heatsinks"],"picked":"Sweeping Beam","floor":6},{"not_picked":["Skim","Blizzard","Compile Driver"],"picked":"Reprogram","floor":7},{"not_picked":["Thunder Strike","Lockon","Rip and Tear"],"picked":"Rainbow","floor":10},{"not_picked":["Go for the Eyes","Cold Snap","Sweeping Beam"],"picked":"Static Discharge","floor":11},{"not_picked":["Reprogram","Streamline","Force Field"],"picked":"Leap","floor":14},{"not_picked":["Scrape","Rebound","Reprogram"],"picked":"Stack","floor":15},{"not_picked":["Creative AI","Rainbow","Echo Form"],"picked":"Machine Learning","floor":16},{"not_picked":["Heatsinks","Ball Lightning","Sweeping Beam"],"picked":"Scrape+1","floor":18},{"not_picked":["Tempest","Stack+1","Aggregate"],"picked":"Gash+1","floor":19},{"not_picked":["Barrage","Gash","Self Repair"],"picked":"Static Discharge+1","floor":20},{"not_picked":["Go for the Eyes+1","Cold Snap","Sweeping Beam"],"picked":"Redo+1","floor":22},{"not_picked":["Gash+1","Coolheaded","Sweeping Beam"],"picked":"Doom and Gloom+1","floor":23},{"not_picked":["Lockon+1","Coolheaded+1","Biased Cognition"],"picked":"Conserve Battery+1","floor":24},{"not_picked":["Redo","BootSequence+1","Sweeping Beam"],"picked":"Capacitor","floor":25},{"not_picked":["Tempest","Beam Cell","FTL+1"],"picked":"Reinforced Body","floor":30},{"not_picked":["All For One","Multi-Cast","Fission"],"picked":"Reboot","floor":33},{"not_picked":["Undo+1","Hologram","Steam Power"],"picked":"Conserve Battery+1","floor":35},{"not_picked":["Compile Driver","Conserve Battery","Streamline+1"],"picked":"Blizzard","floor":36},{"not_picked":["Darkness+1","Stack","Turbo+1"],"picked":"Capacitor+1","floor":37}],"player_experience":116635,"relics_obtained":[{"floor":6,"key":"Question Card"},{"floor":9,"key":"Bottled Lightning"},{"floor":10,"key":"Peace Pipe"},{"floor":24,"key":"Blood Vial"},{"floor":26,"key":"Bag of Preparation"}],"event_choices":[{"damage_healed":0,"gold_gain":0,"player_choice":"Upgraded","damage_taken":0,"max_hp_gain":0,"max_hp_loss":0,"event_name":"Upgrade Shrine","floor":5,"gold_loss":0,"cards_upgraded":["Fission"]},{"damage_healed":0,"gold_gain":0,"player_choice":"Fight","damage_taken":0,"max_hp_gain":0,"max_hp_loss":0,"event_name":"Colosseum","floor":21,"gold_loss":0},{"damage_healed":0,"gold_gain":0,"player_choice":"Fled From Nobs","damage_taken":0,"max_hp_gain":0,"max_hp_loss":0,"event_name":"Colosseum","floor":21,"gold_loss":0},{"cards_removed":["Strike_B"],"damage_healed":0,"gold_gain":0,"player_choice":"Purged","damage_taken":0,"max_hp_gain":0,"max_hp_loss":0,"event_name":"Purifier","floor":28,"gold_loss":0},{"damage_healed":0,"gold_gain":0,"player_choice":"Became a Ghost","damage_taken":0,"max_hp_gain":0,"max_hp_loss":41,"event_name":"Ghosts","floor":31,"gold_loss":0,"cards_obtained":["Ghostly","Ghostly","Ghostly","Ghostly","Ghostly"]},{"damage_healed":0,"gold_gain":999,"player_choice":"Gold","damage_taken":0,"max_hp_gain":0,"max_hp_loss":0,"event_name":"MindBloom","floor":38,"gold_loss":0,"cards_obtained":["Normality","Normality"]},{"cards_removed":["Strike_B"],"damage_healed":0,"gold_gain":0,"player_choice":"Removed Attack","damage_taken":0,"max_hp_gain":0,"max_hp_loss":0,"event_name":"Falling","floor":39,"gold_loss":0}],"is_beta":false,"boss_relics":[{"not_picked":["Snecko Eye","Nuclear Battery"],"picked":"FrozenCore"},{"not_picked":["Fusion Hammer","Runic Dome"],"picked":"Lizard Tail"}],"items_purged_floors":[29],"is_endless":false,"potions_floor_spawned":[1,6,11,14,16,19,20,22,24,35],"killed_by":"Giant Head","ascension_level":0}