{"gold_per_floor":[117,135,152,102,112,123,150,150,173,173,184,200,200,17,17,116,116,116,116,116,116,79],"floor_reached":22,"playtime":2488,"items_purged":["Strike_B"],"score":192,"play_id":"3d19bfd4-0484-480a-9f39-221a520cfef7","local_time":"20190305062122","is_ascension_mode":false,"campfire_choices":[{"data":"Self Repair","floor":8,"key":"SMITH"},{"data":"Zap","floor":13,"key":"SMITH"},{"data":"Capacitor","floor":15,"key":"SMITH"}],"neow_cost":"NONE","seed_source_timestamp":72323383633411,"circlet_count":0,"master_deck":["Strike_B","Defend_B","Defend_B","Defend_B","Defend_B","Zap+1","Dualcast","Rebound","Sweeping Beam","Streamline","Self Repair+1","Steam","Coolheaded","Genetic Algorithm","Leap","Capacitor+1","Melter","Machine Learning","Double Energy+1","Genetic Algorithm+1","Glacier"],"relics":["Cracked Core","Centennial Puzzle","Anchor","Ectoplasm"],"potions_floor_usage":[5],"damage_taken":[{"damage":0,"enemies":"Small Slimes","floor":1,"turns":3},{"damage":2,"enemies":"2 Louse","floor":2,"turns":3},{"damage":1,"enemies":"Cultist","floor":3,"turns":3},{"damage":7,"enemies":"Gremlin Gang","floor":5,"turns":4},{"damage":15,"enemies":"3 Louse","floor":6,"turns":2},{"damage":26,"enemies":"Lagavulin","floor":7,"turns":6},{"damage":8,"enemies":"Looter","floor":11,"turns":3},{"damage":1,"enemies":"Red Slaver","floor":12,"turns":3},{"damage":34,"enemies":"The Guardian","floor":16,"turns":12},{"damage":4,"enemies":"Chosen","floor":18,"turns":5},{"damage":3,"enemies":"3 Byrds","floor":19,"turns":4},{"damage":26,"enemies":"Snake Plant","floor":20,"turns":6},{"damage":11,"enemies":"Centurion and Healer","floor":21,"turns":12}],"seed_played":"-8220157729951840788","potions_obtained":[{"floor":0,"key":"Fire Potion"},{"floor":0,"key":"SneckoOil"},{"floor":0,"key":"Energy Potion"},{"floor":2,"key":"Energy Potion"},{"floor":5,"key":"Fire Potion"},{"floor":6,"key":"Dexterity Potion"}],"is_trial":false,"path_per_floor":["M","M","M","?","M","M","E","R","T","?","M","M","R","$","R","B",null,"M","M","M","M","$"],"character_chosen":"DEFECT","items_purchased":["Capacitor","Melter","Glacier"],"campfire_rested":0,"item_purchase_floors":[14,14,22],"current_hp_per_floor":[75,73,72,72,65,57,38,38,38,38,40,49,49,49,49,25,75,75,75,59,58,58],"gold":79,"neow_bonus":"THREE_SMALL_POTIONS","is_prod":false,"is_daily":false,"chose_seed":false,"campfire_upgraded":3,"win_rate":0,"timestamp":1551759682,"path_taken":["M","M","M","?","M","M","E","R","T","?","?","M","R","$","R","BOSS","M","?","M","?","$"],"build_version":"2019-01-23","purchased_purges":1,"victory":false,"max_hp_per_floor":[75,75,75,75,75,75,75,75,75,75,75,75,75,75,75,75,75,75,75,75,75,75],"card_choices":[{"not_picked":["Cold Snap","Doom and Gloom"],"picked":"Rebound","floor":1},{"not_picked":["Undo","Force Field"],"picked":"Sweeping Beam","floor":2},{"not_picked":["Conserve Battery","Fusion"],"picked":"Streamline","floor":3},{"not_picked":["Conserve Battery","Coolheaded"],"picked":"Self Repair","floor":5},{"not_picked":["Auto Shields","Storm"],"picked":"Steam","floor":6},{"not_picked":["Barrage","Scrape"],"picked":"Coolheaded","floor":7},{"not_picked":["Reinforced Body","Turbo"],"picked":"Genetic Algorithm","floor":11},{"not_picked":["Sweeping Beam","Storm"],"picked":"Leap","floor":12},{"not_picked":["Meteor Strike","Reboot"],"picked":"Machine Learning","floor":16},{"not_picked":["Leap","Compile Driver+1"],"picked":"Double Energy+1","floor":18},{"not_picked":["Turbo","Gash","Beam Cell+1"],"picked":"SKIP","floor":19},{"not_picked":["Streamline","Reprogram+1","Leap"],"picked":"SKIP","floor":20},{"not_picked":["Lockon","Rebound"],"picked":"Genetic Algorithm+1","floor":21}],"player_experience":635884,"relics_obtained":[{"floor":7,"key":"Centennial Puzzle"},{"floor":9,"key":"Anchor"}],"event_choices":[{"cards_removed":["Strike_B"],"damage_healed":0,"gold_gain":0,"player_choice":"Card Removal","damage_taken":0,"max_hp_gain":0,"max_hp_loss":0,"event_name":"The Cleric","floor":4,"gold_loss":50},{"cards_removed":["Strike_B"],"damage_healed":0,"gold_gain":0,"player_choice":"Offered Basic","damage_taken":0,"max_hp_gain":0,"max_hp_loss":0,"event_name":"Bonfire Elementals","floor":10,"gold_loss":0}],"is_beta":false,"boss_relics":[{"not_picked":["Runic Pyramid","Eternal Feather"],"picked":"Ectoplasm"}],"items_purged_floors":[14],"is_endless":false,"potions_floor_spawned":[2,5,6,12,18,20],"ascension_level":0}