{"gold_per_floor":[118,132,61,34,47,78,96,96,96,113,141,141,141,152,152,247,247,257,169,169,47,47,72,90,90,115,137,149,76,114,141,153,269,281,307,201,217,55,55,71,88,88,115,115,115,115,129,141,141,141],"floor_reached":50,"playtime":5677,"items_purged":["Strike_B","Strike_B","Strike_B","Strike_B"],"score":517,"play_id":"078631df-e9e3-47fe-a525-f70fd9fea1d9","local_time":"20180810004204","is_ascension_mode":false,"campfire_choices":[{"data":"Zap","floor":8,"key":"SMITH"},{"data":"Heatsinks","floor":12,"key":"SMITH"},{"data":"Zap","floor":15,"key":"SMITH"},{"data":"Storm","floor":25,"key":"SMITH"},{"data":"Consume","floor":28,"key":"SMITH"},{"data":"Heatsinks","floor":32,"key":"SMITH"},{"data":"Defragment","floor":42,"key":"SMITH"},{"data":"Loop","floor":44,"key":"SMITH"},{"data":"Mind Blast","floor":46,"key":"SMITH"},{"data":"Barrage","floor":49,"key":"SMITH"}],"neow_cost":"PERCENT_DAMAGE","seed_source_timestamp":638374328789567,"circlet_count":0,"master_deck":["Defend_B","Defend_B","Defend_B","Defend_B","Zap+1","Dualcast","Heatsinks+1","Auto Shields","Chill","Self Repair","Ball Lightning","Conserve Battery","Biased Cognition","Chill","Conserve Battery","Zap+1","Buffer","Sweeping Beam","Storm+1","Heatsinks+1","Fusion+1","Consume+1","Hologram","Conserve Battery","Capacitor+1","Echo Form","Storm","White Noise+1","Loop+1","Skim","Defragment+1","Barrage+1","Heatsinks+1","Normality","Beam Cell","Mind Blast+1","Leap+1"],"relics":["Cracked Core","Bird Faced Urn","Happy Flower","Dream Catcher","Smiling Mask","Runic Pyramid","Anchor","MawBank","Matryoshka","Regal Pillow","Cursed Key","Turnip","Pantograph","DataDisk"],"potions_floor_usage":[11,16,16,23,27,33,33,37,47,50,50],"damage_taken":[{"damage":1,"enemies":"Cultist","floor":1,"turns":3},{"damage":0,"enemies":"2 Louse","floor":2,"turns":2},{"damage":4,"enemies":"Jaw Worm","floor":5,"turns":4},{"damage":14,"enemies":"Lagavulin","floor":6,"turns":9},{"damage":5,"enemies":"Looter","floor":7,"turns":3},{"damage":13,"enemies":"Gremlin Gang","floor":10,"turns":5},{"damage":10,"enemies":"Gremlin Nob","floor":11,"turns":3},{"damage":1,"enemies":"2 Fungi Beasts","floor":14,"turns":2},{"damage":52,"enemies":"Slime Boss","floor":16,"turns":11},{"damage":9,"enemies":"3 Byrds","floor":18,"turns":5},{"damage":16,"enemies":"Gremlin Leader","floor":23,"turns":8},{"damage":2,"enemies":"Shell Parasite","floor":24,"turns":4},{"damage":8,"enemies":"Snecko","floor":27,"turns":5},{"damage":32,"enemies":"Slavers","floor":30,"turns":5},{"damage":0,"enemies":"Centurion and Healer","floor":31,"turns":7},{"damage":53,"enemies":"Collector","floor":33,"turns":9},{"damage":0,"enemies":"3 Shapes","floor":35,"turns":3},{"damage":24,"enemies":"3 Darklings","floor":37,"turns":4},{"damage":17,"floor":39,"turns":4},{"damage":0,"enemies":"Sphere and 2 Shapes","floor":40,"turns":4},{"damage":0,"enemies":"Transient","floor":41,"turns":5},{"damage":14,"enemies":"Maw","floor":47,"turns":5},{"damage":24,"enemies":"3 Darklings","floor":48,"turns":4},{"damage":107,"enemies":"Awakened One","floor":50,"turns":6}],"seed_played":"-1896530495358147583","potions_obtained":[{"floor":1,"key":"SkillPotion"},{"floor":2,"key":"AttackPotion"},{"floor":6,"key":"Explosive Potion"},{"floor":7,"key":"Block Potion"},{"floor":22,"key":"Regen Potion"},{"floor":22,"key":"Dexterity Potion"},{"floor":22,"key":"Swift Potion"},{"floor":23,"key":"AttackPotion"},{"floor":30,"key":"Poison Potion"},{"floor":39,"key":"Fire Potion"},{"floor":40,"key":"Block Potion"},{"floor":41,"key":"GamblersBrew"}],"is_trial":false,"path_per_floor":["M","M","$","?","M","E","M","R","T","M","E","R","?","M","R","B",null,"M","$","?","$","?","E","M","R","T","M","R","?","E","M","R","B",null,"M","$","M","$","?","M","M","R","T","R","?","R","M","M","R"],"character_chosen":"DEFECT","items_purchased":["Chill","Storm","Heatsinks","Storm","Loop","Skim"],"campfire_rested":0,"item_purchase_floors":[3,19,21,36,38,38],"current_hp_per_floor":[53,55,55,55,53,50,56,56,56,54,55,55,55,54,54,15,75,75,75,75,75,75,70,75,75,75,74,74,74,58,75,75,41,75,75,75,72,72,75,75,75,75,75,75,75,75,75,70,70,0],"gold":141,"neow_bonus":"ONE_RARE_RELIC","is_prod":false,"is_daily":false,"chose_seed":false,"campfire_upgraded":10,"win_rate":0,"timestamp":1533876124,"path_taken":["M","M","?","?","M","E","?","R","T","M","E","R","?","M","R","BOSS","M","$","?","$","?","E","M","R","T","M","R","?","E","M","R","BOSS","M","$","M","$","?","M","M","R","T","R","?","R","?","M","R","BOSS"],"build_version":"2018-08-09","purchased_purges":4,"victory":false,"max_hp_per_floor":[75,75,75,75,75,75,75,75,75,75,75,75,75,75,75,75,75,75,75,75,75,75,75,75,75,75,75,75,75,75,75,75,75,75,75,75,75,75,75,75,75,75,75,75,75,75,75,75,75,75],"card_choices":[{"not_picked":["Skim","Scrape"],"picked":"Heatsinks","floor":1},{"not_picked":["Beam Cell","BootSequence"],"picked":"Auto Shields","floor":2},{"not_picked":["Beam Cell","Hologram"],"picked":"Self Repair","floor":5},{"not_picked":["Turbo","Cold Snap"],"picked":"Ball Lightning","floor":6},{"not_picked":["Stack","Chaos"],"picked":"Conserve Battery","floor":7},{"not_picked":["Blizzard","Reinforced Body"],"picked":"Biased Cognition","floor":10},{"not_picked":["Blizzard","Melter"],"picked":"Chill","floor":11},{"not_picked":["Rebound","Force Field","Stack"],"picked":"SKIP","floor":14},{"not_picked":["Meteor Strike","All For One"],"picked":"Buffer","floor":16},{"not_picked":["Streamline+1","Self Repair"],"picked":"Sweeping Beam","floor":18},{"not_picked":["Streamline+1","Hello World"],"picked":"Fusion+1","floor":23},{"not_picked":["Genetic Algorithm","Self Repair"],"picked":"Consume","floor":24},{"not_picked":["Hello World","Streamline"],"picked":"Hologram","floor":27},{"not_picked":["Tempest+1","Melter"],"picked":"Conserve Battery","floor":30},{"not_picked":["Gash","Self Repair+1"],"picked":"Capacitor+1","floor":31},{"not_picked":["Rainbow","Hyperbeam"],"picked":"Echo Form","floor":33},{"not_picked":["Gash","Turbo+1","Conserve Battery"],"picked":"SKIP","floor":35},{"not_picked":["Sweeping Beam","Chill+1"],"picked":"White Noise+1","floor":37},{"not_picked":["Reinforced Body+1","Static Discharge+1"],"picked":"Defragment","floor":39},{"not_picked":["Streamline","Turbo"],"picked":"Barrage","floor":40},{"not_picked":["Beam Cell+1","Streamline+1"],"picked":"Heatsinks+1","floor":41},{"not_picked":["Streamline+1","Heatsinks"],"picked":"Leap+1","floor":47},{"not_picked":["Genetic Algorithm+1","Blizzard","Cold Snap"],"picked":"SKIP","floor":48}],"player_experience":691451,"relics_obtained":[{"floor":6,"key":"Happy Flower"},{"floor":9,"key":"Dream Catcher"},{"floor":11,"key":"Smiling Mask"},{"floor":23,"key":"Anchor"},{"floor":26,"key":"MawBank"},{"floor":30,"key":"Regal Pillow"},{"floor":39,"key":"Turnip"},{"floor":43,"key":"Pantograph"},{"floor":43,"key":"DataDisk"}],"event_choices":[{"event_name":"World of Goop","player_choice":"Left","floor":4,"damage_taken":0},{"event_name":"Match and Keep!","player_choice":"2 cards matched","floor":13,"damage_taken":0},{"event_name":"Beggar","player_choice":"Ignored","floor":20,"damage_taken":0},{"event_name":"The Lab","player_choice":"Got Potions","floor":22,"damage_taken":0},{"event_name":"Addict","player_choice":"Obtained Relic","floor":29,"damage_taken":0},{"event_name":"MindBloom","player_choice":"Fight","floor":39,"damage_taken":0},{"event_name":"Match and Keep!","player_choice":"2 cards matched","floor":45,"damage_taken":0}],"is_beta":false,"boss_relics":[{"not_picked":["Fusion Hammer","Pandora\u0027s Box"],"picked":"Runic Pyramid"},{"not_picked":["Tiny House","Astrolabe"],"picked":"Cursed Key"}],"items_purged_floors":[19,21,36,38],"is_endless":false,"potions_floor_spawned":[1,2,6,7,23,30,39,40,41],"killed_by":"Awakened One","ascension_level":0}