{"gold_per_floor":[117,137,137,147,163,163,188,188,188,213,227,227,237,249,249,322,322,282,282,15,15,15,15,15,15,15,15,15,15,15,15,15,15,15,15,15,15,15,15,15,15,15,15,15,15,0,0,0,0,0,0],"floor_reached":51,"playtime":2540,"items_purged":[],"score":1406,"play_id":"e47f6eaa-144f-4225-b693-1a67cbeabc51","local_time":"20190218111449","is_ascension_mode":true,"campfire_choices":[{"data":"Zap","floor":6,"key":"SMITH"},{"data":"Doom and Gloom","floor":8,"key":"SMITH"},{"floor":12,"key":"REST"},{"data":"Defragment","floor":15,"key":"SMITH"},{"data":"Capacitor","floor":23,"key":"SMITH"},{"floor":27,"key":"REST"},{"data":"Go for the Eyes","floor":32,"key":"SMITH"},{"floor":40,"key":"REST"},{"floor":42,"key":"REST"},{"floor":49,"key":"REST"}],"neow_cost":"NONE","seed_source_timestamp":2249928777525326,"circlet_count":0,"master_deck":["AscendersBane","Strike_B","Strike_B","Strike_B","Strike_B","Defend_B","Defend_B+1","Defend_B","Defend_B","Zap+1","Dualcast","Biased Cognition","Go for the Eyes+1","Ball Lightning","Doom and Gloom+1","Machine Learning","FTL","Undo+1","Defragment+1","Electrodynamics","Defragment+1","Capacitor+1","Auto Shields","Hologram","Conserve Battery+1","Fission","Storm+1","Capacitor+1","FTL+1","Parasite"],"relics":["Cracked Core","Sundial","FossilizedHelix","Bird Faced Urn","Ectoplasm","DollysMirror","Nloth\u0027s Gift","Lizard Tail","Anchor","Bag of Preparation","Red Mask"],"potions_floor_usage":[5,10,10,18,33,33,39,50,51],"damage_taken":[{"damage":1,"enemies":"2 Louse","floor":1,"turns":2},{"damage":1,"enemies":"Cultist","floor":2,"turns":3},{"damage":8,"enemies":"Small Slimes","floor":4,"turns":3},{"damage":0,"enemies":"Gremlin Gang","floor":5,"turns":3},{"damage":15,"enemies":"Lagavulin","floor":7,"turns":3},{"damage":5,"enemies":"3 Sentries","floor":10,"turns":3},{"damage":0,"enemies":"Lots of Slimes","floor":11,"turns":1},{"damage":0,"enemies":"Looter","floor":13,"turns":3},{"damage":0,"enemies":"Blue Slaver","floor":14,"turns":3},{"damage":0,"enemies":"Slime Boss","floor":16,"turns":7},{"damage":0,"enemies":"2 Thieves","floor":18,"turns":2},{"damage":9,"enemies":"Chosen","floor":19,"turns":4},{"damage":27,"enemies":"Snecko","floor":21,"turns":5},{"damage":16,"enemies":"Sentry and Sphere","floor":22,"turns":4},{"damage":0,"enemies":"Chosen and Byrds","floor":24,"turns":4},{"damage":0,"enemies":"Snecko","floor":29,"turns":5},{"damage":0,"enemies":"Cultist and Chosen","floor":30,"turns":3},{"damage":20,"enemies":"Centurion and Healer","floor":31,"turns":4},{"damage":29,"enemies":"Champ","floor":33,"turns":7},{"damage":0,"enemies":"3 Shapes","floor":35,"turns":5},{"damage":0,"enemies":"Orb Walker","floor":36,"turns":3},{"damage":22,"enemies":"Sphere and 2 Shapes","floor":37,"turns":4},{"damage":27,"enemies":"Transient","floor":38,"turns":6},{"damage":9,"enemies":"4 Shapes","floor":39,"turns":4},{"damage":24,"enemies":"Nemesis","floor":41,"turns":9},{"damage":15,"enemies":"Writhing Mass","floor":44,"turns":6},{"damage":21,"enemies":"Maw","floor":45,"turns":6},{"damage":62,"enemies":"Spire Growth","floor":47,"turns":5},{"damage":0,"enemies":"3 Darklings","floor":48,"turns":3},{"damage":46,"enemies":"Donu and Deca","floor":50,"turns":5},{"damage":83,"enemies":"Awakened One","floor":51,"turns":4}],"seed_played":"533840582581475570","potions_obtained":[{"floor":1,"key":"Fire Potion"},{"floor":3,"key":"SkillPotion"},{"floor":4,"key":"Explosive Potion"},{"floor":5,"key":"Regen Potion"},{"floor":14,"key":"Swift Potion"},{"floor":16,"key":"PowerPotion"},{"floor":19,"key":"Poison Potion"},{"floor":21,"key":"Regen Potion"},{"floor":29,"key":"Ancient Potion"},{"floor":33,"key":"FocusPotion"},{"floor":35,"key":"SkillPotion"},{"floor":39,"key":"Energy Potion"},{"floor":47,"key":"Swift Potion"}],"is_trial":false,"path_per_floor":["M","M","?","M","M","R","E","R","T","E","M","R","M","M","R","B",null,"M","M","$","M","M","R","M","$","T","R","?","M","M","M","R","B",null,"M","M","M","M","M","R","E","R","T","M","M","?","M","M","R","B","B"],"character_chosen":"DEFECT","items_purchased":["DollysMirror","Capacitor"],"campfire_rested":5,"item_purchase_floors":[20,20],"current_hp_per_floor":[63,62,62,54,54,54,39,39,39,43,43,64,68,70,70,71,71,71,64,64,44,40,40,46,46,46,67,67,71,71,53,53,51,66,71,71,51,40,43,64,54,71,71,62,54,54,6,20,41,11,0],"gold":0,"neow_bonus":"ONE_RANDOM_RARE_CARD","is_prod":false,"is_daily":false,"chose_seed":false,"campfire_upgraded":5,"win_rate":0,"timestamp":1550456089,"path_taken":["M","M","?","?","?","R","E","R","T","E","?","R","M","M","R","BOSS","M","M","$","M","M","R","M","$","T","R","?","?","M","M","R","BOSS","M","M","M","M","?","R","E","R","T","M","M","?","M","M","R","BOSS","BOSS"],"build_version":"2019-01-23","purchased_purges":0,"victory":false,"max_hp_per_floor":[71,71,71,71,71,71,71,71,71,71,71,71,71,71,71,71,71,71,71,71,71,71,71,71,71,71,71,71,71,71,71,71,71,71,71,71,71,71,71,71,71,71,71,71,71,71,71,71,71,71,71],"card_choices":[{"not_picked":["Hello World","Consume","Rebound"],"picked":"SKIP","floor":1},{"not_picked":["Storm","Darkness"],"picked":"Go for the Eyes","floor":2},{"not_picked":["BootSequence","Conserve Battery"],"picked":"Ball Lightning","floor":4},{"not_picked":["Steam","Cold Snap"],"picked":"Doom and Gloom","floor":5},{"not_picked":["Streamline","Redo"],"picked":"Machine Learning","floor":7},{"not_picked":["Steam","Rebound"],"picked":"FTL","floor":10},{"not_picked":["Conserve Battery","Ball Lightning"],"picked":"Undo","floor":11},{"not_picked":["Consume","Scrape","Compile Driver"],"picked":"SKIP","floor":13},{"not_picked":["Stack","Redo"],"picked":"Defragment","floor":14},{"not_picked":["Meteor Strike","Multi-Cast"],"picked":"Electrodynamics","floor":16},{"not_picked":["Undo","Melter","Cold Snap"],"picked":"SKIP","floor":18},{"not_picked":["Ball Lightning","Sunder","Coolheaded"],"picked":"SKIP","floor":19},{"not_picked":["Rebound","Sweeping Beam+1","Turbo"],"picked":"SKIP","floor":21},{"not_picked":["Force Field","Conserve Battery","Turbo"],"picked":"SKIP","floor":22},{"not_picked":["Lockon","Reprogram+1","Biased Cognition"],"picked":"SKIP","floor":24},{"not_picked":["Loop","Force Field"],"picked":"Auto Shields","floor":29},{"not_picked":["BootSequence+1","Barrage"],"picked":"Hologram","floor":30},{"not_picked":["Fusion","Steam"],"picked":"Conserve Battery+1","floor":31},{"not_picked":["Meteor Strike","Hyperbeam"],"picked":"Fission","floor":33},{"not_picked":["Chaos","Beam Cell"],"picked":"Storm+1","floor":35},{"not_picked":["Gash","Hello World"],"picked":"Capacitor+1","floor":36},{"not_picked":["Consume","Loop"],"picked":"FTL+1","floor":37},{"not_picked":["Coolheaded","Blizzard","Sweeping Beam+1"],"picked":"SKIP","floor":38},{"not_picked":["Compile Driver+1","Hyperbeam","Reprogram"],"picked":"SKIP","floor":39},{"not_picked":["Hello World","Undo","Ball Lightning"],"picked":"SKIP","floor":41},{"not_picked":["Scrape","Steam","Capacitor+1"],"picked":"SKIP","floor":44},{"not_picked":["Streamline+1","Loop+1","Beam Cell"],"picked":"SKIP","floor":45},{"not_picked":["Sweeping Beam","Barrage","Gash"],"picked":"SKIP","floor":47},{"not_picked":["Buffer","Cold Snap","Hologram+1"],"picked":"SKIP","floor":48}],"player_experience":561355,"relics_obtained":[{"floor":7,"key":"Sundial"},{"floor":9,"key":"FossilizedHelix"},{"floor":10,"key":"Bird Faced Urn"},{"floor":26,"key":"War Paint"},{"floor":41,"key":"Anchor"},{"floor":43,"key":"Bag of Preparation"}],"event_choices":[{"damage_healed":0,"gold_gain":0,"player_choice":"Got Potions","damage_taken":0,"max_hp_gain":0,"max_hp_loss":0,"event_name":"Lab","floor":3,"gold_loss":0},{"damage_healed":0,"gold_gain":0,"player_choice":"Traded Relic","damage_taken":0,"relics_obtained":["Nloth\u0027s Gift"],"max_hp_gain":0,"max_hp_loss":0,"event_name":"N\u0027loth","floor":28,"relics_lost":["War Paint"],"gold_loss":0},{"damage_healed":0,"gold_gain":0,"player_choice":"Paid","damage_taken":0,"relics_obtained":["Red Mask"],"max_hp_gain":0,"max_hp_loss":0,"event_name":"Tomb of Lord Red Mask","floor":46,"gold_loss":15}],"is_beta":false,"boss_relics":[{"not_picked":["Coffee Dripper","Calling Bell"],"picked":"Ectoplasm"},{"not_picked":["Tiny House","Philosopher\u0027s Stone"],"picked":"Lizard Tail"}],"items_purged_floors":[],"is_endless":false,"potions_floor_spawned":[1,4,5,7,14,16,19,21,29,31,33,35,39,41,45,47],"killed_by":"Awakened One","ascension_level":20}