{"path_per_floor":["M","M","M","?","M","R","M","R","T","M","M","?","R","$","R","B",null,"M","?","M","?","?","R","T","R","T","M","$","E","R","$","R","B",null,"M","?","M","M","M","R","M","R","T","M","M","E","$","?","R"],"character_chosen":"IRONCLAD","items_purchased":["Tiny Chest","Inflame","Pantograph"],"gold_per_floor":[114,131,141,141,156,156,171,171,251,269,281,281,281,4,4,109,109,121,121,133,133,133,133,133,133,208,218,118,145,145,20,20,118,118,136,136,150,167,187,187,198,198,225,239,258,287,40,40,40,40],"floor_reached":50,"campfire_rested":0,"playtime":3412,"current_hp_per_floor":[79,80,71,71,60,60,55,55,55,56,46,80,80,80,80,75,80,70,70,50,50,50,50,50,50,50,51,51,56,56,56,56,23,80,69,59,57,56,45,45,31,31,31,49,41,52,52,52,52,0],"items_purged":["Strike_R","Strike_R","Strike_R"],"gold":40,"score":671,"play_id":"b1ef8a61-093b-4407-81f7-e742bbefff8b","local_time":"20180502224156","is_prod":false,"is_daily":false,"chose_seed":false,"is_ascension_mode":true,"campfire_upgraded":7,"timestamp":1525315316,"path_taken":["M","M","M","?","M","R","?","R","T","M","M","?","R","$","R","BOSS","M","?","M","?","?","R","?","R","T","M","$","E","R","$","R","BOSS","M","?","M","M","?","R","M","R","T","?","M","E","$","?","R","BOSS"],"build_version":"2018-04-28v2","seed_source_timestamp":84723993820437,"purchased_purges":3,"victory":false,"master_deck":["Bash+1","Bloodletting+1","Combust+1","Battle Trance+1","Inflame+1","Iron Wave+1","Inflame+1","Offering+1","Shrug It Off","Disarm","Barricade+1","Demon Form","Sword Boomerang","Rampage","Carnage","Shrug It Off","Thunderclap+1","Shrug It Off","Madness","Madness","Clothesline+1","Entrench+1","Dual Wield+1","Seeing Red+1"],"max_hp_per_floor":[80,80,80,80,80,80,80,80,80,80,80,80,80,80,80,80,80,80,80,80,80,80,80,80,80,80,80,80,80,80,80,80,80,80,80,80,80,80,80,80,80,80,80,80,80,80,80,80,80,80],"relics":["Burning Blood","Darkstone Periapt","Tiny Chest","Velvet Choker","Meat on the Bone","Letter Opener","Shovel","Bag of Preparation","Pandora\u0027s Box","Bottled Flame","Shuriken","Whetstone","Regal Pillow","Pantograph","Oddly Smooth Stone"],"card_choices":[{"not_picked":["Anger","Second Wind"],"picked":"Carnage","floor":1},{"not_picked":["Anger","Headbutt"],"picked":"Bloodletting","floor":2},{"not_picked":["Reckless Charge","Bloodletting"],"picked":"Combust","floor":3},{"not_picked":["Body Slam","Bloodletting"],"picked":"Battle Trance","floor":7},{"not_picked":["Burning Pact","Clothesline"],"picked":"Inflame","floor":10},{"not_picked":["Clash","Headbutt"],"picked":"Iron Wave","floor":11},{"not_picked":["Fiend Fire","Brutality"],"picked":"Offering","floor":16},{"not_picked":["Sentinel","Armaments"],"picked":"Shrug It Off","floor":18},{"not_picked":["Wild Strike","Anger"],"picked":"Pummel","floor":20},{"not_picked":["Power Through","Shockwave"],"picked":"Barricade","floor":29},{"not_picked":["Juggernaut","Limit Break"],"picked":"Demon Form","floor":33},{"not_picked":["Fire Breathing","Battle Trance"],"picked":"Clothesline","floor":37},{"not_picked":["Spot Weakness","Wild Strike"],"picked":"Entrench","floor":38},{"not_picked":["Second Wind","Headbutt"],"picked":"Dual Wield","floor":39},{"not_picked":["Barricade","Armaments"],"picked":"Seeing Red","floor":46}],"player_experience":372378,"potions_floor_usage":[10,11,16,29,33,33,33,44,45,46,50],"damage_taken":[{"damage":7,"enemies":"Small Slimes","floor":1,"turns":3},{"damage":0,"enemies":"Cultist","floor":2,"turns":2},{"damage":15,"enemies":"Jaw Worm","floor":3,"turns":2},{"damage":17,"enemies":"Gremlin Gang","floor":5,"turns":3},{"damage":11,"enemies":"Large Slime","floor":7,"turns":4},{"damage":5,"enemies":"Red Slaver","floor":10,"turns":2},{"damage":16,"enemies":"Exordium Thugs","floor":11,"turns":3},{"damage":11,"enemies":"Slime Boss","floor":16,"turns":6},{"damage":16,"enemies":"Shell Parasite","floor":18,"turns":5},{"damage":26,"enemies":"2 Thieves","floor":20,"turns":3},{"damage":17,"enemies":"3 Cultists","floor":27,"turns":3},{"damage":13,"enemies":"Book of Stabbing","floor":29,"turns":4},{"damage":66,"enemies":"Collector","floor":33,"turns":9},{"damage":17,"enemies":"Orb Walker","floor":35,"turns":3},{"damage":20,"enemies":"3 Darklings","floor":37,"turns":3},{"damage":19,"enemies":"Sphere and 2 Shapes","floor":38,"turns":4},{"damage":29,"enemies":"Maw","floor":39,"turns":7},{"damage":32,"enemies":"4 Shapes","floor":41,"turns":3},{"damage":0,"enemies":"Sphere and 2 Shapes","floor":44,"turns":3},{"damage":26,"enemies":"Maw","floor":45,"turns":6},{"damage":7,"enemies":"Nemesis","floor":46,"turns":7},{"damage":79,"enemies":"Donu and Deca","floor":50,"turns":5}],"event_choices":[{"event_name":"Accursed Blacksmith","player_choice":"Forge","floor":4,"damage_taken":0},{"event_name":"Bonfire Elementals","player_choice":"UNCOMMON","floor":12,"damage_taken":0},{"event_name":"The Library","player_choice":"Read","floor":19,"damage_taken":0},{"event_name":"Ghosts","player_choice":"Ignored","floor":21,"damage_taken":0},{"event_name":"The Lab","player_choice":"Got Potions","floor":22,"damage_taken":0},{"event_name":"Winding Halls","player_choice":"Embrace Madness","floor":36,"damage_taken":0}],"boss_relics":[{"not_picked":["Tiny House","Philosopher\u0027s Stone"],"picked":"Velvet Choker"},{"not_picked":["Sozu","Orrery"],"picked":"Pandora\u0027s Box"}],"potions_floor_spawned":[3,5,7,11,18,27,29,39,44,45,46],"seed_played":"-3016089153080363188","killed_by":"Donu and Deca","ascension_level":4,"is_trial":false}