{"gold_per_floor":[113,113,130,94,154,181,193,193,217,247,100,100,100,126,126,221,221,239,252,77,77,87,87,87],"floor_reached":24,"playtime":1022,"items_purged":["Strike_B","Strike_B"],"score":249,"play_id":"3f4917ef-b46d-491e-81b4-bbd4b533b2d7","local_time":"20181025135732","is_ascension_mode":true,"campfire_choices":[{"data":"Zap","floor":8,"key":"SMITH"},{"data":"Static Discharge","floor":12,"key":"SMITH"},{"floor":15,"key":"REST"},{"data":"Loop","floor":23,"key":"SMITH"}],"neow_cost":"NONE","seed_source_timestamp":508035436651941,"circlet_count":0,"master_deck":["Strike_B","Strike_B","Defend_B","Defend_B","Defend_B","Defend_B","Zap+1","Dualcast","Streamline","Consume","Conserve Battery","Steam","Capacitor","Static Discharge+1","Tempest","Hyperbeam","Consume+1","Loop+1","Ball Lightning"],"relics":["Cracked Core","NeowsBlessing","Anchor","Omamori","Du-Vu Doll","Bottled Flame","Velvet Choker"],"potions_floor_usage":[],"damage_taken":[{"damage":0,"enemies":"Cultist","floor":1,"turns":1},{"damage":0,"enemies":"Small Slimes","floor":3,"turns":1},{"damage":0,"enemies":"3 Sentries","floor":6,"turns":1},{"damage":0,"enemies":"Jaw Worm","floor":7,"turns":2},{"damage":15,"enemies":"Gremlin Nob","floor":10,"turns":4},{"damage":31,"enemies":"3 Sentries","floor":14,"turns":5},{"damage":17,"enemies":"The Guardian","floor":16,"turns":7},{"damage":8,"enemies":"Shell Parasite","floor":18,"turns":4},{"damage":0,"enemies":"Chosen","floor":19,"turns":3},{"damage":24,"enemies":"Snecko","floor":22,"turns":5},{"damage":48,"enemies":"Slavers","floor":24,"turns":4}],"seed_played":"-73666470309018308","potions_obtained":[{"floor":10,"key":"SkillPotion"},{"floor":14,"key":"Energy Potion"},{"floor":18,"key":"Strength Potion"}],"is_trial":false,"path_per_floor":["M","$","M","$","?","E","M","R","T","E","$","R","?","E","R","B",null,"M","M","$","?","M","R"],"character_chosen":"DEFECT","items_purchased":["Consume","Static Discharge","Loop"],"campfire_rested":1,"item_purchase_floors":[4,11,20],"current_hp_per_floor":[75,75,75,75,75,75,75,75,75,60,60,60,65,34,58,41,80,72,72,72,72,48,48,0],"gold":87,"neow_bonus":"THREE_ENEMY_KILL","is_prod":false,"is_daily":false,"chose_seed":false,"campfire_upgraded":3,"win_rate":0,"timestamp":1540490252,"path_taken":["M","?","M","$","?","E","M","R","T","E","$","R","?","E","R","BOSS","M","M","$","?","M","R","E"],"build_version":"2018-10-18","purchased_purges":2,"victory":false,"max_hp_per_floor":[75,75,75,75,75,75,75,75,75,75,75,75,80,80,80,80,80,80,80,80,80,80,80,80],"card_choices":[{"not_picked":["Barrage","Redo","Melter"],"picked":"SKIP","floor":1},{"not_picked":["Redo","Lockon"],"picked":"Streamline","floor":3},{"not_picked":["Fission","Melter"],"picked":"Conserve Battery","floor":6},{"not_picked":["Hologram","Steam Power"],"picked":"Steam","floor":7},{"not_picked":["Reboot","Turbo"],"picked":"Capacitor","floor":10},{"not_picked":["Go for the Eyes","Barrage"],"picked":"Tempest","floor":14},{"not_picked":["Amplify","Core Surge"],"picked":"Hyperbeam","floor":16},{"not_picked":["Steam","Double Energy"],"picked":"Consume+1","floor":18},{"not_picked":["Hologram","Rip and Tear","Barrage+1"],"picked":"SKIP","floor":19},{"not_picked":["Amplify","Sunder"],"picked":"Ball Lightning","floor":22}],"player_experience":969740,"relics_obtained":[{"floor":6,"key":"Anchor"},{"floor":9,"key":"Omamori"},{"floor":10,"key":"Du-Vu Doll"},{"floor":14,"key":"Bottled Flame"}],"event_choices":[{"damage_healed":0,"gold_gain":60,"player_choice":"Gained Gold","damage_taken":0,"max_hp_gain":0,"max_hp_loss":0,"event_name":"Golden Wing","floor":5,"gold_loss":0},{"damage_healed":0,"gold_gain":0,"player_choice":"Donut","damage_taken":0,"max_hp_gain":5,"max_hp_loss":0,"event_name":"Big Fish","floor":13,"gold_loss":0},{"damage_healed":0,"gold_gain":0,"player_choice":"Smashed Altar","damage_taken":0,"max_hp_gain":0,"max_hp_loss":0,"event_name":"Forgotten Altar","floor":21,"gold_loss":0,"cards_obtained":["Decay"]}],"is_beta":false,"boss_relics":[{"not_picked":["Black Star","Ectoplasm"],"picked":"Velvet Choker"}],"items_purged_floors":[11,20],"is_endless":false,"potions_floor_spawned":[6,10,14,18],"killed_by":"Slavers","ascension_level":1}