{"gold_per_floor":[113,130,130,130,130,174,174,198,198,198,216,234,268,331,331,331],"floor_reached":16,"playtime":1065,"items_purged":[],"score":135,"play_id":"76c2ebd9-5139-4a2b-ae44-df7e2801848a","local_time":"20181218215634","is_ascension_mode":false,"campfire_choices":[{"data":"Footwork","floor":7,"key":"SMITH"},{"floor":10,"key":"RECALL"},{"floor":15,"key":"REST"}],"neow_cost":"NONE","seed_source_timestamp":530932976529525,"circlet_count":0,"master_deck":["Defend_G","Defend_G","Defend_G","Defend_G","Defend_G","Strike_G","Strike_G","Strike_G","Strike_G","Survivor","Neutralize","Dagger Throw","Backstab+1","Footwork+1","PiercingWail","Cloak And Dagger"],"relics":["Ring of the Snake","NeowsBlessing","Golden Idol","Letter Opener","Meat on the Bone"],"potions_floor_usage":[13,13,16,16],"damage_taken":[{"damage":0,"enemies":"Jaw Worm","floor":1,"turns":1},{"damage":0,"enemies":"Small Slimes","floor":2,"turns":1},{"damage":0,"enemies":"Gremlin Nob","floor":6,"turns":1},{"damage":0,"enemies":"Cultist","floor":8,"turns":3},{"damage":4,"enemies":"3 Louse","floor":11,"turns":3},{"damage":7,"enemies":"Exordium Thugs","floor":12,"turns":7},{"damage":21,"enemies":"Lagavulin","floor":13,"turns":11},{"damage":48,"enemies":"Slime Boss","floor":16,"turns":21}],"seed_played":"-1644990547504034329","potions_obtained":[{"floor":2,"key":"SkillPotion"},{"floor":8,"key":"Fire Potion"},{"floor":11,"key":"Dexterity Potion"},{"floor":13,"key":"Ancient Potion"}],"is_trial":false,"path_per_floor":["M","M","?","?","?","E","R","M","T","R","M","M","E","?","R","B"],"character_chosen":"THE_SILENT","items_purchased":[],"campfire_rested":1,"item_purchase_floors":[],"current_hp_per_floor":[70,70,70,53,53,53,53,53,53,53,49,42,21,21,42,0],"gold":331,"neow_bonus":"THREE_ENEMY_KILL","is_prod":false,"is_daily":false,"chose_seed":false,"campfire_upgraded":1,"win_rate":0,"timestamp":1545191794,"path_taken":["M","M","?","?","?","E","R","?","T","R","M","M","E","?","R","BOSS"],"build_version":"2018-12-13","purchased_purges":0,"victory":false,"max_hp_per_floor":[70,70,70,70,70,70,70,70,70,70,70,70,70,70,70,70],"card_choices":[{"not_picked":["Flying Knee","Acrobatics"],"picked":"Dagger Throw","floor":1},{"not_picked":["Deflect","Blur"],"picked":"Backstab","floor":2},{"not_picked":["Underhanded Strike","Accuracy"],"picked":"PiercingWail","floor":6},{"not_picked":["Doppelganger","Skewer","Accuracy"],"picked":"SKIP","floor":8},{"not_picked":["Deadly Poison","Expertise","PiercingWail"],"picked":"SKIP","floor":11},{"not_picked":["Prepared","Dagger Spray"],"picked":"Cloak And Dagger","floor":12},{"not_picked":["Masterful Stab","Bane","Flying Knee"],"picked":"SKIP","floor":13}],"player_experience":275075,"relics_obtained":[{"floor":6,"key":"Letter Opener"},{"floor":13,"key":"Meat on the Bone"}],"event_choices":[{"damage_healed":0,"gold_gain":0,"cards_transformed":["Strike_G"],"player_choice":"Change","damage_taken":0,"max_hp_gain":0,"max_hp_loss":0,"event_name":"Living Wall","floor":3,"gold_loss":0,"cards_obtained":["Footwork"]},{"damage_healed":0,"gold_gain":0,"player_choice":"Take Damage","damage_taken":17,"relics_obtained":["Golden Idol"],"max_hp_gain":0,"max_hp_loss":0,"event_name":"Golden Idol","floor":4,"gold_loss":0},{"damage_healed":0,"gold_gain":0,"player_choice":"Upgraded","damage_taken":0,"max_hp_gain":0,"max_hp_loss":0,"event_name":"Upgrade Shrine","floor":5,"gold_loss":0,"cards_upgraded":["Backstab"]},{"damage_healed":0,"gold_gain":63,"player_choice":"Gained Gold","damage_taken":0,"max_hp_gain":0,"max_hp_loss":0,"event_name":"Golden Wing","floor":14,"gold_loss":0}],"is_beta":false,"boss_relics":[],"items_purged_floors":[],"is_endless":false,"potions_floor_spawned":[2,8,11,13],"killed_by":"Slime Boss","ascension_level":0}