{"path_per_floor":["M","$","M","M","?","E","R","E","T","?","E","M","R","?","R","B",null,"M","$","M","?","?","E","R","E","T","M","?","$","E","M","R"],"character_chosen":"IRONCLAD","items_purchased":["Thinking Ahead","Enlightenment"],"gold_per_floor":[211,32,49,63,63,93,93,126,126,126,160,173,173,173,173,275,275,294,14,28,28,28,63,63,91,140,159,159,59,89,105,105],"floor_reached":33,"campfire_rested":0,"playtime":2800,"current_hp_per_floor":[80,80,80,75,75,38,38,35,35,35,31,30,30,30,30,18,80,80,80,78,78,78,62,62,60,60,58,58,58,56,58,58],"items_purged":["Strike_R","Strike_R"],"gold":105,"play_id":"e491ebba-48d9-4f53-911d-3bc1a78a6041","is_prod":false,"is_daily":false,"campfire_rituals":0,"campfire_upgraded":5,"is_hardmode":false,"path_taken":["M","$","M","M","?","E","R","E","T","?","E","?","R","?","R","BOSS","M","$","M","?","?","E","R","E","T","M","?","?","E","M","R","BOSS"],"build_version":"2018-01-18-PROD4","purchased_purges":2,"victory":false,"master_deck":["Strike_R","Strike_R","Strike_R","Defend_R","Defend_R","Defend_R","Defend_R","Bash","Shrug It Off","Thinking Ahead","Carnage","Rampage","Offering","Flex","Headbutt","Offering","Sentinel","Enlightenment","Thinking Ahead","Warcry","Dual Wield","Sever Soul","Clothesline"],"max_hp_per_floor":[80,80,80,80,80,80,80,80,80,80,80,80,80,80,80,80,80,80,80,80,80,80,80,80,80,80,80,80,80,80,80,80],"relics":["Burning Blood","Orichalcum","Kunai","Letter Opener","Centennial Puzzle","Anchor","Mark of Pain","Paper Frog","Bronze Scales","Nloth\u0027s Gift","Bag of Marbles"],"campfire_meditates":0,"card_choices":[{"not_picked":["Thunderclap","Flex"],"picked":"Shrug It Off"},{"not_picked":["Entrench","Havoc"],"picked":"Carnage"},{"not_picked":["Heavy Blade","Juggernaut"],"picked":"Rampage"},{"not_picked":["Battle Trance","Clash"],"picked":"Offering"},{"not_picked":["Twin Strike","Inflame"],"picked":"Flex"},{"not_picked":["Rupture","Rampage"],"picked":"Headbutt"},{"not_picked":["Brutality","Barricade"],"picked":"Offering"},{"not_picked":["Iron Wave","Body Slam"],"picked":"Sentinel"},{"not_picked":["Perfected Strike","Impervious"],"picked":"Warcry"},{"not_picked":["Dark Embrace","True Grit"],"picked":"Dual Wield"},{"not_picked":["Fire Breathing","Ghostly Armor"],"picked":"Sever Soul"},{"not_picked":["Heavy Blade","Cleave"],"picked":"Clothesline"}],"player_experience":335383,"potions_floor_usage":[8,11,16],"damage_taken":[{"damage":5,"enemies":"Small Slimes","floor":1,"turns":3},{"damage":6,"enemies":"Blue Slaver","floor":3,"turns":4},{"damage":11,"enemies":"Jaw Worm","floor":4,"turns":3},{"damage":43,"enemies":"3 Sentries","floor":6,"turns":8},{"damage":9,"enemies":"Gremlin Nob","floor":8,"turns":3},{"damage":25,"enemies":"3 Sentries","floor":11,"turns":6},{"damage":7,"enemies":"Lots of Slimes","floor":12,"turns":4},{"damage":33,"enemies":"The Guardian","floor":16,"turns":7},{"damage":4,"enemies":"2 Thieves","floor":18,"turns":2},{"damage":8,"enemies":"Shell Parasite","floor":20,"turns":2},{"damage":22,"enemies":"Book of Stabbing","floor":23,"turns":5},{"damage":8,"enemies":"Slavers","floor":25,"turns":4},{"damage":8,"enemies":"Snecko","floor":27,"turns":3},{"damage":8,"enemies":"Gremlin Leader","floor":30,"turns":3},{"damage":4,"enemies":"Snake Plant","floor":31,"turns":3},{"damage":60,"enemies":"Collector","floor":33,"turns":3}],"event_choices":[{"event_name":"Upgrade Shrine","player_choice":"Upgraded","floor":5,"damage_taken":0},{"event_name":"Accursed Blacksmith","player_choice":"Rummage","floor":10,"damage_taken":0},{"event_name":"Living Wall","player_choice":"Forget","floor":14,"damage_taken":0},{"event_name":"Addict","player_choice":"Ignored","floor":21,"damage_taken":0},{"event_name":"Duplicator","player_choice":"One dupe","floor":22,"damage_taken":0},{"event_name":"N\u0027loth","player_choice":"Traded a Whetstone","floor":28,"damage_taken":0}],"boss_relics":[{"not_picked":["Lizard Tail","Cursed Key"],"picked":"Mark of Pain"}],"potions_floor_spawned":[4,8,11,16,20,25,30],"seed_played":"-7112834336165116477","killed_by":"Collector","is_trial":false}