{"gold_per_floor":[209,222,234,185,201,201,228,244,244,244,244,259,270,2,2,102,102,122,134,169,181,193,193,203,222,222,122,139,158,158],"floor_reached":30,"playtime":3255,"items_purged":["Strike_R"],"score":265,"play_id":"a30c4918-cdae-4b78-b733-220a2805a025","local_time":"20181115222047","is_ascension_mode":false,"campfire_choices":[{"data":"Inflame","floor":6,"key":"SMITH"},{"data":"Whirlwind","floor":11,"key":"SMITH"},{"data":"Sword Boomerang","floor":15,"key":"SMITH"},{"floor":23,"key":"REST"}],"neow_cost":"NONE","seed_source_timestamp":72692780017650,"circlet_count":0,"master_deck":["Strike_R","Strike_R","Strike_R","Strike_R","Defend_R","Defend_R","Defend_R","Defend_R","Bash","Whirlwind+1","Inflame+1","Sword Boomerang+1","Pommel Strike","Power Through","Iron Wave","Twin Strike","Impervious","Reaper","Heavy Blade","Feed","Headbutt","Sword Boomerang","Pummel","Clothesline","Armaments","Armaments+1"],"relics":["Burning Blood","Potion Belt","Turnip","Vajra","White Beast Statue","Red Mask","The Courier"],"potions_floor_usage":[7,7,16,18,20,21],"damage_taken":[{"damage":6,"enemies":"Jaw Worm","floor":1,"turns":5},{"damage":6,"enemies":"Cultist","floor":2,"turns":4},{"damage":10,"enemies":"Small Slimes","floor":3,"turns":4},{"damage":20,"enemies":"Exordium Wildlife","floor":5,"turns":7},{"damage":0,"enemies":"Gremlin Nob","floor":7,"turns":2},{"damage":0,"enemies":"Lots of Slimes","floor":8,"turns":1},{"damage":2,"enemies":"Looter","floor":12,"turns":4},{"damage":0,"enemies":"3 Louse","floor":13,"turns":1},{"damage":5,"enemies":"Slime Boss","floor":16,"turns":6},{"damage":27,"enemies":"Shell Parasite","floor":18,"turns":7},{"damage":5,"enemies":"Chosen","floor":19,"turns":4},{"damage":48,"enemies":"Masked Bandits","floor":20,"turns":5},{"damage":22,"enemies":"Centurion and Healer","floor":21,"turns":9},{"damage":20,"enemies":"Cultist and Chosen","floor":22,"turns":6},{"damage":15,"enemies":"Snake Plant","floor":24,"turns":4},{"damage":11,"enemies":"Chosen and Byrds","floor":25,"turns":4},{"damage":1,"enemies":"Snecko","floor":28,"turns":6},{"damage":35,"enemies":"Shelled Parasite and Fungi","floor":29,"turns":6},{"damage":47,"enemies":"Cultist and Chosen","floor":30,"turns":8}],"seed_played":"9020512742966573294","potions_obtained":[{"floor":1,"key":"AttackPotion"},{"floor":3,"key":"FearPotion"},{"floor":5,"key":"FearPotion"},{"floor":7,"key":"BloodPotion"},{"floor":18,"key":"SteroidPotion"},{"floor":19,"key":"Block Potion"},{"floor":20,"key":"Strength Potion"},{"floor":21,"key":"PowerPotion"},{"floor":22,"key":"PowerPotion"},{"floor":24,"key":"EssenceOfSteel"},{"floor":25,"key":"Dexterity Potion"},{"floor":29,"key":"EssenceOfSteel"}],"is_trial":false,"path_per_floor":["M","M","M","$","M","R","E","M","T","?","R","M","M","$","R","B",null,"M","M","?","M","M","R","M","M","T","$","M","M","M"],"character_chosen":"IRONCLAD","items_purchased":["Sword Boomerang","Vajra","Reaper","Heavy Blade","Armaments"],"campfire_rested":1,"item_purchase_floors":[4,14,14,14,27],"current_hp_per_floor":[80,80,76,76,62,62,68,74,74,74,74,78,80,80,80,80,80,67,76,34,31,25,49,40,50,50,50,63,34,0],"gold":158,"neow_bonus":"HUNDRED_GOLD","is_prod":false,"is_daily":false,"chose_seed":false,"campfire_upgraded":3,"win_rate":0,"timestamp":1542338447,"path_taken":["M","M","M","$","M","R","E","M","T","?","R","M","M","$","R","BOSS","M","?","?","M","M","R","M","M","T","$","M","M","M"],"build_version":"2018-11-15","purchased_purges":1,"victory":false,"max_hp_per_floor":[80,80,80,80,80,80,80,80,80,80,80,80,80,80,80,80,80,80,80,80,83,83,83,83,86,86,86,86,86,86],"card_choices":[{"not_picked":["Sever Soul","Spot Weakness"],"picked":"Whirlwind","floor":1},{"not_picked":["Seeing Red","Sentinel","Clothesline"],"picked":"SKIP","floor":2},{"not_picked":["Spot Weakness","Fire Breathing"],"picked":"Inflame","floor":3},{"not_picked":["Intimidate","Flex"],"picked":"Pommel Strike","floor":5},{"not_picked":["Intimidate","Flex"],"picked":"Power Through","floor":7},{"not_picked":["Combust","Body Slam"],"picked":"Flame Barrier","floor":8},{"not_picked":["Thunderclap","Burning Pact"],"picked":"Twin Strike","floor":12},{"not_picked":["Feel No Pain","Wild Strike"],"picked":"Impervious","floor":13},{"not_picked":["Offering","Fiend Fire"],"picked":"Feed","floor":16},{"not_picked":["Blood for Blood","Rupture+1"],"picked":"Headbutt","floor":18},{"not_picked":["Combust","Flex"],"picked":"Sword Boomerang","floor":19},{"not_picked":["Warcry","Cleave"],"picked":"Pummel","floor":20},{"not_picked":["Twin Strike+1","Perfected Strike","Body Slam"],"picked":"SKIP","floor":21},{"not_picked":["Havoc","Twin Strike","Perfected Strike"],"picked":"SKIP","floor":22},{"not_picked":["Pommel Strike+1","Havoc+1","Entrench"],"picked":"SKIP","floor":24},{"not_picked":["Body Slam","Offering"],"picked":"Clothesline","floor":25},{"not_picked":["Pommel Strike+1","Wild Strike","Heavy Blade"],"picked":"SKIP","floor":28},{"not_picked":["Anger+1","Pommel Strike"],"picked":"Armaments+1","floor":29}],"player_experience":1129293,"relics_obtained":[{"floor":7,"key":"Potion Belt"},{"floor":9,"key":"Turnip"},{"floor":20,"key":"Red Mask"},{"floor":26,"key":"The Courier"}],"event_choices":[{"cards_removed":["Flame Barrier"],"damage_healed":0,"gold_gain":0,"player_choice":"Took Card","damage_taken":0,"max_hp_gain":0,"max_hp_loss":0,"event_name":"NoteForYourself","floor":10,"gold_loss":0,"cards_obtained":["Iron Wave"]},{"damage_healed":0,"gold_gain":0,"player_choice":"Fought Bandits","damage_taken":0,"max_hp_gain":0,"max_hp_loss":0,"event_name":"Masked Bandits","floor":20,"gold_loss":0}],"is_beta":false,"boss_relics":[{"not_picked":["Runic Dome","Coffee Dripper"],"picked":"White Beast Statue"}],"items_purged_floors":[27],"is_endless":false,"potions_floor_spawned":[1,3,5,7,18,19,20,21,22,24,25,28,29],"killed_by":"Cultist and Chosen","ascension_level":0}