{"path_per_floor":["M","M","M","?","M","R","E","?","T","M","R","M","M","E","R","B",null,"M","$","?","M","M","R","M","R","T","?","R","M","?","M","R"],"character_chosen":"IRONCLAD","items_purchased":["Shuriken"],"gold_per_floor":[115,127,143,143,161,161,189,189,189,206,206,223,242,272,272,367,367,386,64,64,74,88,88,103,103,103,103,103,120,120,139,139,139],"floor_reached":33,"campfire_rested":1,"playtime":2528,"current_hp_per_floor":[72,72,72,72,72,72,72,72,86,86,86,86,86,74,74,23,86,72,72,72,71,59,59,47,47,47,53,53,53,35,47,76,0],"items_purged":["Strike_R"],"gold":139,"score":368,"play_id":"ac100cdf-3b2e-407b-96c4-bf1bca54f640","local_time":"20180502214440","is_prod":false,"is_daily":false,"chose_seed":false,"is_ascension_mode":true,"campfire_upgraded":6,"timestamp":1525311880,"path_taken":["M","M","M","?","M","R","E","?","T","M","R","M","M","E","R","BOSS","M","$","?","M","?","R","M","R","T","?","R","M","?","M","R","BOSS"],"build_version":"2018-04-28v2","seed_source_timestamp":82177865963297,"purchased_purges":1,"victory":false,"master_deck":["Strike_R","Defend_R","Defend_R","Defend_R","Defend_R","Bash+1","Armaments+1","Ghostly Armor","Clothesline","Double Tap+1","Headbutt+1","Seeing Red","Offering","True Grit+1","Demon Form","Spot Weakness","Flame Barrier+1","Shockwave","Flex","Metallicize+1","Iron Wave+1","Pommel Strike","Writhe","Metallicize+1"],"max_hp_per_floor":[72,72,72,72,72,72,72,72,86,86,86,86,86,86,86,86,86,86,86,86,86,86,86,86,86,86,92,92,92,97,97,97,97],"relics":["Burning Blood","Darkstone Periapt","Mango","Unceasing Top","Orrery","Shuriken","Girya","Meat on the Bone"],"card_choices":[{"not_picked":["Entrench","Corruption"],"picked":"Armaments","floor":1},{"not_picked":["Flex","Second Wind"],"picked":"Ghostly Armor","floor":2},{"not_picked":["Iron Wave","Infernal Blade"],"picked":"Clothesline","floor":3},{"not_picked":["Carnage","Combust"],"picked":"Headbutt","floor":5},{"not_picked":["Dual Wield","Rupture"],"picked":"Seeing Red","floor":10},{"not_picked":["Uppercut","Entrench"],"picked":"Offering","floor":13},{"not_picked":["Clash","Rupture"],"picked":"True Grit","floor":14},{"not_picked":["Double Tap","Impervious"],"picked":"Demon Form","floor":16},{"not_picked":["Headbutt","Whirlwind"],"picked":"Spot Weakness","floor":17},{"not_picked":["Pommel Strike","Whirlwind"],"picked":"Flame Barrier","floor":17},{"not_picked":["Cleave","Sword Boomerang"],"picked":"Shockwave","floor":17},{"not_picked":["Double Tap","Warcry"],"picked":"Flex","floor":17},{"not_picked":["Infernal Blade","Perfected Strike"],"picked":"Metallicize","floor":18},{"not_picked":["Clash","True Grit"],"picked":"Iron Wave","floor":21},{"not_picked":["Uppercut","Second Wind"],"picked":"Pommel Strike","floor":22},{"not_picked":["Anger","Entrench"],"picked":"Metallicize","floor":29}],"player_experience":369850,"potions_floor_usage":[7,18,22,24,31,31],"damage_taken":[{"damage":6,"enemies":"2 Louse","floor":1,"turns":3},{"damage":6,"enemies":"Cultist","floor":2,"turns":3},{"damage":4,"enemies":"Jaw Worm","floor":3,"turns":3},{"damage":5,"enemies":"3 Louse","floor":5,"turns":6},{"damage":0,"enemies":"Gremlin Nob","floor":7,"turns":3},{"damage":0,"enemies":"Red Slaver","floor":10,"turns":4},{"damage":3,"enemies":"Looter","floor":12,"turns":3},{"damage":4,"enemies":"Large Slime","floor":13,"turns":4},{"damage":18,"enemies":"3 Sentries","floor":14,"turns":5},{"damage":57,"enemies":"Hexaghost","floor":16,"turns":12},{"damage":20,"enemies":"2 Thieves","floor":18,"turns":5},{"damage":7,"enemies":"3 Byrds","floor":21,"turns":7},{"damage":18,"enemies":"Centurion and Healer","floor":22,"turns":7},{"damage":18,"enemies":"Chosen and Byrds","floor":24,"turns":6},{"damage":18,"enemies":"Snecko","floor":29,"turns":7},{"damage":6,"enemies":"Snake Plant","floor":31,"turns":5},{"damage":82,"enemies":"Automaton","floor":33,"turns":10}],"event_choices":[{"event_name":"Transmorgrifier","player_choice":"Transform","floor":4,"damage_taken":0},{"event_name":"Upgrade Shrine","player_choice":"Upgraded","floor":8,"damage_taken":0},{"event_name":"Addict","player_choice":"Ignored","floor":20,"damage_taken":0},{"event_name":"The Mausoleum","player_choice":"Yes","floor":27,"damage_taken":0},{"event_name":"Forgotten Altar","player_choice":"Shed Blood","floor":30,"damage_taken":0}],"boss_relics":[{"not_picked":["Pandora\u0027s Box","Black Star"],"picked":"Orrery"}],"potions_floor_spawned":[3,5,13,16,18,21,29],"seed_played":"7653995636282169601","killed_by":"Automaton","ascension_level":4,"is_trial":false}