{"gold_per_floor":[131,162,187,218,305,317,346,390,402,432,455,467],"floor_reached":12,"playtime":1399,"items_purged":[],"score":122,"play_id":"0b06fa5b-f70f-4e02-ab89-7eb46ea7102a","local_time":"20190224160235","is_ascension_mode":true,"campfire_choices":[{"data":"Shockwave","floor":6.0,"key":"SMITH"}],"neow_cost":"NONE","seed_source_timestamp":0,"circlet_count":0,"master_deck":["Strike_R","Strike_R","Strike_R","Strike_R","Strike_R","Defend_R","Defend_R","Defend_R","Defend_R","Bash","Shrug It Off","Shockwave+1","Pommel Strike","Pummel","Corruption","Shrug It Off","Inflame"],"special_seed":0,"relics":["Burning Blood","MawBank","Omamori","Question Card"],"potions_floor_usage":[12],"damage_taken":[{"damage":1.0,"enemies":"Cultist","floor":1.0,"turns":4.0},{"damage":7.0,"enemies":"Small Slimes","floor":2.0,"turns":3.0},{"damage":9.0,"enemies":"Jaw Worm","floor":3.0,"turns":5.0},{"damage":10.0,"enemies":"Red Slaver","floor":4.0,"turns":7.0},{"damage":6.0,"enemies":"Blue Slaver","floor":7.0,"turns":4.0},{"damage":62,"enemies":"3 Sentries","floor":8,"turns":13},{"damage":8,"enemies":"Looter","floor":10,"turns":4},{"damage":10,"enemies":"Red Slaver","floor":11,"turns":4},{"damage":12,"enemies":"Gremlin Nob","floor":12,"turns":2}],"seed_played":"4409008675806024726","potions_obtained":[{"floor":1.0,"key":"GamblersBrew"},{"floor":7.0,"key":"FairyPotion"},{"floor":8,"key":"Poison Potion"}],"is_trial":false,"path_per_floor":["M","M","M","M","?","R","M","E","T","M","M","E"],"character_chosen":"IRONCLAD","items_purchased":[],"campfire_rested":0,"item_purchase_floors":[],"current_hp_per_floor":[77,76,73,69,61,61,61,14,14,12,8,0],"gold":467,"neow_bonus":"RANDOM_COMMON_RELIC","is_prod":false,"is_daily":false,"chose_seed":false,"campfire_upgraded":1,"win_rate":0,"timestamp":1551042155,"path_taken":["M","?","M","?","?","R","M","E","T","?","M","E"],"build_version":"2019-01-23","purchased_purges":0,"victory":false,"max_hp_per_floor":[80,80,80,80,80,80,80,80,80,80,80,80],"card_choices":[{"not_picked":["Power Through","Thunderclap"],"picked":"Shrug It Off","floor":1.0},{"not_picked":["Thunderclap","Flex"],"picked":"Shockwave","floor":2.0},{"not_picked":["True Grit","Headbutt"],"picked":"Pommel Strike","floor":3.0},{"not_picked":["Shockwave","Armaments"],"picked":"Pummel","floor":4.0},{"not_picked":["Spot Weakness","Headbutt"],"picked":"Corruption","floor":7.0},{"not_picked":["Entrench","Whirlwind"],"picked":"Shrug It Off","floor":8},{"not_picked":["Perfected Strike","True Grit","Clothesline","Flex"],"picked":"SKIP","floor":10},{"not_picked":["Rupture","Berserk","Second Wind"],"picked":"Inflame","floor":11}],"player_experience":1665450,"relics_obtained":[{"floor":8,"key":"Omamori"},{"floor":9,"key":"Question Card"}],"event_choices":[{"damage_healed":0.0,"max_hp_gain":0.0,"max_hp_loss":0.0,"gold_gain":75.0,"event_name":"FaceTrader","player_choice":"Touch","floor":5.0,"gold_loss":0.0,"damage_taken":8.0}],"is_beta":false,"boss_relics":[],"items_purged_floors":[],"is_endless":false,"potions_floor_spawned":[1,7,8],"killed_by":"Gremlin Nob","ascension_level":9}