{"gold_per_floor":[111,111,124,140,158,189,209,224,224,236,236,253,253,278,278,278],"floor_reached":16,"playtime":1568,"items_purged":[],"score":116,"play_id":"1c54d29a-eeac-4c40-97dd-c2e6844927eb","local_time":"20190221042405","is_ascension_mode":false,"campfire_choices":[{"floor":11,"key":"REST"},{"data":"Cleave","floor":15,"key":"SMITH"}],"neow_cost":"PERCENT_DAMAGE","seed_source_timestamp":50663116135774,"circlet_count":0,"master_deck":["Strike_R","Strike_R","Strike_R","Strike_R","Defend_R","Defend_R","Defend_R","Bash","Disarm","Rampage","Cleave+1","Clothesline","Iron Wave","Bludgeon","Flame Barrier","Flame Barrier","Shockwave"],"relics":["Burning Blood","Paper Frog","Centennial Puzzle","Matryoshka","Toxic Egg 2"],"potions_floor_usage":[16],"damage_taken":[{"damage":3,"enemies":"Small Slimes","floor":1,"turns":4},{"damage":2,"enemies":"Cultist","floor":3,"turns":4},{"damage":0,"enemies":"2 Louse","floor":4,"turns":2},{"damage":17,"enemies":"Exordium Thugs","floor":5,"turns":4},{"damage":26,"enemies":"3 Sentries","floor":6,"turns":8},{"damage":10,"enemies":"Looter","floor":7,"turns":2},{"damage":16,"enemies":"Lots of Slimes","floor":8,"turns":3},{"damage":5,"enemies":"Blue Slaver","floor":10,"turns":5},{"damage":9,"enemies":"Large Slime","floor":12,"turns":6},{"damage":12,"enemies":"Gremlin Nob","floor":14,"turns":3},{"damage":44,"enemies":"Slime Boss","floor":16,"turns":8}],"seed_played":"-7642055334406312782","potions_obtained":[{"floor":1,"key":"GamblersBrew"},{"floor":6,"key":"Poison Potion"},{"floor":10,"key":"Explosive Potion"}],"is_trial":false,"path_per_floor":["M","?","M","M","M","E","M","M","T","M","R","M","?","E","R","B"],"character_chosen":"IRONCLAD","items_purchased":[],"campfire_rested":1,"item_purchase_floors":[],"current_hp_per_floor":[59,59,63,69,58,38,34,24,24,25,49,46,46,40,40,0],"gold":278,"neow_bonus":"TRANSFORM_TWO_CARDS","is_prod":false,"is_daily":false,"chose_seed":false,"campfire_upgraded":1,"win_rate":0,"timestamp":1550715845,"path_taken":["M","?","M","M","M","E","M","M","T","M","R","?","?","E","R","BOSS"],"build_version":"2019-01-23","purchased_purges":0,"victory":false,"max_hp_per_floor":[80,80,80,80,80,80,80,80,80,80,80,80,80,80,80,80],"card_choices":[{"not_picked":["Clash","Anger"],"picked":"Rampage","floor":1},{"not_picked":["Fire Breathing","Havoc"],"picked":"Cleave","floor":3},{"not_picked":["Wild Strike","Sword Boomerang"],"picked":"Clothesline","floor":4},{"not_picked":["Cleave","Warcry"],"picked":"Iron Wave","floor":5},{"not_picked":["Shrug It Off","Havoc"],"picked":"Bludgeon","floor":6},{"not_picked":["Feel No Pain","Anger"],"picked":"Flame Barrier","floor":7},{"not_picked":["Carnage","Clothesline"],"picked":"Flame Barrier","floor":8},{"not_picked":["Anger","Wild Strike","Sword Boomerang"],"picked":"SKIP","floor":10},{"not_picked":["Anger","Wild Strike","Sword Boomerang"],"picked":"SKIP","floor":10},{"not_picked":["Flex","Brutality"],"picked":"Shockwave","floor":12},{"not_picked":["Perfected Strike","Heavy Blade","Clash"],"picked":"SKIP","floor":14}],"player_experience":470123,"relics_obtained":[{"floor":6,"key":"Centennial Puzzle"},{"floor":9,"key":"Matryoshka"},{"floor":14,"key":"Toxic Egg 2"}],"event_choices":[{"cards_removed":["Sever Soul"],"damage_healed":0,"gold_gain":0,"player_choice":"Gave Card","damage_taken":0,"relics_obtained":["Paper Frog"],"max_hp_gain":0,"max_hp_loss":0,"event_name":"WeMeetAgain","floor":2,"gold_loss":0},{"damage_healed":0,"gold_gain":0,"player_choice":"Bought 0 Potions","damage_taken":0,"max_hp_gain":0,"max_hp_loss":0,"event_name":"The Woman in Blue","floor":13,"gold_loss":0}],"is_beta":false,"boss_relics":[],"items_purged_floors":[],"is_endless":false,"potions_floor_spawned":[1,6,10],"killed_by":"Slime Boss","ascension_level":0}