{"gold_per_floor":[111,124,124,124,24,24,49,49,72,89,89,100,120,147,147,246,246,266,279,111,131,131],"floor_reached":22,"playtime":2164,"items_purged":["Shame","Strike_R"],"score":211,"play_id":"57e98427-c436-434d-81ea-ae32908ed34e","local_time":"20180927123504","is_ascension_mode":false,"campfire_choices":[{"data":"Warcry","floor":6,"key":"SMITH"},{"data":"Body Slam","floor":8,"key":"SMITH"},{"data":"Entrench","floor":11,"key":"SMITH"},{"floor":15,"key":"REST"}],"neow_cost":"CURSE","seed_source_timestamp":86040378263588,"circlet_count":0,"master_deck":["Strike_R","Strike_R","Strike_R","Strike_R","Defend_R","Defend_R","Defend_R","Defend_R","Bash","Entrench+1","Body Slam+1","Warcry+1","Bloodletting","Headbutt","Double Tap","Power Through"],"relics":["Burning Blood","Gremlin Horn","Sundial","Strawberry","Orichalcum","Mark of Pain"],"potions_floor_usage":[7,7,18,21,22,22],"damage_taken":[{"damage":2,"enemies":"2 Louse","floor":1,"turns":3},{"damage":17,"enemies":"Small Slimes","floor":2,"turns":5},{"damage":52,"enemies":"Lagavulin","floor":7,"turns":10},{"damage":0,"enemies":"Cultist","floor":10,"turns":3},{"damage":5,"enemies":"Red Slaver","floor":12,"turns":6},{"damage":14,"enemies":"Blue Slaver","floor":13,"turns":5},{"damage":73,"enemies":"The Guardian","floor":16,"turns":16},{"damage":25,"enemies":"Shell Parasite","floor":18,"turns":6},{"damage":37,"enemies":"Chosen","floor":19,"turns":7},{"damage":6,"enemies":"Centurion and Healer","floor":21,"turns":3},{"damage":68,"enemies":"3 Cultists","floor":22,"turns":8}],"seed_played":"-6429924379292055971","potions_obtained":[{"floor":4,"key":"Dexterity Potion"},{"floor":4,"key":"EssenceOfSteel"},{"floor":4,"key":"FairyPotion"},{"floor":7,"key":"GamblersBrew"},{"floor":13,"key":"Ancient Potion"},{"floor":16,"key":"SkillPotion"},{"floor":19,"key":"AttackPotion"},{"floor":21,"key":"Weak Potion"}],"is_trial":false,"path_per_floor":["M","M","?","?","$","R","E","R","T","M","R","M","M","T","R","B",null,"M","M","$","M"],"character_chosen":"IRONCLAD","items_purchased":["Warcry","Power Through"],"campfire_rested":1,"item_purchase_floors":[5,20],"current_hp_per_floor":[96,85,78,78,78,78,32,32,39,45,45,46,38,38,68,11,103,84,53,53,53,0],"gold":131,"neow_bonus":"TWENTY_PERCENT_HP_BONUS","is_prod":false,"is_daily":false,"chose_seed":false,"campfire_upgraded":3,"win_rate":0,"timestamp":1538040904,"path_taken":["M","M","?","?","$","R","E","R","T","M","R","M","M","?","R","BOSS","M","M","$","M","M"],"build_version":"2018-09-20","purchased_purges":2,"victory":false,"max_hp_per_floor":[96,96,96,96,96,96,96,96,103,103,103,103,103,103,103,103,103,103,103,103,103,103],"card_choices":[{"not_picked":["Iron Wave","Shrug It Off"],"picked":"Entrench","floor":1},{"not_picked":["Cleave","True Grit"],"picked":"Body Slam","floor":2},{"not_picked":["Iron Wave","Twin Strike","Fire Breathing"],"picked":"SKIP","floor":7},{"not_picked":["Twin Strike","Headbutt"],"picked":"Bloodletting","floor":10},{"not_picked":["Evolve","Whirlwind","Cleave"],"picked":"SKIP","floor":12},{"not_picked":["Double Tap","Havoc"],"picked":"Headbutt","floor":13},{"not_picked":["Fiend Fire","Demon Form"],"picked":"Double Tap","floor":16},{"not_picked":["Wild Strike","Second Wind","Thunderclap"],"picked":"SKIP","floor":18},{"not_picked":["Wild Strike","Headbutt","Thunderclap"],"picked":"SKIP","floor":19},{"not_picked":["True Grit","Sword Boomerang","Carnage"],"picked":"SKIP","floor":21}],"player_experience":126159,"relics_obtained":[{"floor":7,"key":"Sundial"},{"floor":9,"key":"Strawberry"},{"floor":14,"key":"Orichalcum"}],"event_choices":[{"event_name":"Scrap Ooze","player_choice":"success","floor":3,"damage_taken":7},{"event_name":"The Lab","player_choice":"Got Potions","floor":4,"damage_taken":0}],"is_beta":false,"boss_relics":[{"not_picked":["Runic Pyramid","Black Blood"],"picked":"Mark of Pain"}],"items_purged_floors":[5,20],"is_endless":false,"potions_floor_spawned":[7,13,16,19,21],"killed_by":"3 Cultists","ascension_level":0}