{"gold_per_floor":[118,128,53,71,85,96,96,131,131,145,145],"floor_reached":11,"playtime":741,"items_purged":["Strike_G"],"score":92,"play_id":"e0d60e90-702d-41cb-8749-80bd554f87df","local_time":"20181120204309","is_ascension_mode":true,"campfire_choices":[{"data":"Neutralize","floor":7,"key":"SMITH"}],"neow_cost":"NONE","seed_source_timestamp":0,"circlet_count":0,"master_deck":["Defend_G","Defend_G","Defend_G","Defend_G","Defend_G","Strike_G","Strike_G","Strike_G","Strike_G","Survivor","Neutralize+1","Poisoned Stab","Slice","PiercingWail","Crippling Poison","Quick Slash","Catalyst"],"special_seed":0,"relics":["Ring of the Snake","Dream Catcher","Snake Skull","Kunai"],"potions_floor_usage":[6,8,11],"damage_taken":[{"damage":1.0,"enemies":"Small Slimes","floor":1.0,"turns":5.0},{"damage":3.0,"enemies":"2 Louse","floor":2.0,"turns":2.0},{"damage":2.0,"enemies":"Jaw Worm","floor":4.0,"turns":6.0},{"damage":15.0,"enemies":"Exordium Thugs","floor":5.0,"turns":5.0},{"damage":0,"enemies":"2 Fungi Beasts","floor":6,"turns":3},{"damage":31,"enemies":"3 Sentries","floor":8,"turns":14},{"damage":0,"enemies":"3 Louse","floor":10,"turns":3},{"damage":40,"enemies":"Gremlin Nob","floor":11,"turns":5}],"seed_played":"-6611642601114896201","potions_obtained":[{"floor":1.0,"key":"PowerPotion"},{"floor":2.0,"key":"Explosive Potion"},{"floor":5,"key":"FearPotion"}],"is_trial":false,"path_per_floor":["M","M","$","M","M","M","M","R","E","T","M","E"],"character_chosen":"THE_SILENT","items_purchased":[],"campfire_rested":0,"item_purchase_floors":[],"current_hp_per_floor":[69,66,66,64,49,49,49,18,18,18,0],"gold":145,"neow_bonus":"RANDOM_COMMON_RELIC","is_prod":false,"is_daily":false,"chose_seed":false,"campfire_upgraded":1,"win_rate":0,"timestamp":1542768189,"path_taken":["M","M","$","M","M","M","R","E","T","M","E"],"build_version":"2018-11-15","purchased_purges":1,"victory":false,"max_hp_per_floor":[70,70,70,70,70,70,70,70,70,70,70],"card_choices":[{"not_picked":["Skewer","Eviscerate"],"picked":"Poisoned Stab","floor":1.0},{"not_picked":["Bane","Reflex"],"picked":"Slice","floor":2.0},{"not_picked":["Bane","Backflip"],"picked":"PiercingWail","floor":4.0},{"not_picked":["Slice","Sucker Punch"],"picked":"Crippling Poison","floor":5},{"not_picked":["Dagger Spray","Doppelganger","Slice"],"picked":"SKIP","floor":6},{"not_picked":["Setup","Expertise"],"picked":"Quick Slash","floor":8},{"not_picked":["Dagger Throw","Blade Dance"],"picked":"Catalyst","floor":10}],"player_experience":204508,"relics_obtained":[{"floor":8,"key":"Snake Skull"},{"floor":9,"key":"Kunai"}],"event_choices":[],"is_beta":false,"boss_relics":[],"items_purged_floors":[3],"is_endless":false,"potions_floor_spawned":[1,2,5],"killed_by":"Gremlin Nob","ascension_level":4}