{"gold_per_floor":[109,119,129,145,156,156,189,202,202,217,217,92,92,107,107,207,207,225,324,342,26,40,40,57,57,57,76,76,26,26,37,37,141,141,151,251,269,281,299,299,313,313,313,325,34,51,51,51,51,51],"floor_reached":51,"playtime":5744,"items_purged":["Strike_R","Strike_R","Strike_R","Parasite"],"score":632,"play_id":"c18d89f4-12ac-4e12-bac5-35c8b0a168ae","local_time":"20190220155417","is_ascension_mode":false,"campfire_choices":[{"data":"Pommel Strike","floor":6.0,"key":"SMITH"},{"data":"Inflame","floor":11.0,"key":"SMITH"},{"data":"Flame Barrier","floor":13.0,"key":"SMITH"},{"data":"Bash","floor":15.0,"key":"SMITH"},{"data":"Limit Break","floor":23.0,"key":"SMITH"},{"data":"True Grit","floor":25.0,"key":"SMITH"},{"data":"Power Through","floor":32.0,"key":"SMITH"},{"data":"Battle Trance","floor":40.0,"key":"SMITH"},{"floor":49,"key":"REST"}],"neow_cost":"PERCENT_DAMAGE","seed_source_timestamp":145193923073,"circlet_count":0,"master_deck":["Defend_R","Defend_R","Defend_R","Bash+1","Headbutt","Iron Wave","Flame Barrier+1","Inflame+1","Heavy Blade+1","Battle Trance+1","Bludgeon+1","Limit Break+1","Ghostly Armor+1","Immolate+1","True Grit+1","Clothesline+1","Power Through+1","Reaper+1","Disarm+1","Intimidate+1","Battle Trance+1","Madness","Madness"],"special_seed":0,"relics":["Burning Blood","Molten Egg 2","Mummified Hand","Mark of Pain","Smiling Mask","Philosopher\u0027s Stone","Gambling Chip","Boot","DollysMirror"],"potions_floor_usage":[50,50,50],"damage_taken":[{"damage":0.0,"enemies":"Small Slimes","floor":1.0,"turns":3.0},{"damage":2.0,"enemies":"Jaw Worm","floor":2.0,"turns":5.0},{"damage":0.0,"enemies":"2 Louse","floor":3.0,"turns":3.0},{"damage":6.0,"enemies":"Large Slime","floor":4.0,"turns":4.0},{"damage":0.0,"enemies":"Exordium Wildlife","floor":5.0,"turns":5.0},{"damage":26.0,"enemies":"3 Sentries","floor":7.0,"turns":10.0},{"damage":0.0,"enemies":"Gremlin Gang","floor":8.0,"turns":6.0},{"damage":2.0,"enemies":"Blue Slaver","floor":10.0,"turns":3.0},{"damage":8.0,"enemies":"Exordium Thugs","floor":14.0,"turns":5.0},{"damage":54.0,"enemies":"Hexaghost","floor":16.0,"turns":8.0},{"damage":10.0,"enemies":"3 Byrds","floor":18.0,"turns":4.0},{"damage":15.0,"enemies":"Shell Parasite","floor":20.0,"turns":3.0},{"damage":15.0,"enemies":"Centurion and Healer","floor":22.0,"turns":4.0},{"damage":0.0,"enemies":"Snecko","floor":24.0,"turns":3.0},{"damage":0.0,"enemies":"Snake Plant","floor":27.0,"turns":3.0},{"damage":0.0,"enemies":"Cultist and Chosen","floor":31.0,"turns":4.0},{"damage":59.0,"enemies":"Automaton","floor":33.0,"turns":9.0},{"damage":15.0,"enemies":"3 Darklings","floor":35.0,"turns":7.0},{"damage":0.0,"enemies":"Mind Bloom Boss Battle","floor":36.0,"turns":7.0},{"damage":5.0,"enemies":"Orb Walker","floor":37.0,"turns":4.0},{"damage":10.0,"enemies":"Writhing Mass","floor":38.0,"turns":6.0},{"damage":16.0,"enemies":"Spire Growth","floor":39.0,"turns":5.0},{"damage":34.0,"enemies":"4 Shapes","floor":41.0,"turns":5.0},{"damage":1.0,"enemies":"3 Darklings","floor":44.0,"turns":3.0},{"damage":10,"enemies":"Maw","floor":46,"turns":8},{"damage":46,"enemies":"Donu and Deca","floor":50,"turns":8}],"seed_played":"6015987321269267641","potions_obtained":[{"floor":2.0,"key":"Swift Potion"},{"floor":4.0,"key":"LiquidBronze"},{"floor":7.0,"key":"GamblersBrew"},{"floor":10.0,"key":"Weak Potion"},{"floor":27.0,"key":"AttackPotion"},{"floor":33.0,"key":"Poison Potion"},{"floor":35.0,"key":"Strength Potion"}],"is_trial":false,"path_per_floor":["M","M","M","M","M","R","E","M","T","M","R","$","R","M","R","B",null,"M","?","M","$","M","R","M","R","T","M","?","$","?","M","R","B",null,"M","?","M","M","M","R","M","?","T","M","$","M","?","?","R","B",null],"character_chosen":"IRONCLAD","items_purchased":["Dexterity Potion","Immolate+1","True Grit","DollysMirror","Block Potion"],"campfire_rested":1,"item_purchase_floors":[12,21,21,45,45],"current_hp_per_floor":[62,66,72,72,78,78,58,64,64,68,68,68,68,66,66,18,80,76,76,67,67,58,58,64,64,64,70,70,70,70,76,76,23,80,80,80,80,76,66,66,54,54,54,80,77,77,77,67,77,37],"gold":51,"neow_bonus":"REMOVE_TWO","is_prod":false,"is_daily":false,"chose_seed":false,"campfire_upgraded":8,"win_rate":0,"timestamp":1550670857,"path_taken":["M","M","M","M","M","R","E","M","T","M","R","$","R","M","R","BOSS","M","?","M","$","M","R","M","R","T","M","?","$","?","M","R","BOSS","M","?","M","M","M","R","M","?","T","M","$","M","?","?","R","BOSS"],"build_version":"2019-01-23","purchased_purges":4,"victory":true,"max_hp_per_floor":[80,80,80,80,80,80,80,80,80,80,80,80,80,80,80,80,80,80,80,80,80,80,80,80,80,80,80,80,80,80,80,80,80,80,80,80,80,80,80,80,80,80,80,80,77,77,77,77,77,77],"card_choices":[{"not_picked":["Sword Boomerang","Armaments"],"picked":"Headbutt","floor":1.0},{"not_picked":["Wild Strike","Rupture"],"picked":"Pommel Strike","floor":2.0},{"not_picked":["Flex","Juggernaut"],"picked":"Iron Wave","floor":3.0},{"not_picked":["Warcry","Flex"],"picked":"Flame Barrier","floor":4.0},{"not_picked":["Anger","Corruption","Heavy Blade"],"picked":"SKIP","floor":5.0},{"not_picked":["Evolve","Warcry"],"picked":"Inflame","floor":7.0},{"not_picked":["Sever Soul+1","Pommel Strike+1"],"picked":"Heavy Blade+1","floor":8.0},{"not_picked":["Rampage+1","Whirlwind+1"],"picked":"Battle Trance","floor":10.0},{"not_picked":["Iron Wave+1","Sever Soul+1"],"picked":"Bludgeon+1","floor":14.0},{"not_picked":["Brutality","Barricade"],"picked":"Limit Break","floor":16.0},{"not_picked":["Headbutt+1","Perfected Strike+1","Wild Strike+1"],"picked":"SKIP","floor":18.0},{"not_picked":["Pummel+1","Wild Strike+1"],"picked":"Ghostly Armor+1","floor":20.0},{"not_picked":["Twin Strike+1","Demon Form"],"picked":"Clothesline+1","floor":22.0},{"not_picked":["Cleave+1","Clash+1","Clothesline+1"],"picked":"SKIP","floor":24.0},{"not_picked":["Havoc","Sword Boomerang+1","Clash+1"],"picked":"SKIP","floor":27.0},{"not_picked":["Wild Strike+1","Anger+1"],"picked":"Power Through","floor":31.0},{"not_picked":["Feed+1","Brutality"],"picked":"Reaper+1","floor":33.0},{"not_picked":["Havoc","Infernal Blade","Flex+1"],"picked":"SKIP","floor":35.0},{"not_picked":["Twin Strike+1","Clash+1","Pommel Strike+1"],"picked":"SKIP","floor":37.0},{"not_picked":["Thunderclap+1","Iron Wave+1","Anger+1"],"picked":"SKIP","floor":38.0},{"not_picked":["Pommel Strike+1","Bloodletting+1"],"picked":"Disarm+1","floor":39.0},{"not_picked":["Rupture","Sword Boomerang+1"],"picked":"Intimidate+1","floor":41.0},{"not_picked":["Dropkick+1","Sword Boomerang+1","Thunderclap+1"],"picked":"SKIP","floor":44.0},{"not_picked":["Wild Strike+1","Rampage+1","Battle Trance+1"],"picked":"SKIP","floor":46}],"player_experience":450610,"relics_obtained":[{"floor":7.0,"key":"Molten Egg 2"},{"floor":9.0,"key":"Mummified Hand"},{"floor":26.0,"key":"Smiling Mask"},{"floor":36.0,"key":"Gambling Chip"},{"floor":43.0,"key":"Boot"}],"event_choices":[{"damage_healed":0.0,"max_hp_gain":0.0,"max_hp_loss":0.0,"gold_gain":99.0,"event_name":"Nest","player_choice":"Stole From Cult","floor":19.0,"gold_loss":0.0,"damage_taken":0.0},{"damage_healed":0.0,"max_hp_gain":0.0,"max_hp_loss":0.0,"gold_gain":0.0,"event_name":"Ghosts","player_choice":"Ignored","floor":28.0,"gold_loss":0.0,"damage_taken":0.0},{"cards_removed":["Strike_R"],"damage_healed":0.0,"max_hp_gain":0.0,"max_hp_loss":0.0,"gold_gain":0.0,"event_name":"Back to Basics","player_choice":"Elegance","floor":30.0,"gold_loss":0.0,"damage_taken":0.0},{"damage_healed":0.0,"max_hp_gain":0.0,"max_hp_loss":0.0,"gold_gain":0.0,"event_name":"MindBloom","player_choice":"Fight","floor":36.0,"gold_loss":0.0,"damage_taken":0.0},{"damage_healed":0.0,"max_hp_gain":0.0,"max_hp_loss":0.0,"gold_gain":0.0,"event_name":"Tomb of Lord Red Mask","player_choice":"Ignored","floor":42.0,"gold_loss":0.0,"damage_taken":0.0},{"cards_removed":["Pommel Strike"],"damage_healed":0,"gold_gain":0,"player_choice":"Removed Attack","damage_taken":0,"max_hp_gain":0,"max_hp_loss":0,"event_name":"Falling","floor":47,"gold_loss":0},{"damage_healed":0,"gold_gain":0,"player_choice":"Embrace Madness","damage_taken":10,"max_hp_gain":0,"max_hp_loss":0,"event_name":"Winding Halls","floor":48,"gold_loss":0,"cards_obtained":["Madness","Madness"]}],"is_beta":false,"boss_relics":[{"not_picked":["White Beast Statue","Lizard Tail"],"picked":"Mark of Pain"},{"not_picked":["Runic Dome","Empty Cage"],"picked":"Philosopher\u0027s Stone"}],"items_purged_floors":[12,21,29,45],"is_endless":false,"potions_floor_spawned":[2,4,7,10,18,27,33,35,37,38,44],"ascension_level":0}