{"gold_per_floor":[112,112,131,131,148,159,192,192,215,229,229,6,6,35,35,110,110,126,140,140,171,181,215,215,248,248,248,248,248,248,15,15,88,88,100,111,126,126,145,145,165,183,183,71,87,2,2,27,27,27,27,27,27,57,57],"floor_reached":55,"playtime":5132,"items_purged":[],"score":1251,"play_id":"d8c18f77-21a0-4c59-ab11-e9ec2ff618ed","local_time":"20190304000021","is_ascension_mode":true,"campfire_choices":[{"data":"Skewer","floor":8.0,"key":"SMITH"},{"data":"Malaise","floor":11.0,"key":"SMITH"},{"data":"Noxious Fumes","floor":15.0,"key":"SMITH"},{"floor":24.0,"key":"REST"},{"data":"Dash","floor":27.0,"key":"SMITH"},{"data":"Acrobatics","floor":30.0,"key":"SMITH"},{"floor":32.0,"key":"REST"},{"floor":40.0,"key":"REST"},{"floor":47.0,"key":"REST"},{"floor":49.0,"key":"RECALL"},{"floor":52,"key":"REST"}],"neow_cost":"NONE","seed_source_timestamp":0,"circlet_count":0,"master_deck":["AscendersBane","Defend_G","Defend_G+1","Defend_G","Defend_G","Defend_G+1","Strike_G","Strike_G","Survivor","Neutralize+1","Noxious Fumes+1","Skewer+1","Malaise+1","Poisoned Stab","Flying Knee","Backstab","Dash+1","Tools of the Trade","Acrobatics+1","Endless Agony","Backflip","Cloak And Dagger","Glass Knife","Phantasmal Killer","Footwork+1","Acrobatics","Terror","Crippling Poison+1","Footwork","Predator","Footwork"],"special_seed":0,"relics":["Ring of the Snake","Omamori","Snake Skull","Lee\u0027s Waffle","War Paint","Mercury Hourglass","Velvet Choker","Shuriken","Red Mask","Pantograph","Bag of Preparation","Enchiridion","Empty Cage","Centennial Puzzle","Bag of Marbles","Thread and Needle"],"potions_floor_usage":[50,55,55],"damage_taken":[{"damage":0.0,"enemies":"2 Louse","floor":1.0,"turns":2.0},{"damage":0.0,"enemies":"Jaw Worm","floor":3.0,"turns":4.0},{"damage":0.0,"enemies":"Small Slimes","floor":5.0,"turns":4.0},{"damage":4.0,"enemies":"Blue Slaver","floor":6.0,"turns":5.0},{"damage":27.0,"enemies":"Gremlin Nob","floor":7.0,"turns":4.0},{"damage":5.0,"enemies":"3 Louse","floor":10.0,"turns":5.0},{"damage":8.0,"enemies":"Lagavulin","floor":14.0,"turns":9.0},{"damage":6.0,"enemies":"Hexaghost","floor":16.0,"turns":9.0},{"damage":0.0,"enemies":"3 Byrds","floor":18.0,"turns":4.0},{"damage":13.0,"enemies":"2 Thieves","floor":19.0,"turns":3.0},{"damage":2.0,"enemies":"Masked Bandits","floor":21.0,"turns":4.0},{"damage":7.0,"enemies":"Centurion and Healer","floor":22.0,"turns":5.0},{"damage":27.0,"enemies":"Slavers","floor":23.0,"turns":5.0},{"damage":6.0,"enemies":"Gremlin Leader","floor":25.0,"turns":7.0},{"damage":31.0,"enemies":"Champ","floor":33.0,"turns":9.0},{"damage":6.0,"enemies":"Orb Walker","floor":35.0,"turns":4.0},{"damage":9.0,"enemies":"3 Darklings","floor":36.0,"turns":4.0},{"damage":15.0,"enemies":"Sphere and 2 Shapes","floor":37.0,"turns":5.0},{"damage":15.0,"enemies":"Transient","floor":39.0,"turns":5.0},{"damage":6.0,"enemies":"4 Shapes","floor":41.0,"turns":8.0},{"damage":6.0,"enemies":"Writhing Mass","floor":42.0,"turns":9.0},{"damage":3.0,"enemies":"Transient","floor":45.0,"turns":5.0},{"damage":3.0,"enemies":"Nemesis","floor":48.0,"turns":9.0},{"damage":52,"enemies":"Time Eater","floor":50,"turns":11},{"damage":51,"enemies":"Shield and Spear","floor":54,"turns":8},{"damage":62,"enemies":"The Heart","floor":55,"turns":5}],"seed_played":"-100011786259797204","potions_obtained":[{"floor":3.0,"key":"GamblersBrew"},{"floor":5.0,"key":"PowerPotion"},{"floor":10.0,"key":"Weak Potion"},{"floor":16.0,"key":"SpeedPotion"},{"floor":19.0,"key":"Block Potion"},{"floor":23.0,"key":"GhostInAJar"},{"floor":39.0,"key":"Block Potion"},{"floor":41.0,"key":"Fire Potion"},{"floor":54,"key":"Regen Potion"}],"is_trial":false,"path_per_floor":["M","?","M","?","M","M","E","R","T","M","R","$","?","E","R","B",null,"M","M","?","?","M","E","R","E","T","R","?","?","R","$","R","B",null,"M","M","M","$","M","R","M","M","T","$","M","$","R","E","R","B",null,"R","$","E","B"],"character_chosen":"THE_SILENT","items_purchased":["Lee\u0027s Waffle","Energy Potion","Glass Knife","Dexterity Potion","PowerPotion","Predator"],"campfire_rested":5,"item_purchase_floors":[12,31,31,44,44,46],"current_hp_per_floor":[59,59,59,59,59,55,28,28,28,23,23,73,68,60,60,54,68,68,55,55,53,46,19,40,34,34,34,13,13,13,13,34,28,62,56,47,32,32,17,38,32,26,26,26,23,23,44,41,41,14,58,73,73,22,0],"gold":57,"neow_bonus":"REMOVE_CARD","is_prod":false,"is_daily":false,"chose_seed":false,"campfire_upgraded":5,"win_rate":0,"timestamp":1551675621,"path_taken":["M","?","M","?","M","M","E","R","T","M","R","$","?","E","R","BOSS","M","M","?","?","M","E","R","E","T","R","?","?","R","$","R","BOSS","M","?","M","$","M","R","M","M","T","$","M","?","R","E","R","BOSS","R","$","E","BOSS"],"build_version":"2019-01-23","purchased_purges":0,"victory":false,"max_hp_per_floor":[66,66,66,66,66,66,66,66,66,66,66,73,73,73,73,73,73,73,73,73,73,73,73,73,73,73,73,73,73,73,73,73,73,73,73,73,73,73,73,73,73,73,73,73,73,73,73,73,73,73,73,73,73,73,73],"card_choices":[{"not_picked":["Bane","PiercingWail"],"picked":"Noxious Fumes","floor":1.0},{"not_picked":["Outmaneuver","Setup"],"picked":"Skewer","floor":3.0},{"not_picked":["Dagger Spray","Dodge and Roll"],"picked":"Malaise","floor":5.0},{"not_picked":["Dagger Throw","Expertise"],"picked":"Poisoned Stab","floor":6.0},{"not_picked":["Heel Hook","Finisher"],"picked":"Flying Knee","floor":7.0},{"not_picked":["Prepared","Poisoned Stab"],"picked":"Backstab","floor":10.0},{"not_picked":["Choke","Escape Plan"],"picked":"Dash","floor":14.0},{"not_picked":["Phantasmal Killer","Doppelganger"],"picked":"Tools of the Trade","floor":16.0},{"not_picked":["Poisoned Stab","Dash"],"picked":"Acrobatics","floor":18.0},{"not_picked":["Slice","Skewer","Bane"],"picked":"SKIP","floor":19.0},{"not_picked":["Dagger Spray","Outmaneuver"],"picked":"Endless Agony","floor":21.0},{"not_picked":["Catalyst","Dagger Throw","Tactician"],"picked":"SKIP","floor":22.0},{"not_picked":["Die Die Die","Blade Dance"],"picked":"Backflip","floor":23.0},{"not_picked":["Underhanded Strike","Skewer"],"picked":"Cloak And Dagger","floor":25.0},{"not_picked":["A Thousand Cuts","Tools of the Trade"],"picked":"Phantasmal Killer","floor":33.0},{"not_picked":["Dodge and Roll","Crippling Poison"],"picked":"Footwork+1","floor":35.0},{"not_picked":["Flechettes+1","Blur"],"picked":"Acrobatics","floor":36.0},{"not_picked":["Riddle With Holes+1","Dash"],"picked":"Terror","floor":37.0},{"not_picked":["Slice","Escape Plan","Blade Dance"],"picked":"SKIP","floor":39.0},{"not_picked":["Flechettes","Blade Dance+1"],"picked":"Crippling Poison+1","floor":41.0},{"not_picked":["Blade Dance+1","Bane","Skewer"],"picked":"SKIP","floor":42.0},{"not_picked":["Flying Knee","PiercingWail"],"picked":"Footwork","floor":45.0},{"not_picked":["Poisoned Stab","Infinite Blades"],"picked":"Footwork","floor":48.0},{"not_picked":["Quick Slash","Dagger Spray+1","Predator"],"picked":"SKIP","floor":54}],"player_experience":832687,"relics_obtained":[{"floor":7.0,"key":"Omamori"},{"floor":9.0,"key":"Snake Skull"},{"floor":14.0,"key":"Mercury Hourglass"},{"floor":21.0,"key":"Red Mask"},{"floor":23.0,"key":"Pantograph"},{"floor":25.0,"key":"Bag of Preparation"},{"floor":28.0,"key":"Enchiridion"},{"floor":43.0,"key":"Centennial Puzzle"},{"floor":48.0,"key":"Bag of Marbles"},{"floor":54,"key":"Thread and Needle"}],"event_choices":[{"damage_healed":0.0,"max_hp_gain":0.0,"max_hp_loss":0.0,"gold_gain":0.0,"event_name":"Living Wall","player_choice":"Grow","floor":2.0,"gold_loss":0.0,"damage_taken":0.0,"cards_upgraded":["Neutralize"]},{"damage_healed":0.0,"max_hp_gain":0.0,"max_hp_loss":0.0,"gold_gain":0.0,"event_name":"The Cleric","player_choice":"Leave","floor":4.0,"gold_loss":0.0,"damage_taken":0.0},{"damage_healed":0.0,"max_hp_gain":0.0,"max_hp_loss":0.0,"gold_gain":0.0,"event_name":"Scrap Ooze","player_choice":"Success","floor":13.0,"gold_loss":0.0,"damage_taken":5.0,"relics_obtained":["War Paint"]},{"damage_healed":0.0,"max_hp_gain":0.0,"max_hp_loss":0.0,"gold_gain":0.0,"event_name":"The Mausoleum","player_choice":"Opened","floor":20.0,"gold_loss":0.0,"damage_taken":0.0,"relics_obtained":["Shuriken"],"cards_obtained":["Writhe"]},{"damage_healed":0.0,"max_hp_gain":0.0,"max_hp_loss":0.0,"gold_gain":0.0,"event_name":"Masked Bandits","player_choice":"Fought Bandits","floor":21.0,"gold_loss":0.0,"damage_taken":0.0},{"damage_healed":0.0,"max_hp_gain":0.0,"max_hp_loss":0.0,"gold_gain":0.0,"event_name":"Cursed Tome","player_choice":"Obtained Book","floor":28.0,"gold_loss":0.0,"damage_taken":21.0},{"damage_healed":0.0,"max_hp_gain":0.0,"max_hp_loss":0.0,"gold_gain":0.0,"event_name":"Match and Keep!","player_choice":"0 cards matched","floor":29.0,"gold_loss":0.0,"damage_taken":0.0,"cards_obtained":[]}],"is_beta":false,"boss_relics":[{"not_picked":["Orrery","Ectoplasm"],"picked":"Velvet Choker"},{"not_picked":["Coffee Dripper","HoveringKite"],"picked":"Empty Cage"}],"items_purged_floors":[],"is_endless":false,"potions_floor_spawned":[3,5,10,16,19,23,33,36,37,39,41,45,54],"killed_by":"The Heart","ascension_level":16}