{"gold_per_floor":[117,117,117,45,45,45,78,91,114,214,227,245,245,272,272,374,374,390,408,427,442,442,469,469,479,479,499,499,54,74,88,88,88],"floor_reached":33,"playtime":1555,"items_purged":[],"score":383,"play_id":"46d54992-aa8b-40d0-a765-d3411e8d0ea4","local_time":"20190301232050","is_ascension_mode":true,"campfire_choices":[{"data":"Uppercut","floor":6,"key":"SMITH"},{"data":"Wild Strike","floor":13,"key":"SMITH"},{"data":"Second Wind","floor":15,"key":"SMITH"},{"floor":24,"key":"REST"},{"data":"Perfected Strike","floor":32,"key":"SMITH"}],"neow_cost":"NONE","seed_source_timestamp":190088384299500,"circlet_count":0,"master_deck":["Strike_R","Strike_R","Strike_R+1","Strike_R","Strike_R","Defend_R+1","Defend_R+1","Defend_R","Bash","Uppercut+1","Shrug It Off+1","Battle Trance","Metallicize","Headbutt","Wild Strike+1","Evolve","Second Wind+1","Dark Embrace","Clash","Flame Barrier+1","Perfected Strike+1","Inflame","Metallicize","Impervious","Armaments+1","Metallicize","Perfected Strike+1","Hemokinesis+1"],"relics":["Burning Blood","War Paint","Kunai","Art of War","Omamori","Happy Flower","Lizard Tail","Shuriken","Mercury Hourglass","Lee\u0027s Waffle","Paper Frog"],"potions_floor_usage":[14,16,23,25,27,28,33],"damage_taken":[{"damage":2,"enemies":"Small Slimes","floor":1,"turns":3},{"damage":18,"enemies":"Lagavulin","floor":7,"turns":7},{"damage":9,"enemies":"Jaw Worm","floor":8,"turns":2},{"damage":0,"enemies":"Cultist","floor":11,"turns":3},{"damage":0,"enemies":"Looter","floor":12,"turns":3},{"damage":0,"enemies":"Gremlin Nob","floor":14,"turns":2},{"damage":31,"enemies":"The Guardian","floor":16,"turns":10},{"damage":8,"enemies":"Chosen","floor":18,"turns":6},{"damage":21,"enemies":"2 Thieves","floor":19,"turns":5},{"damage":18,"enemies":"Cultist and Chosen","floor":20,"turns":8},{"damage":36,"enemies":"Shelled Parasite and Fungi","floor":21,"turns":8},{"damage":50,"enemies":"Book of Stabbing","floor":23,"turns":7},{"damage":13,"enemies":"Snake Plant","floor":25,"turns":6},{"damage":9,"enemies":"Snecko","floor":27,"turns":5},{"damage":13,"enemies":"Sentry and Sphere","floor":28,"turns":5},{"damage":18,"enemies":"Centurion and Healer","floor":30,"turns":8},{"damage":2,"enemies":"Snake Plant","floor":31,"turns":4},{"damage":85,"enemies":"Collector","floor":33,"turns":10}],"seed_played":"-7079499208556959229","potions_obtained":[{"floor":1,"key":"AttackPotion"},{"floor":7,"key":"SteroidPotion"},{"floor":8,"key":"Ancient Potion"},{"floor":19,"key":"Dexterity Potion"},{"floor":23,"key":"SkillPotion"},{"floor":25,"key":"FearPotion"},{"floor":27,"key":"SmokeBomb"}],"is_trial":false,"path_per_floor":["M","?","?","$","T","R","E","M","T","?","M","M","R","E","R","B",null,"M","M","M","M","?","E","R","M","T","M","M","$","M","M","R","B"],"character_chosen":"IRONCLAD","items_purchased":["Battle Trance","Lee\u0027s Waffle","Paper Frog"],"campfire_rested":1,"item_purchase_floors":[4,29,29],"current_hp_per_floor":[80,80,64,64,64,64,52,49,49,49,55,61,61,67,67,42,71,69,54,42,12,12,11,35,28,28,25,18,87,75,79,79,0],"gold":88,"neow_bonus":"RANDOM_COMMON_RELIC","is_prod":false,"is_daily":false,"chose_seed":false,"campfire_upgraded":4,"win_rate":0,"timestamp":1551478850,"path_taken":["M","?","?","$","?","R","E","M","T","?","M","?","R","E","R","BOSS","M","M","M","M","?","E","R","M","T","?","M","$","M","M","R","BOSS"],"build_version":"2019-01-23","purchased_purges":0,"victory":false,"max_hp_per_floor":[80,80,80,80,80,80,80,80,80,80,80,80,80,80,80,80,80,80,80,80,80,80,80,80,80,80,80,80,87,87,87,87,87],"card_choices":[{"not_picked":["Sword Boomerang","Cleave"],"picked":"Uppercut","floor":1},{"not_picked":["Barricade","Wild Strike"],"picked":"Metallicize","floor":7},{"not_picked":["Clothesline","Havoc"],"picked":"Headbutt","floor":8},{"not_picked":["Heavy Blade","Twin Strike"],"picked":"Wild Strike","floor":11},{"not_picked":["Warcry","Flex"],"picked":"Evolve","floor":12},{"not_picked":["Body Slam","Headbutt"],"picked":"Second Wind","floor":14},{"not_picked":["Berserk","Brutality"],"picked":"Dark Embrace","floor":16},{"not_picked":["Clothesline","Thunderclap"],"picked":"Clash","floor":18},{"not_picked":["Clothesline","Twin Strike"],"picked":"Flame Barrier+1","floor":19},{"not_picked":["Battle Trance","Headbutt"],"picked":"Perfected Strike","floor":20},{"not_picked":["Sword Boomerang+1","Warcry"],"picked":"Inflame","floor":21},{"not_picked":["Sword Boomerang","Clash"],"picked":"Impervious","floor":23},{"not_picked":["Cleave","Clash"],"picked":"Armaments+1","floor":25},{"not_picked":["Blood for Blood","Flex"],"picked":"Metallicize","floor":27},{"not_picked":["Combust","Sword Boomerang"],"picked":"Perfected Strike+1","floor":30},{"not_picked":["Brutality","Sword Boomerang+1"],"picked":"Hemokinesis+1","floor":31}],"player_experience":372870,"relics_obtained":[{"floor":5,"key":"Kunai"},{"floor":7,"key":"Art of War"},{"floor":9,"key":"Omamori"},{"floor":14,"key":"Happy Flower"},{"floor":23,"key":"Shuriken"},{"floor":26,"key":"Mercury Hourglass"}],"event_choices":[{"damage_healed":0,"gold_gain":0,"cards_transformed":["Defend_R"],"player_choice":"Change","damage_taken":0,"max_hp_gain":0,"max_hp_loss":0,"event_name":"Living Wall","floor":2,"gold_loss":0,"cards_obtained":["Shrug It Off"]},{"damage_healed":0,"gold_gain":0,"player_choice":"Entered Light","damage_taken":16,"max_hp_gain":0,"max_hp_loss":0,"event_name":"Shining Light","floor":3,"gold_loss":0,"cards_upgraded":["Shrug It Off","Strike_R"]},{"damage_healed":0,"gold_gain":100,"player_choice":"Pray","damage_taken":0,"max_hp_gain":0,"max_hp_loss":0,"event_name":"Golden Shrine","floor":10,"gold_loss":0},{"damage_healed":0,"gold_gain":0,"player_choice":"Copied","damage_taken":0,"max_hp_gain":0,"max_hp_loss":0,"event_name":"Duplicator","floor":22,"gold_loss":0,"cards_obtained":["Metallicize"]}],"is_beta":false,"boss_relics":[{"not_picked":["Runic Cube","Runic Pyramid"],"picked":"Lizard Tail"}],"items_purged_floors":[],"is_endless":false,"potions_floor_spawned":[1,7,8,19,23,25,27],"killed_by":"Collector","ascension_level":5}