{"gold_per_floor":[109,128,139,214,233,263,263,263,308,318,318,31,48,61,61,158,158,170,61,76,76,36,36,70,70,70,70,84,97,97,123,123,226,226,244,244,244,258,269,269,298,298,298,316,316,335,353,364,364,364],"floor_reached":50,"playtime":6279,"items_purged":[],"score":516,"play_id":"054a3d1a-00a0-4771-a3d7-07cd08fa6d9a","local_time":"20180710050629","is_ascension_mode":false,"campfire_choices":[{"floor":8,"key":"REST"},{"floor":15,"key":"REST"},{"floor":23,"key":"REST"},{"floor":25,"key":"REST"},{"floor":27,"key":"REST"},{"floor":32,"key":"REST"},{"floor":40,"key":"REST"},{"floor":42,"key":"REST"},{"floor":45,"key":"REST"},{"floor":49,"key":"REST"}],"neow_cost":"","seed_source_timestamp":234672258340560,"circlet_count":0,"master_deck":["Defend_G","Defend_G","Defend_G","Defend_G","Defend_G","Strike_G","Strike_G","Survivor","Neutralize","Terror","Caltrops","Dodge and Roll","Noxious Fumes","Flying Knee","Poisoned Stab","Bouncing Flask","Dagger Spray","Tools of the Trade","Bouncing Flask","Noxious Fumes","Well Laid Plans","Backflip","PiercingWail","Poisoned Stab","PiercingWail","Adrenaline","Sucker Punch+1","Dagger Throw+1","Outmaneuver","Skewer","Blade Dance+1","Footwork+1","Skewer"],"relics":["Ring of the Snake","Bottled Flame","Blood Vial","Ninja Scroll","Busted Crown","Ancient Tea Set","Gremlin Horn","Vajra","Lizard Tail","Bottled Lightning","Mercury Hourglass"],"potions_floor_usage":[6,10,13,18,24,29,31,33,41,46,50,50,50],"damage_taken":[{"damage":0,"enemies":"Jaw Worm","floor":1,"turns":5},{"damage":0,"enemies":"2 Louse","floor":2,"turns":3},{"damage":2,"enemies":"Small Slimes","floor":3,"turns":4},{"damage":13,"enemies":"3 Louse","floor":5,"turns":5},{"damage":18,"enemies":"Gremlin Nob","floor":6,"turns":4},{"damage":1,"enemies":"Gremlin Gang","floor":10,"turns":3},{"damage":1,"enemies":"Large Slime","floor":13,"turns":6},{"damage":7,"enemies":"Lots of Slimes","floor":14,"turns":3},{"damage":30,"enemies":"Hexaghost","floor":16,"turns":9},{"damage":27,"enemies":"2 Thieves","floor":18,"turns":5},{"damage":21,"enemies":"Spheric Guardian","floor":20,"turns":5},{"damage":29,"enemies":"Gremlin Leader","floor":24,"turns":7},{"damage":3,"enemies":"Snecko","floor":28,"turns":5},{"damage":5,"enemies":"3 Cultists","floor":29,"turns":5},{"damage":23,"enemies":"Book of Stabbing","floor":31,"turns":6},{"damage":21,"enemies":"Automaton","floor":33,"turns":11},{"damage":17,"enemies":"3 Darklings","floor":35,"turns":5},{"damage":1,"enemies":"3 Shapes","floor":38,"turns":6},{"damage":9,"enemies":"3 Darklings","floor":39,"turns":5},{"damage":41,"enemies":"Nemesis","floor":41,"turns":7},{"damage":4,"enemies":"4 Shapes","floor":44,"turns":3},{"damage":0,"enemies":"Sphere and 2 Shapes","floor":46,"turns":4},{"damage":33,"enemies":"Maw","floor":47,"turns":7},{"damage":0,"enemies":"4 Shapes","floor":48,"turns":6},{"damage":149,"enemies":"Time Eater","floor":50,"turns":12}],"seed_played":"-7921210945273640824","potions_obtained":[{"floor":1,"key":"Explosive Potion"},{"floor":3,"key":"Strength Potion"},{"floor":5,"key":"Poison Potion"},{"floor":10,"key":"SpeedPotion"},{"floor":22,"key":"SkillPotion"},{"floor":22,"key":"Fire Potion"},{"floor":22,"key":"GhostInAJar"},{"floor":28,"key":"EssenceOfSteel"},{"floor":29,"key":"Fire Potion"},{"floor":39,"key":"Swift Potion"},{"floor":44,"key":"Fire Potion"},{"floor":46,"key":"EssenceOfSteel"},{"floor":48,"key":"Fire Potion"}],"is_trial":false,"path_per_floor":["M","M","M","?","M","E","?","R","T","M","?","$","M","M","R","B",null,"M","$","M","?","?","R","E","R","T","R","M","M","?","E","R","B",null,"M","?","?","M","M","R","E","R","T","M","R","M","M","M","R"],"character_chosen":"THE_SILENT","items_purchased":["Ninja Scroll","Poisoned Stab","Bouncing Flask","Noxious Fumes"],"campfire_rested":10,"item_purchase_floors":[12,12,19,19],"current_hp_per_floor":[70,70,68,57,44,26,26,47,47,48,48,48,49,44,65,37,70,43,43,24,24,24,45,18,39,39,60,59,56,43,22,44,25,75,58,58,58,59,52,74,34,56,56,54,75,75,42,44,66,0],"gold":364,"neow_bonus":"","is_prod":false,"is_daily":false,"chose_seed":false,"campfire_upgraded":0,"win_rate":0.0,"timestamp":1531188389,"path_taken":["M","M","M","?","M","E","?","R","T","M","?","$","M","M","R","BOSS","M","?","?","?","?","R","E","R","T","R","M","?","?","E","R","BOSS","M","?","?","M","M","R","E","R","T","?","R","?","M","M","R","BOSS"],"build_version":"2018-07-05","purchased_purges":0,"victory":false,"max_hp_per_floor":[70,70,70,70,70,70,70,70,70,70,70,70,70,70,70,70,70,70,70,70,70,70,70,70,70,70,70,70,70,75,75,75,75,75,75,75,75,75,75,75,75,75,75,75,75,75,75,75,75,75],"card_choices":[{"not_picked":["Reflex","Distraction","Masterful Stab"],"picked":"SKIP","floor":1},{"not_picked":["Blade Dance","Backflip"],"picked":"Terror","floor":2},{"not_picked":["Well Laid Plans","All Out Attack"],"picked":"Caltrops","floor":3},{"not_picked":["PiercingWail","Prepared"],"picked":"Dodge and Roll","floor":5},{"not_picked":["Wraith Form v2","Blade Dance"],"picked":"Noxious Fumes","floor":6},{"not_picked":["Dagger Throw","Prepared"],"picked":"Flying Knee","floor":10},{"not_picked":["Escape Plan","Outmaneuver"],"picked":"Bouncing Flask","floor":13},{"not_picked":["Slice","Skewer"],"picked":"Dagger Spray","floor":14},{"not_picked":["Tactician","Bullet Time"],"picked":"Tools of the Trade","floor":16},{"not_picked":[],"picked":"Sucker Punch","floor":18},{"not_picked":[],"picked":"Well Laid Plans","floor":20},{"not_picked":[],"picked":"Backflip","floor":24},{"not_picked":[],"picked":"PiercingWail","floor":28},{"not_picked":[],"picked":"Poisoned Stab","floor":29},{"not_picked":[],"picked":"PiercingWail","floor":31},{"not_picked":[],"picked":"Adrenaline","floor":33},{"not_picked":[],"picked":"Sucker Punch+1","floor":35},{"not_picked":[],"picked":"Dagger Throw+1","floor":38},{"not_picked":[],"picked":"Outmaneuver","floor":39},{"not_picked":["Acrobatics"],"picked":"SKIP","floor":41},{"not_picked":[],"picked":"Skewer","floor":44},{"not_picked":[],"picked":"Blade Dance+1","floor":46},{"not_picked":[],"picked":"Footwork+1","floor":47},{"not_picked":[],"picked":"Skewer","floor":48}],"player_experience":53276,"relics_obtained":[{"floor":6,"key":"Bottled Flame"},{"floor":9,"key":"Blood Vial"},{"floor":24,"key":"Ancient Tea Set"},{"floor":26,"key":"Gremlin Horn"},{"floor":31,"key":"Vajra"},{"floor":41,"key":"Bottled Lightning"},{"floor":43,"key":"Mercury Hourglass"}],"event_choices":[{"event_name":"World of Goop","player_choice":"Gather Gold","floor":4,"damage_taken":0},{"event_name":"Wheel of Change","player_choice":"Card Removal","floor":7,"damage_taken":0},{"event_name":"Purifier","player_choice":"One Purge","floor":11,"damage_taken":0},{"event_name":"Drug Dealer","player_choice":"Ignored","floor":21,"damage_taken":0},{"event_name":"The Woman in Blue","player_choice":"Bought 3 Potions","floor":22,"damage_taken":0},{"event_name":"Forgotten Altar","player_choice":"Shed Blood","floor":30,"damage_taken":0},{"event_name":"Purifier","player_choice":"One Purge","floor":36,"damage_taken":0},{"event_name":"Falling","player_choice":"Removed Attack","floor":37,"damage_taken":0}],"boss_relics":[{"not_picked":["Philosopher\u0027s Stone","Runic Dome"],"picked":"Busted Crown"},{"not_picked":["Sozu","Orrery"],"picked":"Lizard Tail"}],"items_purged_floors":[],"is_endless":false,"potions_floor_spawned":[1,3,5,10,28,29,39,44,46,48],"killed_by":"Time Eater","ascension_level":0}