{"gold_per_floor":[114,114,129,129,148,148,167,167,167,186,224,399,49,68,68,193,193,212,231,250,250,269,269],"floor_reached":23,"playtime":1873,"items_purged":["Doubt"],"score":247,"play_id":"e3910de8-9bf1-447c-8063-4f5862fb5b1a","local_time":"20180714062301","daily_mods":["Shiny","Uncertain Future","Lethality"],"is_ascension_mode":false,"campfire_choices":[{"data":"Echo Form","floor":6,"key":"SMITH"},{"floor":8,"key":"REST"},{"floor":15,"key":"REST"}],"neow_cost":"","seed_source_timestamp":0,"circlet_count":0,"master_deck":["Multi-Cast","Hyperbeam","Thunder Strike","Biased Cognition","Machine Learning","Electrodynamics","Buffer","Rainbow","Seek","Meteor Strike","Echo Form+1","All For One","Reboot","Amplify","Creative AI","Fission","Core Surge","Double Energy","Injury","Recycle","Reinforced Body","Leap","White Noise","Self Repair","Genetic Algorithm","Meteor Strike","Loop","Glacier","Leap"],"special_seed":17726,"relics":["Cracked Core","Girya","Golden Idol","Pen Nib","Dodecahedron","Toolbox","Cursed Key"],"potions_floor_usage":[19,21,21],"damage_taken":[{"damage":0,"enemies":"2 Louse","floor":1,"turns":2},{"damage":21,"enemies":"Small Slimes","floor":3,"turns":2},{"damage":0,"enemies":"Cultist","floor":5,"turns":2},{"damage":0,"enemies":"Large Slime","floor":7,"turns":3},{"damage":0,"enemies":"2 Fungi Beasts","floor":10,"turns":2},{"damage":14,"enemies":"Lagavulin","floor":11,"turns":4},{"damage":28,"enemies":"Gremlin Gang","floor":14,"turns":3},{"damage":0,"enemies":"The Guardian","floor":16,"turns":8},{"damage":0,"enemies":"Spheric Guardian","floor":18,"turns":3},{"damage":28,"enemies":"Shell Parasite","floor":19,"turns":5},{"damage":7,"enemies":"Cultist and Chosen","floor":20,"turns":3},{"damage":44,"enemies":"Slaver and Parasite","floor":21,"turns":4},{"damage":8,"enemies":"Centurion and Healer","floor":22,"turns":4},{"damage":9,"enemies":"Gremlin Leader","floor":23,"turns":1}],"seed_played":"-1557900698408723444","potions_obtained":[{"floor":1,"key":"Strength Potion"},{"floor":5,"key":"SmokeBomb"},{"floor":19,"key":"Fruit Juice"}],"is_trial":false,"path_per_floor":["M","?","M","?","M","R","M","R","T","M","E","?","$","M","R","B",null,"M","M","M","M","M"],"character_chosen":"DEFECT","items_purchased":["Self Repair","Toolbox"],"campfire_rested":2,"item_purchase_floors":[13,13],"current_hp_per_floor":[75,63,42,42,42,42,42,64,64,64,50,50,50,29,51,61,75,75,47,47,15,7,0],"gold":269,"neow_bonus":"","is_prod":false,"is_daily":true,"chose_seed":false,"campfire_upgraded":1,"win_rate":0,"timestamp":1531538581,"path_taken":["M","?","M","?","M","R","M","R","T","M","E","?","$","M","R","BOSS","M","M","?","M","M","E"],"build_version":"2018-07-12","purchased_purges":1,"victory":false,"max_hp_per_floor":[75,75,75,75,75,75,75,75,75,75,75,75,75,75,75,75,75,75,75,75,80,80,80],"card_choices":[{"not_picked":["Chaos","Steam Power"],"picked":"Double Energy","floor":1},{"not_picked":["Stack","Compile Driver","Cold Snap"],"picked":"SKIP","floor":3},{"not_picked":["Gash","Conserve Battery"],"picked":"Recycle","floor":5},{"not_picked":["Rebound","Stack"],"picked":"Reinforced Body","floor":7},{"not_picked":["Conserve Battery","Reprogram"],"picked":"Leap","floor":10},{"not_picked":["Steam Power","Tempest"],"picked":"White Noise","floor":11},{"not_picked":["Conserve Battery","Blizzard"],"picked":"Genetic Algorithm","floor":14},{"not_picked":["All For One","Fission"],"picked":"Meteor Strike","floor":16},{"not_picked":["Redo","Stack+1","Coolheaded+1"],"picked":"SKIP","floor":18},{"not_picked":["Barrage","Leap"],"picked":"Loop","floor":19},{"not_picked":["Hello World+1","Reinforced Body"],"picked":"Glacier","floor":20},{"not_picked":["Coolheaded","Fusion"],"picked":"Leap","floor":22}],"player_experience":101431,"relics_obtained":[{"floor":9,"key":"Pen Nib"},{"floor":11,"key":"Dodecahedron"}],"event_choices":[{"event_name":"Scrap Ooze","player_choice":"success","floor":2,"damage_taken":12},{"event_name":"Golden Idol","player_choice":"Take Wound","floor":4,"damage_taken":0},{"event_name":"Liars Game","player_choice":"agreed","floor":12,"damage_taken":0}],"boss_relics":[{"not_picked":["Tiny House","Black Star"],"picked":"Cursed Key"}],"items_purged_floors":[13],"is_endless":false,"potions_floor_spawned":[1,5,19],"killed_by":"Gremlin Leader","ascension_level":0}