{"gold_per_floor":[114,125,125,144,9,9,19,47,47,47,47,60,84,99,99,229,229,199,199,199,149,149,149,149,149,149,149,149,149,26,26,26,26,26,26,26,26,26,26,26,26,26,26,26,26,26,26,26,26,26],"floor_reached":51,"playtime":5750,"items_purged":["Injury","Strike_B"],"score":671,"play_id":"577a2bf5-0940-4d8a-9915-deff7424e137","local_time":"20190228123748","is_ascension_mode":false,"campfire_choices":[{"data":"Defragment","floor":6,"key":"SMITH"},{"data":"Sweeping Beam","floor":11,"key":"SMITH"},{"data":"Zap","floor":15,"key":"SMITH"},{"data":"Static Discharge","floor":25,"key":"SMITH"},{"data":"Hologram","floor":28,"key":"SMITH"},{"floor":32,"key":"REST"},{"data":"Seek","floor":41,"key":"SMITH"},{"data":"Blizzard","floor":44,"key":"SMITH"},{"data":"Parasite","floor":46,"key":"PURGE"},{"floor":49,"key":"REST"}],"neow_cost":"NONE","seed_source_timestamp":5136833152691,"circlet_count":0,"master_deck":["Strike_B","Strike_B","Defend_B","Defend_B","Defend_B","Defend_B","Zap+1","Dualcast","Coolheaded","Compile Driver","Defragment","Defragment+1","Coolheaded","Sweeping Beam+1","Blizzard+1","Sunder","Hologram+1","Ball Lightning","Aggregate","Reboot","Coolheaded","Static Discharge+1","Go for the Eyes+1","Beam Cell+1","BootSequence","Capacitor","Seek+1","Conserve Battery","Steam","Glacier","Steam Power+1"],"relics":["Cracked Core","Lantern","Smiling Mask","Golden Idol","Ectoplasm","Molten Egg 2","Peace Pipe","Bronze Scales","Cursed Key","Ancient Tea Set","Pen Nib","Pocketwatch"],"potions_floor_usage":[22,23,33,50,50],"damage_taken":[{"damage":1,"enemies":"Jaw Worm","floor":1,"turns":3},{"damage":0,"enemies":"Cultist","floor":2,"turns":3},{"damage":3,"enemies":"2 Louse","floor":4,"turns":2},{"damage":3,"enemies":"Blue Slaver","floor":7,"turns":4},{"damage":15,"enemies":"Gremlin Nob","floor":8,"turns":4},{"damage":0,"enemies":"Large Slime","floor":12,"turns":4},{"damage":5,"enemies":"Exordium Wildlife","floor":13,"turns":4},{"damage":0,"enemies":"Lots of Slimes","floor":14,"turns":2},{"damage":22,"enemies":"Slime Boss","floor":16,"turns":7},{"damage":12,"enemies":"2 Thieves","floor":18,"turns":2},{"damage":0,"enemies":"Chosen","floor":20,"turns":5},{"damage":6,"enemies":"Shelled Parasite and Fungi","floor":22,"turns":5},{"damage":9,"enemies":"Gremlin Leader","floor":23,"turns":7},{"damage":3,"enemies":"Centurion and Healer","floor":24,"turns":9},{"damage":0,"enemies":"Snecko","floor":27,"turns":6},{"damage":22,"enemies":"Colosseum Slavers","floor":29,"turns":3},{"damage":27,"enemies":"Slavers","floor":31,"turns":4},{"damage":17,"enemies":"Collector","floor":33,"turns":11},{"damage":0,"enemies":"Orb Walker","floor":35,"turns":4},{"damage":0,"enemies":"3 Shapes","floor":37,"turns":6},{"damage":14,"enemies":"Writhing Mass","floor":38,"turns":7},{"damage":25,"enemies":"Giant Head","floor":40,"turns":12},{"damage":7,"enemies":"Jaw Worm Horde","floor":42,"turns":5},{"damage":30,"enemies":"Transient","floor":45,"turns":5},{"damage":3,"enemies":"4 Shapes","floor":47,"turns":6},{"damage":3,"enemies":"Donu and Deca","floor":50,"turns":10}],"seed_played":"6526161426213198495","potions_obtained":[{"floor":2,"key":"Energy Potion"},{"floor":4,"key":"Weak Potion"},{"floor":8,"key":"Explosive Potion"},{"floor":12,"key":"Weak Potion"},{"floor":23,"key":"SteroidPotion"},{"floor":31,"key":"FearPotion"},{"floor":33,"key":"EssenceOfSteel"},{"floor":36,"key":"Ancient Potion"},{"floor":42,"key":"FocusPotion"},{"floor":47,"key":"FocusPotion"}],"is_trial":false,"path_per_floor":["M","M","?","M","$","R","M","E","T","?","R","M","M","M","R","B",null,"M","?","M","$","M","E","M","R","T","M","R","?","$","E","R","B",null,"M","?","M","M","$","E","R","M","T","R","M","R","M","?","R","B",null],"character_chosen":"DEFECT","items_purchased":["Defragment","Coolheaded","Sweeping Beam","BootSequence"],"campfire_rested":2,"item_purchase_floors":[5,5,5,30],"current_hp_per_floor":[81,81,81,78,78,78,75,60,60,60,60,60,55,55,55,33,82,70,70,70,70,64,55,52,52,52,52,52,30,30,3,27,10,82,82,82,82,68,68,43,43,36,36,36,6,6,3,3,26,23],"gold":26,"neow_bonus":"TEN_PERCENT_HP_BONUS","is_prod":false,"is_daily":false,"chose_seed":false,"campfire_upgraded":7,"win_rate":0,"timestamp":1551350268,"path_taken":["M","M","?","M","?","R","M","E","T","?","R","M","?","M","R","BOSS","M","?","M","$","M","E","M","R","T","M","R","?","?","E","R","BOSS","M","?","M","M","$","E","R","M","T","R","?","R","M","?","R","BOSS"],"build_version":"2019-01-23","purchased_purges":2,"victory":true,"max_hp_per_floor":[82,82,82,82,82,82,82,82,82,82,82,82,82,82,82,82,82,82,82,82,82,82,82,82,82,82,82,82,82,82,82,82,82,82,82,82,82,82,82,82,82,82,82,82,82,79,79,79,79,79],"card_choices":[{"not_picked":["Leap","Stack"],"picked":"Coolheaded","floor":1},{"not_picked":["Rebound","Double Energy"],"picked":"Compile Driver","floor":2},{"not_picked":["Rebound","Auto Shields"],"picked":"Defragment","floor":4},{"not_picked":["Redo","Turbo"],"picked":"Blizzard","floor":7},{"not_picked":["Electrodynamics","Leap"],"picked":"Sunder","floor":8},{"not_picked":["Compile Driver","Reinforced Body"],"picked":"Hologram","floor":12},{"not_picked":["Hologram","Stack"],"picked":"Ball Lightning","floor":13},{"not_picked":["Ball Lightning","Rebound"],"picked":"Aggregate","floor":14},{"not_picked":["Thunder Strike","Multi-Cast"],"picked":"Reboot","floor":16},{"not_picked":["Gash","Cold Snap"],"picked":"Coolheaded","floor":18},{"not_picked":["Melter","Coolheaded","Cold Snap"],"picked":"SKIP","floor":20},{"not_picked":["Barrage","Lockon"],"picked":"Static Discharge","floor":22},{"not_picked":["Redo","Chaos"],"picked":"Go for the Eyes","floor":23},{"not_picked":["Go for the Eyes+1","Barrage+1"],"picked":"Beam Cell+1","floor":24},{"not_picked":["Stack","Coolheaded","Turbo"],"picked":"SKIP","floor":27},{"not_picked":["Thunder Strike+1","Chill"],"picked":"Capacitor","floor":31},{"not_picked":["Rainbow","Amplify"],"picked":"Seek","floor":33},{"not_picked":["Sunder+1","Genetic Algorithm+1","Turbo+1"],"picked":"SKIP","floor":35},{"not_picked":["Beam Cell+1","Sweeping Beam+1"],"picked":"Conserve Battery","floor":37},{"not_picked":["Gash+1","Redo+1","Beam Cell+1"],"picked":"SKIP","floor":38},{"not_picked":["Leap+1","Coolheaded+1"],"picked":"Steam","floor":40},{"not_picked":["Genetic Algorithm+1","Hello World+1"],"picked":"Glacier","floor":42},{"not_picked":["Barrage+1","Leap+1","Streamline+1"],"picked":"SKIP","floor":45},{"not_picked":["Multi-Cast","Turbo+1"],"picked":"Steam Power+1","floor":47}],"player_experience":542466,"relics_obtained":[{"floor":8,"key":"Lantern"},{"floor":9,"key":"Smiling Mask"},{"floor":23,"key":"Molten Egg 2"},{"floor":26,"key":"Peace Pipe"},{"floor":31,"key":"Bronze Scales"},{"floor":40,"key":"Ancient Tea Set"},{"floor":43,"key":"Pen Nib"},{"floor":48,"key":"Pocketwatch"}],"event_choices":[{"cards_removed":["Strike_B"],"damage_healed":0,"gold_gain":0,"player_choice":"Offered Basic","damage_taken":0,"max_hp_gain":0,"max_hp_loss":0,"event_name":"Bonfire Elementals","floor":3,"gold_loss":0},{"damage_healed":0,"gold_gain":0,"player_choice":"Take Wound","damage_taken":0,"relics_obtained":["Golden Idol"],"max_hp_gain":0,"max_hp_loss":0,"event_name":"Golden Idol","floor":10,"gold_loss":0,"cards_obtained":["Injury"]},{"damage_healed":0,"gold_gain":0,"player_choice":"Ignored","damage_taken":0,"max_hp_gain":0,"max_hp_loss":0,"event_name":"Ghosts","floor":19,"gold_loss":0},{"damage_healed":0,"gold_gain":0,"player_choice":"Fight","damage_taken":0,"max_hp_gain":0,"max_hp_loss":0,"event_name":"Colosseum","floor":29,"gold_loss":0},{"damage_healed":0,"gold_gain":0,"player_choice":"Fled From Nobs","damage_taken":0,"max_hp_gain":0,"max_hp_loss":0,"event_name":"Colosseum","floor":29,"gold_loss":0},{"damage_healed":0,"gold_gain":0,"player_choice":"Got Potions","damage_taken":0,"max_hp_gain":0,"max_hp_loss":0,"event_name":"Lab","floor":36,"gold_loss":0},{"damage_healed":0,"gold_gain":0,"player_choice":"Relic","damage_taken":0,"max_hp_gain":0,"max_hp_loss":0,"event_name":"Wheel of Change","floor":48,"gold_loss":0}],"is_beta":false,"boss_relics":[{"not_picked":["Calling Bell","Tiny House"],"picked":"Ectoplasm"},{"not_picked":["Pandora\u0027s Box","Runic Pyramid"],"picked":"Cursed Key"}],"items_purged_floors":[21,30],"is_endless":false,"potions_floor_spawned":[2,4,8,12,23,29,31,33,37,38,42,47],"ascension_level":0}