{"gold_per_floor":[118,129,129,139,139,139,64,64,88,88,105,131,143,153,153,258,258,277,287,287,300,45,45],"floor_reached":23,"playtime":1146,"items_purged":["Strike_R","Strike_R"],"score":222,"play_id":"4f0a9e81-0e19-4292-8b03-19172b3e679e","local_time":"20180803033903","is_ascension_mode":true,"campfire_choices":[{"data":"Bash","floor":6,"key":"SMITH"},{"data":"Inflame","floor":8,"key":"SMITH"},{"floor":10,"key":"REST"},{"floor":15,"key":"REST"}],"neow_cost":"TEN_PERCENT_HP_LOSS","seed_source_timestamp":306056076306908,"circlet_count":0,"master_deck":["Strike_R+1","Defend_R","Defend_R","Defend_R","Bash+1","Rampage+1","Inflame+1","Double Tap","Seeing Red","Pommel Strike","Offering","Warcry"],"relics":["Burning Blood","Red Skull","Anchor","Busted Crown","Bag of Preparation"],"potions_floor_usage":[16,16,16,23],"damage_taken":[{"damage":6,"enemies":"Cultist","floor":1,"turns":3},{"damage":10,"enemies":"Small Slimes","floor":2,"turns":4},{"damage":6,"enemies":"Jaw Worm","floor":4,"turns":4},{"damage":16,"enemies":"2 Fungi Beasts","floor":11,"turns":3},{"damage":26,"enemies":"3 Sentries","floor":12,"turns":6},{"damage":0,"enemies":"Red Slaver","floor":13,"turns":3},{"damage":11,"enemies":"Exordium Thugs","floor":14,"turns":5},{"damage":28,"enemies":"The Guardian","floor":16,"turns":8},{"damage":7,"enemies":"Shell Parasite","floor":18,"turns":2},{"damage":5,"enemies":"3 Byrds","floor":19,"turns":3},{"damage":23,"enemies":"Snake Plant","floor":21,"turns":3},{"damage":55,"enemies":"Slavers","floor":23,"turns":4}],"seed_played":"7647026520520553586","potions_obtained":[{"floor":1,"key":"LiquidBronze"},{"floor":2,"key":"SpeedPotion"},{"floor":14,"key":"Swift Potion"},{"floor":21,"key":"PowerPotion"}],"is_trial":false,"path_per_floor":["M","M","?","M","?","R","$","R","T","R","M","E","M","M","R","B",null,"M","M","?","M","$"],"character_chosen":"IRONCLAD","items_purchased":["Bag of Preparation"],"campfire_rested":2,"item_purchase_floors":[22],"current_hp_per_floor":[72,68,54,54,54,54,54,54,54,72,62,42,48,43,64,42,72,71,72,72,55,55,0],"gold":45,"neow_bonus":"REMOVE_TWO","is_prod":false,"is_daily":false,"chose_seed":false,"campfire_upgraded":2,"win_rate":0,"timestamp":1533256743,"path_taken":["M","M","?","M","?","R","$","R","T","R","M","E","M","M","R","BOSS","M","M","?","M","$","E"],"build_version":"2018-08-02","purchased_purges":2,"victory":false,"max_hp_per_floor":[72,72,72,72,72,72,72,72,72,72,72,72,72,72,72,72,72,72,72,72,72,72,72],"card_choices":[{"not_picked":["Second Wind","Rupture"],"picked":"Rampage","floor":1},{"not_picked":["Wild Strike","Pummel","Power Through"],"picked":"SKIP","floor":2},{"not_picked":["Ghostly Armor","Clash","Heavy Blade"],"picked":"SKIP","floor":4},{"not_picked":["Wild Strike","True Grit","Armaments"],"picked":"SKIP","floor":11},{"not_picked":["Shrug It Off","Perfected Strike"],"picked":"Double Tap","floor":12},{"not_picked":["Hemokinesis","Anger"],"picked":"Seeing Red","floor":13},{"not_picked":["Flame Barrier","Body Slam"],"picked":"Pommel Strike","floor":14},{"not_picked":["Impervious","Exhume"],"picked":"Offering","floor":16},{"not_picked":["Reckless Charge"],"picked":"SKIP","floor":18},{"not_picked":["Iron Wave"],"picked":"SKIP","floor":19},{"not_picked":["Rampage"],"picked":"SKIP","floor":21}],"player_experience":165652,"relics_obtained":[{"floor":9,"key":"Red Skull"},{"floor":12,"key":"Anchor"}],"event_choices":[{"event_name":"Shining Light","player_choice":"Entered Light","floor":3,"damage_taken":0},{"event_name":"Transmorgrifier","player_choice":"Transform","floor":5,"damage_taken":0},{"event_name":"The Library","player_choice":"Read","floor":20,"damage_taken":0}],"is_beta":false,"boss_relics":[{"not_picked":["Black Blood","Black Star"],"picked":"Busted Crown"}],"items_purged_floors":[7,22],"is_endless":false,"potions_floor_spawned":[1,2,14,21],"killed_by":"Slavers","ascension_level":3}