{"path_per_floor":["M","M","M","M","M","R","M","M","T","?","R","M","M","M","R","B",null,"M","$","?","?","M","R","$","R","T","?","M","R","?","M","R","B",null,"M","$","M","?","?","E","R","T","T","M","R","M","R","?","R"],"character_chosen":"THE_SILENT","items_purchased":["Shovel","Regen Potion"],"gold_per_floor":[115,125,137,152,166,166,182,202,202,202,202,219,233,250,250,346,376,389,15,15,15,29,29,29,29,84,84,102,102,102,121,121,218,218,233,82,97,97,97,128,128,128,128,148,148,162,162,162,162,162],"floor_reached":50,"campfire_rested":4,"playtime":3976,"current_hp_per_floor":[62,62,53,52,22,22,19,8,8,8,29,11,5,5,26,28,65,65,65,65,65,63,63,63,63,63,47,49,49,49,42,42,25,63,35,35,36,36,55,30,52,52,52,37,37,37,74,74,74,0],"items_purged":["Strike_G","Normality"],"gold":162,"score":699,"play_id":"96d0b07c-0947-4ab8-91cc-125b0eb6fcba","local_time":"20180505031632","is_prod":false,"is_daily":false,"chose_seed":false,"is_ascension_mode":true,"campfire_upgraded":1,"timestamp":1525504592,"path_taken":["M","M","M","M","M","R","M","M","T","?","R","M","?","M","R","BOSS","M","$","?","?","?","R","?","R","T","?","?","R","?","M","R","BOSS","M","$","M","?","?","E","R","?","T","M","R","?","R","?","R","BOSS"],"build_version":"2018-05-03","seed_source_timestamp":273447593394481,"purchased_purges":2,"victory":false,"master_deck":["Defend_G","Defend_G+1","Defend_G+1","Defend_G","Defend_G","Strike_G","Strike_G","Strike_G","Neutralize","AscendersBane","Infinite Blades","Backflip","Acrobatics","Eviscerate+1","Caltrops","Footwork","Dagger Throw","Bullet Time","After Image+1","Blur","Crippling Poison","Underhanded Strike","Crippling Poison","Terror","A Thousand Cuts","Decay","Pain","Catalyst+1","Underhanded Strike+1","Thinking Ahead","Writhe","Dash","Noxious Fumes+1"],"max_hp_per_floor":[70,70,70,70,70,70,70,70,70,70,70,70,70,70,70,70,75,75,75,75,75,75,75,75,75,75,75,75,75,75,75,75,75,75,75,75,75,75,75,75,75,75,75,75,75,75,75,75,75,75],"relics":["Snecko Eye","The Specimen","Tiny House","Shovel","Bag of Marbles","Blood Vial","Tiny Chest","Enchiridion","Tingsha","Du-Vu Doll","Calling Bell","Prayer Wheel","Matryoshka","Thread and Needle","The Courier","Orichalcum","Kunai","Art of War","War Paint","Regal Pillow","Juzu Bracelet"],"card_choices":[{"not_picked":["PiercingWail","Escape Plan"],"picked":"Infinite Blades","floor":2},{"not_picked":["Quick Slash","Unload"],"picked":"Backflip","floor":3},{"not_picked":["Sucker Punch","Outmaneuver"],"picked":"Acrobatics","floor":4},{"not_picked":["Die Die Die","Deadly Poison"],"picked":"Eviscerate","floor":5},{"not_picked":["Dodge and Roll","Outmaneuver"],"picked":"Caltrops","floor":7},{"not_picked":["Backflip","Blur"],"picked":"Footwork","floor":12},{"not_picked":["Flying Knee","Dagger Spray"],"picked":"Dagger Throw","floor":13},{"not_picked":["Escape Plan","Dagger Throw"],"picked":"Bullet Time","floor":14},{"not_picked":["Unload","Bullet Time"],"picked":"After Image","floor":16},{"not_picked":["Backflip","Deadly Poison"],"picked":"Blur","floor":17},{"not_picked":["Deflect","Backflip"],"picked":"Crippling Poison","floor":18},{"not_picked":["Calculated Gamble","Well Laid Plans"],"picked":"Underhanded Strike","floor":22},{"not_picked":["Quick Slash","Skewer"],"picked":"Crippling Poison","floor":28},{"not_picked":["Finisher","Poisoned Stab"],"picked":"Terror","floor":31},{"not_picked":["Unload","Phantasmal Killer"],"picked":"A Thousand Cuts","floor":33},{"not_picked":["Backflip","Dagger Spray"],"picked":"Catalyst","floor":35},{"not_picked":["Flying Knee","Masterful Stab"],"picked":"Underhanded Strike","floor":37},{"not_picked":["Secret Weapon","Sadistic Nature"],"picked":"Thinking Ahead","floor":38},{"not_picked":["Poisoned Stab","Flechettes"],"picked":"Dash","floor":42},{"not_picked":["Underhanded Strike","Dagger Spray"],"picked":"Noxious Fumes","floor":44}],"player_experience":479498,"potions_floor_usage":[4,8,16,31,33,40,46,50,50],"damage_taken":[{"damage":1,"enemies":"Small Slimes","floor":1,"turns":5},{"damage":0,"enemies":"2 Louse","floor":2,"turns":3},{"damage":9,"enemies":"Cultist","floor":3,"turns":5},{"damage":1,"enemies":"Large Slime","floor":4,"turns":7},{"damage":30,"enemies":"Lots of Slimes","floor":5,"turns":7},{"damage":3,"enemies":"Blue Slaver","floor":7,"turns":3},{"damage":26,"enemies":"Exordium Wildlife","floor":8,"turns":6},{"damage":18,"enemies":"Exordium Thugs","floor":12,"turns":5},{"damage":6,"enemies":"Red Slaver","floor":13,"turns":3},{"damage":0,"enemies":"Looter","floor":14,"turns":2},{"damage":13,"enemies":"The Guardian","floor":16,"turns":10},{"damage":0,"enemies":"3 Byrds","floor":18,"turns":4},{"damage":2,"enemies":"2 Thieves","floor":22,"turns":4},{"damage":0,"enemies":"Snecko","floor":28,"turns":4},{"damage":9,"enemies":"Snake Plant","floor":31,"turns":5},{"damage":19,"enemies":"Collector","floor":33,"turns":9},{"damage":30,"enemies":"3 Darklings","floor":35,"turns":7},{"damage":1,"enemies":"3 Shapes","floor":37,"turns":5},{"damage":42,"enemies":"Nemesis","floor":40,"turns":9},{"damage":17,"enemies":"Sphere and 2 Shapes","floor":44,"turns":4},{"damage":2,"enemies":"3 Darklings","floor":46,"turns":4},{"damage":88,"enemies":"Awakened One","floor":50,"turns":4}],"event_choices":[{"event_name":"Dead Adventurer","player_choice":"Searched \u00270\u0027 times","floor":10,"damage_taken":0},{"event_name":"Wheel of Change","player_choice":"Card Removal","floor":20,"damage_taken":0},{"event_name":"Drug Dealer","player_choice":"Ignored","floor":21,"damage_taken":0},{"event_name":"Cursed Tome","player_choice":"Obtained Book","floor":27,"damage_taken":0},{"event_name":"Ghosts","player_choice":"Ignored","floor":30,"damage_taken":0},{"event_name":"SensoryStone","player_choice":"Memory 1","floor":38,"damage_taken":0},{"event_name":"Winding Halls","player_choice":"Writhe","floor":39,"damage_taken":0}],"boss_relics":[{"not_picked":["Lizard Tail","Velvet Choker"],"picked":"Tiny House"},{"not_picked":["White Beast Statue","Astrolabe"],"picked":"Calling Bell"}],"potions_floor_spawned":[3,4,5,12,13,14,22,31,37,44],"seed_played":"5372481743151740059","killed_by":"Awakened One","ascension_level":10,"is_trial":false}