{"path_per_floor":["M","M","$","?","M","R","?","R","T","R","M","M","R","M","R","B",null,"M","?","?","$","M","R","M","R","T","T","E","R","?","M","R"],"character_chosen":"DEFECT","items_purchased":["Reinforced Body","Self Repair","Anchor","Streamline"],"gold_per_floor":[116,126,51,51,62,62,62,62,108,108,124,143,143,154,154,252,252,271,271,271,46,64,64,84,84,84,109,141,141,141,153,153,153],"floor_reached":33,"campfire_rested":1,"playtime":1679,"current_hp_per_floor":[68,65,65,70,70,70,58,58,58,58,54,51,51,51,51,15,80,80,80,80,80,78,78,49,49,49,49,11,35,35,42,42,0],"items_purged":[],"gold":153,"score":255,"play_id":"07c48dc0-69d2-4b16-9848-cc5942106eae","local_time":"20180509195423","is_prod":false,"is_daily":false,"chose_seed":false,"is_ascension_mode":false,"campfire_upgraded":8,"timestamp":1525910063,"path_taken":["M","M","$","?","M","R","?","R","T","R","M","M","R","M","R","BOSS","M","?","?","$","M","R","M","R","T","?","E","R","?","M","R","BOSS"],"build_version":"2018-05-08","seed_source_timestamp":51659771700633,"purchased_purges":0,"victory":false,"master_deck":["Strike_B+1","Strike_B+1","Strike_B+1","Defend_B+1","Defend_B+1","Defend_B+1","Defend_B+1","Zap+1","Dualcast+1","Multi-Cast+1","Skim","Turbo+1","Reinforced Body+1","Auto Shields+1","Scrape+1","Ball Lightning","Melter","Fusion","Hologram+1","Genetic Algorithm","Defragment+1","FTL","Cold Snap","Stack","All For One","Self Repair","Streamline+1","Sweeping Beam+1","Sweeping Beam+1","Reboot","Skim"],"max_hp_per_floor":[75,75,75,80,80,80,80,80,80,80,80,80,80,80,80,80,80,80,80,80,80,80,80,80,80,80,80,80,80,80,80,80,80],"relics":["Cracked Core","War Paint","Vajra","Orrery","Anchor","Gambling Chip","Pen Nib","Lantern"],"card_choices":[{"not_picked":["Steam","Genetic Algorithm"],"picked":"Skim","floor":1},{"not_picked":["Undo","Rebound"],"picked":"Turbo","floor":2},{"not_picked":["Leap","Steam"],"picked":"Auto Shields","floor":5},{"not_picked":["Ball Lightning","Tempest"],"picked":"Scrape","floor":11},{"not_picked":["Leap","Steam"],"picked":"Ball Lightning","floor":12},{"not_picked":["Capacitor","Steam"],"picked":"Melter","floor":14},{"not_picked":["Rainbow","Reboot"],"picked":"Fusion","floor":16},{"not_picked":["Cold Snap","Skim"],"picked":"Hologram","floor":17},{"not_picked":["Sweeping Beam","Steam"],"picked":"Genetic Algorithm","floor":17},{"not_picked":["Meteor Strike","Turbo"],"picked":"Defragment","floor":17},{"not_picked":["Cold Snap","Coolheaded"],"picked":"FTL","floor":17},{"not_picked":["Capacitor","Coolheaded"],"picked":"Cold Snap","floor":17},{"not_picked":["Cold Snap","Beam Cell"],"picked":"Stack","floor":18},{"not_picked":["Self Repair","Conserve Battery"],"picked":"Sweeping Beam","floor":22},{"not_picked":["Hologram","Scrape"],"picked":"Sweeping Beam","floor":24},{"not_picked":["Cold Snap","Redo"],"picked":"Reboot","floor":28},{"not_picked":["Steam","Hologram"],"picked":"Skim","floor":31}],"player_experience":64904,"potions_floor_usage":[28,28,33,33],"damage_taken":[{"damage":7,"enemies":"Jaw Worm","floor":1,"turns":4},{"damage":3,"enemies":"2 Louse","floor":2,"turns":2},{"damage":0,"enemies":"Small Slimes","floor":5,"turns":3},{"damage":4,"enemies":"3 Louse","floor":11,"turns":3},{"damage":3,"enemies":"Red Slaver","floor":12,"turns":3},{"damage":0,"enemies":"2 Fungi Beasts","floor":14,"turns":2},{"damage":36,"enemies":"The Guardian","floor":16,"turns":9},{"damage":0,"enemies":"Spheric Guardian","floor":18,"turns":2},{"damage":2,"enemies":"2 Thieves","floor":22,"turns":4},{"damage":36,"enemies":"3 Cultists","floor":24,"turns":6},{"damage":45,"enemies":"Slavers","floor":28,"turns":6},{"damage":0,"enemies":"Sentry and Sphere","floor":31,"turns":2},{"damage":48,"enemies":"Automaton","floor":33,"turns":10}],"event_choices":[{"event_name":"Big Fish","player_choice":"Donut","floor":4,"damage_taken":0},{"event_name":"Scrap Ooze","player_choice":"success","floor":7,"damage_taken":12},{"event_name":"Back to Basics","player_choice":"Simplicity","floor":19,"damage_taken":0},{"event_name":"Transmorgrifier","player_choice":"Transform","floor":20,"damage_taken":0},{"event_name":"Drug Dealer","player_choice":"Ignored","floor":30,"damage_taken":0}],"boss_relics":[{"not_picked":["Inserter","Runic Pyramid"],"picked":"Orrery"}],"potions_floor_spawned":[5,14,16,22,28,31],"seed_played":"7225279392577356734","killed_by":"Automaton","ascension_level":0,"is_trial":false}