{"gold_per_floor":[109,109,109,127,146,146,190,190,190,190,62,86,101,101,101,222,222,243,51,66,86,99,142,142,142,165,165,185,220,41,0,0,124,187,200,200,200,223,239,239,295,295,295,310,310,326,326,350,350,350],"floor_reached":51,"playtime":4857,"items_purged":["Strike_G"],"score":687,"play_id":"576c298d-c104-46a9-9c65-fa8cd67da09a","local_time":"20180906142251","is_ascension_mode":false,"campfire_choices":[{"data":"Neutralize","floor":6.0,"key":"SMITH"},{"data":"Well Laid Plans","floor":10.0,"key":"SMITH"},{"floor":15.0,"key":"REST"},{"data":"Footwork","floor":25.0,"key":"SMITH"},{"data":"Noxious Fumes","floor":32.0,"key":"SMITH"},{"data":"Caltrops","floor":40,"key":"SMITH"},{"data":"Caltrops","floor":42,"key":"SMITH"},{"data":"Footwork","floor":45,"key":"SMITH"},{"data":"Apotheosis","floor":49,"key":"SMITH"}],"neow_cost":"NONE","seed_source_timestamp":0,"circlet_count":0,"master_deck":["Defend_G","Defend_G+1","Defend_G","Defend_G","Defend_G","Strike_G","Strike_G","Strike_G","Strike_G","Survivor","Neutralize+1","Well Laid Plans+1","Well Laid Plans","Caltrops+1","Dagger Spray","Caltrops+1","PiercingWail","Adrenaline","Deflect+1","Master of Strategy","PiercingWail","Footwork+1","Leg Sweep","PiercingWail","Noxious Fumes+1","Backflip","Footwork+1","Footwork+1","Backstab+1","Noxious Fumes+1","Outmaneuver+1","Apotheosis+1"],"special_seed":0,"relics":["Ring of the Snake","NeowsBlessing","Golden Idol","Bird Faced Urn","Singing Bowl","Gambling Chip","Sozu","Happy Flower","Question Card","Dream Catcher","Omamori","Tiny House","Unceasing Top","Anchor"],"potions_floor_usage":[35],"damage_taken":[{"damage":0.0,"enemies":"Jaw Worm","floor":1.0,"turns":1.0},{"damage":0.0,"enemies":"2 Louse","floor":4.0,"turns":1.0},{"damage":0.0,"enemies":"Small Slimes","floor":5.0,"turns":1.0},{"damage":16.0,"enemies":"Gremlin Nob","floor":7.0,"turns":5.0},{"damage":9.0,"enemies":"Blue Slaver","floor":12.0,"turns":3.0},{"damage":7.0,"enemies":"Looter","floor":13.0,"turns":3.0},{"damage":23.0,"enemies":"The Guardian","floor":16.0,"turns":14.0},{"damage":6.0,"enemies":"3 Byrds","floor":18.0,"turns":3.0},{"damage":0.0,"enemies":"Chosen","floor":20.0,"turns":8.0},{"damage":6.0,"enemies":"3 Cultists","floor":21.0,"turns":5.0},{"damage":3.0,"enemies":"Shelled Parasite and Fungi","floor":22.0,"turns":8.0},{"damage":8.0,"enemies":"Slavers","floor":23.0,"turns":6.0},{"damage":0.0,"enemies":"Snake Plant","floor":28.0,"turns":5.0},{"damage":7.0,"enemies":"Book of Stabbing","floor":29.0,"turns":7.0},{"damage":12.0,"enemies":"Automaton","floor":33.0,"turns":14.0},{"damage":0,"enemies":"3 Shapes","floor":35,"turns":6},{"damage":0,"enemies":"Orb Walker","floor":38,"turns":6},{"damage":0,"enemies":"3 Darklings","floor":39,"turns":5},{"damage":4,"enemies":"Mysterious Sphere","floor":41,"turns":7},{"damage":6,"enemies":"Spire Growth","floor":44,"turns":8},{"damage":8,"enemies":"Reptomancer","floor":46,"turns":7},{"damage":0,"enemies":"Transient","floor":48,"turns":5},{"damage":13,"enemies":"Awakened One","floor":50,"turns":17}],"seed_played":"3193098050140260667","potions_obtained":[{"floor":1.0,"key":"Fire Potion"},{"floor":12.0,"key":"Explosive Potion"},{"floor":13.0,"key":"SteroidPotion"},{"floor":16.0,"key":"Block Potion"}],"is_trial":false,"path_per_floor":["M","?","?","M","M","R","E","?","T","R","$","M","M","?","R","B",null,"M","$","M","M","M","E","?","R","T","?","M","E","$","?","R","B",null,"M","?","?","M","M","R","?","R","T","M","R","M","?","M","R","B"],"character_chosen":"THE_SILENT","items_purchased":["Caltrops","Dagger Spray","Master of Strategy","Noxious Fumes","Backflip"],"campfire_rested":1,"item_purchase_floors":[11,11,19,30,30],"current_hp_per_floor":[70,53,53,53,53,53,37,34,34,34,34,31,32,32,53,40,72,66,66,72,68,73,68,68,68,68,68,76,69,69,69,69,68,85,85,81,81,81,81,81,79,79,79,83,83,81,81,87,87,76],"gold":350,"neow_bonus":"THREE_ENEMY_KILL","is_prod":false,"is_daily":false,"chose_seed":false,"campfire_upgraded":8,"win_rate":0,"timestamp":1536258171,"path_taken":["M","?","?","?","M","R","E","?","T","R","$","?","M","?","R","BOSS","M","$","M","M","?","E","?","R","T","?","M","E","$","?","R","BOSS","M","?","?","M","M","R","?","R","T","M","R","M","?","?","R","BOSS"],"build_version":"2018-08-30","purchased_purges":1,"victory":true,"max_hp_per_floor":[70,70,70,70,70,70,70,70,70,70,70,70,70,70,70,72,72,72,72,72,74,76,76,76,76,76,76,76,76,76,76,76,78,85,85,81,81,81,81,81,83,83,83,83,83,85,85,87,87,87],"card_choices":[{"not_picked":["Outmaneuver","Blade Dance"],"picked":"Well Laid Plans","floor":1.0},{"not_picked":["Accuracy","Endless Agony","Deflect"],"picked":"SKIP","floor":4.0},{"not_picked":["Setup","Sucker Punch","Deflect"],"picked":"SKIP","floor":5.0},{"not_picked":["Deflect","Outmaneuver"],"picked":"Well Laid Plans","floor":7.0},{"not_picked":["Catalyst","Accuracy"],"picked":"Caltrops","floor":12.0},{"not_picked":["Sucker Punch","Poisoned Stab"],"picked":"PiercingWail","floor":13.0},{"not_picked":["Grand Finale","Unload","Envenom"],"picked":"Singing Bowl","floor":16.0},{"not_picked":["Eviscerate","Dagger Throw"],"picked":"Deflect+1","floor":18.0},{"not_picked":["Flechettes","Underhanded Strike+1"],"picked":"PiercingWail","floor":20.0},{"not_picked":["Bane","Catalyst","Setup"],"picked":"Singing Bowl","floor":21.0},{"not_picked":["Poisoned Stab","Bane","Flying Knee+1"],"picked":"Singing Bowl","floor":22.0},{"not_picked":["Choke","Burst"],"picked":"Footwork","floor":23.0},{"not_picked":["Choke","Setup+1","Predator"],"picked":"Leg Sweep","floor":28.0},{"not_picked":["Finisher","Catalyst","Poisoned Stab+1"],"picked":"PiercingWail","floor":29.0},{"not_picked":["Burst","Corpse Explosion","Wraith Form v2","Envenom"],"picked":"Singing Bowl","floor":33.0},{"not_picked":["Crippling Poison+1","Deadly Poison+1","Prepared","Flying Knee+1"],"picked":"Singing Bowl","floor":34},{"not_picked":["Underhanded Strike","Blur","Distraction"],"picked":"Footwork","floor":35},{"not_picked":["Dagger Spray+1","Slice+1","Backflip"],"picked":"Backstab+1","floor":38},{"not_picked":["Catalyst","PiercingWail+1","Deadly Poison"],"picked":"Noxious Fumes+1","floor":39},{"not_picked":["Dagger Throw","Skewer","Bane+1","Dagger Spray+1"],"picked":"Singing Bowl","floor":41},{"not_picked":["Calculated Gamble+1","Dagger Throw","Unload"],"picked":"Outmaneuver+1","floor":44},{"not_picked":["Calculated Gamble","PiercingWail+1","Poisoned Stab+1","Quick Slash+1"],"picked":"Singing Bowl","floor":46},{"not_picked":["Trip","Chrysalis","Mind Blast"],"picked":"Apotheosis","floor":47},{"not_picked":["Blade Dance","Backflip","Setup+1","Cloak And Dagger"],"picked":"Singing Bowl","floor":48}],"player_experience":819202,"relics_obtained":[{"floor":7.0,"key":"Bird Faced Urn"},{"floor":9.0,"key":"Gambling Chip"},{"floor":23.0,"key":"Happy Flower"},{"floor":26.0,"key":"Dream Catcher"},{"floor":29.0,"key":"Omamori"},{"floor":41,"key":"Unceasing Top"},{"floor":43,"key":"Anchor"}],"event_choices":[{"event_name":"Golden Idol","player_choice":"Take Damage","floor":2.0,"damage_taken":0.0},{"event_name":"Golden Wing","player_choice":"Ignored","floor":3.0,"damage_taken":0.0},{"event_name":"Scrap Ooze","player_choice":"success","floor":8.0,"damage_taken":3.0},{"event_name":"Match and Keep!","player_choice":"1 cards matched","floor":14.0,"damage_taken":0.0},{"event_name":"The Mausoleum","player_choice":"Yes","floor":24.0,"damage_taken":0.0},{"event_name":"The Lab","player_choice":"Got Potions","floor":27.0,"damage_taken":0.0},{"event_name":"Masked Bandits","player_choice":"Paid Fearfully","floor":31.0,"damage_taken":0.0},{"event_name":"Winding Halls","player_choice":"Max HP","floor":36,"damage_taken":0},{"event_name":"Duplicator","player_choice":"One dupe","floor":37,"damage_taken":0},{"event_name":"Mysterious Sphere","player_choice":"Fight","floor":41,"damage_taken":0},{"event_name":"SensoryStone","player_choice":"Memory 1","floor":47,"damage_taken":0}],"is_beta":false,"boss_relics":[{"not_picked":["Black Star","Ectoplasm"],"picked":"Sozu"},{"not_picked":["HoveringKite","Philosopher\u0027s Stone"],"picked":"Tiny House"}],"items_purged_floors":[30],"is_endless":false,"potions_floor_spawned":[1,12,13,16,18,28,29,33,35,41],"ascension_level":0}