{"path_per_floor":["M","M","?","M","M","R","E","R","T","R","M","M","M","M","R","B",null,"M","?","?","M","$","R","E","R","T","M","?"],"character_chosen":"THE_SILENT","items_purchased":["Block Potion"],"gold_per_floor":[113,127,127,143,160,160,187,187,187,187,203,219,236,256,256,358,388,406,406,406,419,368,368,403,403,403,414,329,329],"floor_reached":29,"campfire_rested":0,"playtime":2055,"current_hp_per_floor":[63,63,63,61,61,61,31,31,31,31,31,31,37,37,37,35,61,51,51,47,45,45,45,20,20,20,34,34,0],"items_purged":[],"gold":329,"score":334,"play_id":"1a1b29a8-5f2b-4f2c-9164-839bd3ab9e27","local_time":"20180503232250","is_prod":false,"is_daily":false,"chose_seed":false,"is_ascension_mode":true,"campfire_upgraded":6,"timestamp":1525404170,"path_taken":["M","M","?","M","?","R","E","R","T","R","M","M","M","?","R","BOSS","M","?","?","?","?","R","E","R","T","?","?","E"],"build_version":"2018-04-28v2","seed_source_timestamp":174946742972534,"purchased_purges":0,"victory":false,"master_deck":["Defend_G","Defend_G","Defend_G","Defend_G","Defend_G","Survivor+1","Neutralize+1","Quick Slash+1","Dash+1","Dagger Throw+1","Calculated Gamble+1","Well Laid Plans","Backstab","Flying Knee+1","Acrobatics+1","Prepared","Burst","Underhanded Strike","Reflex+1","Bite","Bite","Bite","Bite","Bite","Predator","Grand Finale","Blade Dance+1"],"max_hp_per_floor":[63,63,63,63,63,63,63,63,63,63,63,63,63,63,63,63,68,68,68,47,47,47,47,47,47,47,47,47,47],"relics":["Ring of the Snake","Sundial","Vajra","Ornamental Fan","Tiny House","Tough Bandages","Frozen Egg 2","Orichalcum"],"card_choices":[{"not_picked":["Flying Knee","Sucker Punch"],"picked":"Quick Slash","floor":1},{"not_picked":["Flying Knee","Outmaneuver"],"picked":"Dash","floor":2},{"not_picked":["Poisoned Stab","Sucker Punch"],"picked":"Dagger Throw","floor":4},{"not_picked":["Deadly Poison","Underhanded Strike"],"picked":"Calculated Gamble","floor":5},{"not_picked":["Cloak And Dagger","Quick Slash"],"picked":"Well Laid Plans","floor":7},{"not_picked":["All Out Attack","Riddle With Holes"],"picked":"Backstab","floor":11},{"not_picked":["Accuracy","Eviscerate"],"picked":"Flying Knee","floor":12},{"not_picked":["Backflip","PiercingWail"],"picked":"Acrobatics","floor":13},{"not_picked":["Accuracy","Flying Knee"],"picked":"Prepared","floor":14},{"not_picked":["Adrenaline","A Thousand Cuts"],"picked":"Burst","floor":16},{"not_picked":["Backflip","Outmaneuver"],"picked":"Underhanded Strike","floor":17},{"not_picked":["Malaise","Cloak And Dagger"],"picked":"Reflex","floor":18},{"not_picked":["Blur","Deflect"],"picked":"Predator","floor":21},{"not_picked":["Accuracy","Acrobatics"],"picked":"Grand Finale","floor":24},{"not_picked":["Underhanded Strike","Prepared"],"picked":"Blade Dance","floor":27}],"player_experience":416723,"potions_floor_usage":[13,14,16,18,18,24,29],"damage_taken":[{"damage":0,"enemies":"2 Louse","floor":1,"turns":5},{"damage":0,"enemies":"Cultist","floor":2,"turns":3},{"damage":2,"enemies":"Small Slimes","floor":4,"turns":5},{"damage":0,"enemies":"3 Louse","floor":5,"turns":4},{"damage":30,"enemies":"Lagavulin","floor":7,"turns":9},{"damage":0,"enemies":"2 Fungi Beasts","floor":11,"turns":3},{"damage":0,"enemies":"Red Slaver","floor":12,"turns":2},{"damage":9,"enemies":"Exordium Thugs","floor":13,"turns":7},{"damage":0,"enemies":"Exordium Wildlife","floor":14,"turns":4},{"damage":2,"enemies":"Hexaghost","floor":16,"turns":9},{"damage":10,"enemies":"2 Thieves","floor":18,"turns":4},{"damage":2,"enemies":"Shell Parasite","floor":21,"turns":4},{"damage":33,"enemies":"Slavers","floor":24,"turns":6},{"damage":0,"enemies":"Chosen and Byrds","floor":27,"turns":7},{"damage":46,"enemies":"Gremlin Leader","floor":29,"turns":6}],"event_choices":[{"event_name":"Accursed Blacksmith","player_choice":"Forge","floor":3,"damage_taken":0},{"event_name":"Ghosts","player_choice":"Ignored","floor":19,"damage_taken":0},{"event_name":"Vampires","player_choice":"Became a vampire","floor":20,"damage_taken":0},{"event_name":"Addict","player_choice":"Obtained Relic","floor":28,"damage_taken":0}],"boss_relics":[{"not_picked":["Velvet Choker","Orrery"],"picked":"Tiny House"}],"potions_floor_spawned":[4,7,11,12,14,27],"seed_played":"113657198116294582","killed_by":"Gremlin Leader","ascension_level":5,"is_trial":false}