{"path_per_floor":["M","M","M","M","$","E","R","E","T","R","?","E","M","M","R","B",null,"M","?","?","M","M","R","M","E","T","M"],"character_chosen":"IRONCLAD","items_purchased":["Oddly Smooth Stone"],"gold_per_floor":[111,129,145,158,12,44,44,70,149,149,149,177,197,207,207,310,310,321,271,271,282,301,301,316,348,374,388,388],"floor_reached":28,"campfire_rested":1,"playtime":1813,"current_hp_per_floor":[65,65,64,61,61,60,60,41,41,41,41,23,29,35,56,48,72,60,60,44,42,36,36,42,27,27,17,0],"items_purged":[],"gold":388,"score":288,"play_id":"8433a19b-4029-4ef0-ba12-154292e1e5d4","local_time":"20180501214246","is_prod":false,"is_daily":false,"chose_seed":false,"is_ascension_mode":true,"campfire_upgraded":3,"timestamp":1525225366,"path_taken":["M","M","M","M","$","E","R","E","T","R","?","E","M","M","R","BOSS","M","?","?","M","M","R","M","E","T","M","M"],"build_version":"2018-04-28v2","seed_source_timestamp":450284989703131,"purchased_purges":0,"victory":false,"master_deck":["Strike_R","Strike_R+1","Strike_R+1","Strike_R","Strike_R","Defend_R","Defend_R","Defend_R","Defend_R","Bash","Demon Form+1","Headbutt","Metallicize+1","Clothesline","Perfected Strike","Shrug It Off+1","Heavy Blade","Thunderclap","Double Tap","Heavy Blade+1","Pommel Strike+1","True Grit+1","Metallicize","Warcry+1","Disarm+1"],"max_hp_per_floor":[72,72,72,72,72,72,72,72,72,72,72,72,72,72,72,72,72,72,72,72,72,72,72,72,72,72,72,72],"relics":["Burning Blood","Oddly Smooth Stone","Pantograph","Champion Belt","Question Card","Ancient Tea Set","Velvet Choker","Nilry\u0027s Codex","Omamori","Whetstone"],"card_choices":[{"not_picked":["Feed","Brutality"],"picked":"Demon Form","floor":0},{"not_picked":["Wild Strike","Cleave"],"picked":"Headbutt","floor":2},{"not_picked":["Reckless Charge","Wild Strike"],"picked":"Metallicize","floor":3},{"not_picked":["Warcry","Clash"],"picked":"Clothesline","floor":4},{"not_picked":["Rupture","Bloodletting"],"picked":"Perfected Strike","floor":6},{"not_picked":["Body Slam","Bloodletting"],"picked":"Shrug It Off","floor":8},{"not_picked":["Iron Wave","Sword Boomerang","Twin Strike"],"picked":"Heavy Blade","floor":13},{"not_picked":["Sever Soul","Cleave","Dropkick"],"picked":"Thunderclap","floor":14},{"not_picked":["Fiend Fire","Dark Embrace","Juggernaut"],"picked":"Double Tap","floor":16},{"not_picked":["Cleave","Body Slam","Headbutt"],"picked":"Heavy Blade","floor":18},{"not_picked":["Sentinel","Cleave","Iron Wave"],"picked":"Pommel Strike","floor":21},{"not_picked":["Heavy Blade","Flex","Corruption"],"picked":"True Grit","floor":22},{"not_picked":["Armaments","Dropkick","Evolve"],"picked":"Metallicize","floor":24},{"not_picked":["Disarm","Body Slam","Flex"],"picked":"Warcry","floor":25},{"not_picked":["Body Slam","Headbutt","Combust"],"picked":"Disarm","floor":27}],"player_experience":343548,"potions_floor_usage":[12,13,16,21,22,25,25],"damage_taken":[{"damage":13,"enemies":"Jaw Worm","floor":1,"turns":5},{"damage":6,"enemies":"Cultist","floor":2,"turns":3},{"damage":7,"enemies":"2 Louse","floor":3,"turns":3},{"damage":9,"enemies":"Red Slaver","floor":4,"turns":4},{"damage":7,"enemies":"Lagavulin","floor":6,"turns":7},{"damage":25,"enemies":"Gremlin Nob","floor":8,"turns":5},{"damage":24,"enemies":"3 Sentries","floor":12,"turns":6},{"damage":0,"enemies":"Exordium Wildlife","floor":13,"turns":3},{"damage":0,"enemies":"Blue Slaver","floor":14,"turns":4},{"damage":30,"enemies":"Hexaghost","floor":16,"turns":6},{"damage":18,"enemies":"2 Thieves","floor":18,"turns":4},{"damage":8,"enemies":"Shell Parasite","floor":21,"turns":5},{"damage":24,"enemies":"Snake Plant","floor":22,"turns":5},{"damage":0,"enemies":"Centurion and Healer","floor":24,"turns":4},{"damage":24,"enemies":"Slavers","floor":25,"turns":2},{"damage":16,"enemies":"Cultist and Chosen","floor":27,"turns":7},{"damage":19,"enemies":"3 Cultists","floor":28,"turns":3}],"event_choices":[{"event_name":"The Lab","player_choice":"Got Potions","floor":11,"damage_taken":0},{"event_name":"The Joust","player_choice":"Bet on Owner","floor":19,"damage_taken":0},{"event_name":"Cursed Tome","player_choice":"Obtained Book","floor":20,"damage_taken":0}],"boss_relics":[{"not_picked":["Sozu","Runic Pyramid"],"picked":"Velvet Choker"}],"potions_floor_spawned":[2,3,12,14,22,24],"seed_played":"7961256201573398328","killed_by":"3 Cultists","ascension_level":2,"is_trial":false}