{"path_per_floor":["M","$","?","M","M","R","?","E","T","$","M","R","?","M","R","B",null,"M","?","$","M","?","M","R","M","T"],"character_chosen":"THE_SILENT","items_purchased":["Noxious Fumes","Master of Strategy","Singing Bowl","Unload"],"gold_per_floor":[363,80,80,99,118,118,148,182,230,1,19,19,19,34,34,134,134,153,78,6,21,21,36,36,48,75],"floor_reached":27,"campfire_rested":3,"playtime":2229,"current_hp_per_floor":[35,35,35,29,18,39,39,14,14,14,14,35,28,30,30,5,72,52,52,52,43,34,34,57,26,26],"items_purged":["Regret"],"gold":75,"play_id":"a5769115-0a05-4ccc-8c3f-b8a2cf02f694","is_prod":false,"is_daily":false,"campfire_rituals":0,"campfire_upgraded":1,"is_hardmode":false,"path_taken":["M","$","?","M","?","R","?","E","T","?","M","R","?","?","R","BOSS","M","?","$","M","?","M","R","?","T","E"],"build_version":"2018-01-11-PROD2","purchased_purges":1,"victory":false,"master_deck":["Defend_G","Defend_G","Defend_G","Defend_G","Defend_G","Strike_G","Strike_G","Strike_G","Survivor","Neutralize","Sucker Punch","Noxious Fumes","Master of Strategy","Dash","Flying Knee","Tactician","Noxious Fumes","Venomology","Well Laid Plans","Unload","Quick Slash","Outmaneuver","Venomology"],"max_hp_per_floor":[70,70,70,70,70,70,70,70,70,70,70,70,70,72,72,72,72,72,72,72,72,77,77,77,77,77],"relics":["Ring of the Snake","Ornamental Fan","Ancient Tea Set","Tough Bandages","Bronze Scales","Singing Bowl","Black Star","Blood Vial"],"campfire_meditates":0,"card_choices":[{"not_picked":["Malaise","Caltrops"],"picked":"Sucker Punch"},{"not_picked":["Corpse Explosion","Outmaneuver"],"picked":"Dash"},{"not_picked":["Deflect","Choke"],"picked":"Flying Knee"},{"not_picked":["Masterful Stab","Reflex"],"picked":"Tactician"},{"not_picked":["PiercingWail","Underhanded Strike"],"picked":"Noxious Fumes"},{"not_picked":["Burst","Bullet Time"],"picked":"Venomology"},{"not_picked":["Bane","Quick Slash"],"picked":"Well Laid Plans"},{"not_picked":["Blade Dance","Well Laid Plans"],"picked":"Quick Slash"},{"not_picked":["Calculated Gamble","Flying Knee"],"picked":"Outmaneuver"},{"not_picked":["Underhanded Strike","Deadly Poison"],"picked":"Venomology"}],"player_experience":183442,"potions_floor_usage":[8,16,21,21,21,23,27,27,27,27],"damage_taken":[{"damage":0,"enemies":"2 Louse","floor":1,"turns":3},{"damage":6,"enemies":"Cultist","floor":4,"turns":4},{"damage":11,"enemies":"Blue Slaver","floor":5,"turns":5},{"damage":25,"enemies":"Lagavulin","floor":8,"turns":6},{"damage":0,"enemies":"Looter","floor":11,"turns":4},{"damage":0,"enemies":"3 Louse","floor":14,"turns":2},{"damage":25,"enemies":"The Guardian","floor":16,"turns":9},{"damage":20,"enemies":"Chosen","floor":18,"turns":6},{"damage":9,"enemies":"2 Thieves","floor":21,"turns":4},{"damage":0,"enemies":"Snake Plant","floor":23,"turns":4},{"damage":31,"enemies":"Snecko","floor":25,"turns":6},{"damage":41,"enemies":"Slavers","floor":27,"turns":2}],"event_choices":[{"event_name":"Big Fish","player_choice":"Box","floor":3,"damage_taken":0},{"event_name":"Dead Adventurer","player_choice":"Searched \u00273\u0027 times","floor":7,"damage_taken":0},{"event_name":"Golden Wing","player_choice":"Card Removal","floor":13,"damage_taken":0},{"event_name":"Beggar","player_choice":"Gave Gold","floor":19,"damage_taken":0},{"event_name":"Forgotten Altar","player_choice":"Shed Blood","floor":22,"damage_taken":0}],"boss_relics":[{"not_picked":["Astrolabe","Runic Pyramid"],"picked":"Black Star"}],"potions_floor_spawned":[4,8,16,18,21],"seed_played":"3613389604349506365","killed_by":"Slavers","is_trial":false}